3354 5504
660 283 834 336 rmum.
870 283 1021 350 emera
1154 262 1157 267 ’
1373 316 1375 320 a
1422 280 1513 348 1321

163 460 274 543 prodiit
296 462 438 542 aequatio
460 462 601 543 physica,
626 463 673 524 cui
693 462 750 527 fnit
772 463 964 543 adjungenda
983 462 1083 543 optica
1098 462 1209 543 capitis
1231 460 1350 526 XXIX.
1373 460 1516 525 methodo
1609 538 1611 543 ,

164 571 228 614 enm
252 551 331 631 ipsis
355 552 508 613 distantiis
531 552 663 626 inventa,
687 559 723 615 nt
743 552 903 614 haberetur
925 559 1000 614 tota.

250 641 350 722 Atqui
378 659 445 705 oum
477 641 553 702 haec
579 641 658 703 ratio
689 640 731 702 sit
762 640 937 703 mechanica
965 648 996 702 et
1023 641 1176 716 taediosa,
1207 660 1264 703 nec
1286 645 1391 721 posset
1420 650 1458 700 ex
1480 657 1517 700 ea

162 729 365 810 cujuscunque
386 730 498 809 gradus
521 730 668 804 solitarii,
702 731 813 791 ceteris
837 731 993 809 sepositis,
1019 732 1157 810 aequatio
1181 729 1361 811 computari,
1386 729 1514 790 circnm-

161 818 248 900 spexi
273 819 311 881 de
334 818 402 880 aliis
424 818 541 882 mediis.
589 819 722 900 Cumque
746 820 869 892 scirem,
903 820 1018 882 infinita
1047 839 1115 882 esse
1141 826 1255 900 puncta
1277 816 1451 892 eccentrici,
1482 823 1515 878 et

162 907 329 971 distantias
352 927 452 968 earnm
476 908 623 981 infinitas,
658 909 767 983 subiit,
791 909 820 969 in
844 909 934 987 plano
958 909 1117 971 eccentrici
1146 909 1201 970 has
1225 908 1388 970 distantias
1412 925 1514 968 omnes

160 997 274 1060 inesse.
318 996 398 1060 Nam
428 997 639 1071 memineram„
667 997 710 1058 sic
741 998 812 1065 olim
845 1005 876 1058 et
903 999 1129 1073 Archimedem,
1162 1018 1228 1060 cnm
1256 993 1513 1060 circumferentiae

160 1085 384 1168 proportionem
409 1087 448 1146 ad
474 1087 650 1147 diametrum
673 1094 843 1167 quaereret,
877 1086 1019 1148 circulum
1041 1088 1071 1148 iu
1094 1087 1213 1149 infinita
1238 1085 1391 1165 triangula
1413 1084 1513 1147 disse-

161 1176 278 1238 cuisse:
303 1195 373 1236 nam
390 1175 466 1236 haec
481 1175 527 1236 vis
546 1176 665 1237 occulta
688 1183 736 1237 est
758 1177 821 1255 ejus
842 1176 1105 1239 demonstrationis
1119 1196 1173 1256 per
1195 1175 1380 1257 impossibile
1399 1173 1513 1235 ducen-

161 1264 210 1328 n‘s.
253 1262 357 1335 Quare
381 1283 434 1343 pro
458 1283 503 1338 eo,
529 1265 606 1344 quod
630 1264 712 1343 prius
731 1266 1000 1327 circumferentiam
1023 1266 1053 1327 in
1072 1263 1137 1330 360
1151 1274 1254 1345 partes
1278 1264 1429 1335 secabam,
1448 1262 1514 1341 jam
1629 1283 1631 1288 ·

159 1353 283 1435 planum
305 1352 410 1415 circuli
433 1354 594 1415 eccentrici
617 1354 646 1414 in
670 1355 797 1416 totidem
821 1354 913 1428 secui,
939 1354 1025 1416 lineis
1049 1364 1229 1436 expuncto,
1252 1355 1331 1416 nude
1354 1359 1513 1432 compnta-

159 1451 208 1507 tnr
232 1443 453 1516 eccentricitas,
478 1442 604 1504 eductis.

250 1531 301 1594 Sit
323 1531 380 1594 AB
404 1531 484 1592 linea
506 1532 645 1610 augium,
668 1531 699 1594 A
722 1531 777 1593 Sol
801 1531 864 1604 (vel
887 1534 983 1594 Terra
1188 1534 1243 1597 lig.
1264 1528 1306 1582 9¹·

160 1620 375 1694 Ptolemaeo);
406 1621 432 1682 B
456 1629 589 1682 centrum
613 1620 772 1682 eccentrici
796 1619 862 1695 CD,
899 1620 984 1699 cujus

161 1709 370 1773 semicirculus
394 1707 449 1772 CD
473 1710 626 1771 dividatur
648 1708 677 1770 in
705 1719 810 1789 partes
842 1711 984 1791 aequales

161 1807 351 1880 quotcunque
383 1797 450 1872 CG,
484 1798 553 1873 GH,
584 1798 651 1873 HE,
684 1799 738 1873 El,
767 1798 823 1873 IK,
851 1799 920 1874 ΚΒ,
953 1809 985 1861 et
1072 1865 1075 1873 ,

161 1895 379 1951 connectantur
402 1885 446 1962 A,
469 1888 496 1949 Β
519 1895 631 1968 puncta
658 1907 725 1949 cum
755 1889 876 1968 punctis
904 1887 984 1949 divi·
1073 1884 1075 1892 ’

162 1977 290 2040 sionnm.
328 1977 426 2038 Erunt
443 1977 536 2056 igitur
551 1975 608 2039 Ac
634 1975 810 2057 longissima
828 1977 984 2050 distantia,

161 2065 442 2139 austerissima,
473 2075 593 2128 ceterae
621 2086 659 2127 ex
692 2065 794 2127 ordine
818 2065 889 2140 AG',
913 2067 983 2140 ΑΒ,
1036 2083 1055 2127 r

160 2156 227 2231 tn,
251 2155 310 2229 AI,
334 2154 403 2217 ΑΚ.
443 2153 518 2218 Cum
541 2155 634 2235 igitur
655 2154 807 2234 triangula
825 2155 985 2235 aeqnealta

162 2244 226 2307 sint
248 2252 286 2306 nt
306 2245 408 2317 bases,
432 2252 464 2306 et
482 2253 616 2306 sectores
640 2243 704 2306 sive
723 2245 875 2324 triangula
890 2242 985 2316 CBG,

163 2331 250 2397 ΕΒΗ
275 2333 462 2411 etreliqua,
493 2333 666 2397 insistentia
695 2333 833 2413 partibus
857 2334 984 2395 circum-

162 2422 309 2485 ferentiae
340 2421 471 2484 minimis
504 2423 629 2504 ideoque
654 2443 673 2482 a
696 2422 787 2507 rectis
816 2442 873 2483 non
898 2423 985 2483 diffe-

161 2511 314 2584 rentibus,
348 2511 447 2572 omnia
470 2513 596 2573 eandem
623 2512 757 2573 habeant
786 2512 984 2586 altitudinem,

160 2601 300 2663 cruribus
315 2597 378 2673 BC,
392 2599 460 2672 BG,
477 2601 534 2663 BH
548 2601 742 2681 aequalibus:
768 2602 868 2663 omnia
893 2600 984 2680 igitur

159 2698 248 2752 erunt
271 2687 417 2769 aequalia.
455 2689 516 2751 Sed
540 2689 569 2751 in
590 2709 661 2751 area
680 2688 762 2751 CDE
786 2691 889 2751 insunt
910 2690 985 2753 haec
1007 2691 1160 2772 triangula
1183 2690 1291 2763 omnia,
1315 2687 1396 2751 etin
1418 2688 1517 2748 semi--

161 2777 405 2841 circumferentia
420 2776 502 2841 GED
521 2779 624 2840 insunt
639 2798 726 2840 arcus
743 2798 797 2839 ceu
812 2780 902 2840 bases
918 2798 1032 2843 omnes.
1070 2779 1171 2852 Quare
1185 2799 1238 2859 per
1254 2774 1510 2856 compositionem,

162 2876 193 2930 ut
215 2887 292 2928 area
316 2864 398 2928 CDE
421 2868 460 2927 ad
484 2887 584 2929 arcum
603 2865 702 2941 CED,
721 2867 764 2929 sic
788 2887 860 2929 area
875 2866 960 2929 CBG
982 2872 1021 2932 ad
1044 2890 1144 2932 arcum
1160 2868 1232 2942 CG;
1256 2877 1288 2929 et
1309 2865 1509 2946 permutatim,

161 2966 193 3019 nt
209 2954 297 3019 CED
320 2974 409 3017 arcus
433 2957 471 3017 ad
488 2955 555 3030 CG,
572 2955 629 3019 CH
652 2964 684 3016 et
707 2957 840 3036 singulos
864 2957 977 3033 ordine,
1002 2960 1046 3022 sie
1064 2978 1137 3020 area
1151 2957 1234 3022 CDE
1257 2956 1297 3017 ad
1311 2973 1398 3017 areas
1415 2951 1509 3027 GBG,

161 3043 247 3109 GBH
271 3052 304 3105 et
326 3043 462 3123 singulas
494 3045 606 3108 ordine.
654 3045 756 3116 Quare
786 3047 859 3110 nihil
890 3058 1049 3127 peccatur,
1081 3049 1108 3110 si
1134 3066 1189 3128 pro
1211 3046 1338 3107 arcnbns
1370 3061 1458 3104 areae
1481 3041 1512 3103 in

160 3134 239 3197 hune
263 3132 385 3196 modum
399 3141 578 3209 tractentur,
602 3140 634 3195 et
647 3153 701 3214 pro
716 3135 836 3215 angulis
859 3138 1027 3201 anomaliae
1051 3135 1181 3199 eccentri
1196 3133 1290 3210 CBG,
1307 3131 1399 3206 CBH,
1424 3149 1512 3194 areae

163 3221 262 3298 GGB,
288 3219 382 3285 GHB.
1551 3220 1557 3234 '

249 3311 361 3387 Porro,
391 3310 640 3391 quemadmodum
662 3320 763 3373 rectae
793 3332 831 3374 ex
853 3313 879 3374 Β
903 3316 942 3376 ad
969 3315 1101 3377 infinitas
1130 3320 1234 3395 partes
1257 3308 1511 3373 circumferentiae

160 3406 308 3465 extensae
331 3404 435 3463 om'nes
456 3398 489 3461 in
511 3419 583 3462 area
606 3399 784 3463 semicirculi
809 3401 891 3466 CDE
920 3406 1034 3479 insunt,
1064 3411 1095 3466 et
1117 3411 1218 3465 rectae
1241 3419 1279 3461 ex
1300 3399 1327 3460 Β
1351 3400 1389 3460 ad
1411 3398 1511 3459 inlini-

160 3498 211 3555 tn
233 3495 342 3571 partes
364 3507 453 3552 mone
474 3487 531 3552 CH
545 3497 700 3562 extensae,
723 3509 825 3552 omnes
849 3490 879 3553 in
893 3513 966 3555 area
989 3492 1072 3557 CBH
1094 3494 1214 3555 insunt:
1239 3489 1283 3551 ita
1301 3488 1392 3550 etiam
1410 3495 1511 3550 rectae

160 3598 199 3643 ex
220 3580 254 3643 Δ
277 3579 317 3639 ad
348 3578 470 3641 easdem
503 3579 758 3641 oucnmferentiae
788 3580 836 3641 vel
867 3602 955 3643 arcus
985 3590 1090 3661 partes
1122 3580 1253 3644 infinitas
1280 3578 1359 3640 idem
1388 3575 1510 3638 faciunt.

160 3664 381 3749 Gumdenique
404 3675 558 3749 utraeque,
581 3677 614 3730 et
636 3688 711 3750 quae
735 3688 772 3729 ex
785 3668 812 3729 Β
827 3678 858 3731 et
881 3691 956 3751 quae
980 3691 1018 3731 er
1040 3672 1080 3745 A,
1103 3690 1191 3733 unum
1215 3675 1248 3730 et
1268 3666 1395 3729 eundem
1418 3665 1511 3727 semi-

160 3756 306 3822 circulum
335 3753 417 3818 GDE
445 3756 603 3836 impleant,
628 3777 691 3819 -eae
715 3776 795 3832 vero,
829 3780 904 3840 quae
935 3780 973 3821 ex
994 3761 1024 3823 A
1048 3760 1226 3831 educuntur,
1259 3757 1322 3819 sint
1349 3755 1510 3818 distantiae

161 3845 258 3928 ipsae,
275 3864 400 3928 quarum
415 3864 532 3909 summa
542 3847 709 3928 quaeritur:
725 3846 794 3908 hinc
804 3849 980 3911 concludere
993 3848 1066 3910 mihi
1084 3848 1218 3922 videbar,
1238 3853 1412 3924 computata
1425 3841 1511 3906 CAH

159 3936 210 3998 rel
239 3934 327 4000 ΘΑΕ
355 3952 442 4010 mea,
476 3955 622 3997 summam
652 3936 755 3999 haberi
783 3935 964 4000 infinitarum
986 3937 1197 4017 distantiarum
1224 3936 1255 3998 in
1284 3934 1340 3999 cfl
1362 3933 1412 3996 vel
1439 3930 1508 3995 OE:

161 4044 221 4089 non
245 4023 327 4106 quod
349 4022 497 4086 infinitum
519 4026 697 4104 pertransiri
719 4026 829 4105 possit,
853 4029 906 4089 sed
930 4027 1007 4109 qnod
1031 4025 1202 4099 facultatis,
1227 4044 1286 4106 qna
1307 4024 1422 4104 pollent
1443 4022 1508 4085 dis-

159 4114 277 4177 tantiae
310 4113 350 4175 ad
380 4132 481 4176 moras
513 4115 758 4183 accumulandas‚
792 4116 936 4178 collectae
959 4134 1128 4179 mensuram
1158 4114 1189 4177 in
1217 4115 1275 4176 hec
1305 4133 1378 4176 area
1408 4113 1508 4176 messe

159 4210 316 4285 putarem,
351 4212 385 4264 ut
406 4202 451 4264 ita
472 4222 539 4265 eam
563 4203 689 4283 adipisci
711 4204 861 4284 possimus
888 4225 942 4287 per
964 4204 1163 4284 cognitionem
1186 4222 1290 4273 areae,
1320 4203 1398 4266 citra
1417 4202 1508 4266 mini-

159 4310 276 4357 marum
297 4291 428 4373 partium
452 4291 727 4355 dinumerationem.

249 4380 354 4454 Quare
378 4399 416 4442 ex
439 4381 659 4461 superioribus:
692 4383 771 4444 siout
793 4403 826 4444 se
854 4383 947 4445 habet
969 4379 1052 4444 CDE
1085 4399 1158 4443 area
1180 4381 1219 4442 ad
1242 4379 1397 4443 dimidium
1427 4387 1507 4443 tem-

158 4470 242 4553 poris
271 4469 471 4544 restitutorii,
504 4471 581 4550 qnod
614 4472 730 4534 dicatur
764 4472 851 4533 nobis
885 4468 975 4548 180⁰,
1022 4470 1066 4534 sic
1095 4468 1199 4543 CAG,
1234 4468 1320 4533 CAH
1349 4488 1437 4533 areae
1467 4471 1507 4532 ad

159 4578 313 4624 morarum
341 4558 372 4621 in
405 4558 463 4623 CG
495 4566 528 4621 et
559 4559 614 4623 GH
644 4561 880 4623 diutnmitatem.
934 4561 1041 4640 Itaque
1070 4558 1158 4624 CGA
1188 4578 1259 4623 area
1287 4558 1340 4621 fiet
1367 4578 1507 4623 mensura
1549 4632 1556 4647 ,

159 4648 305 4729 temporis
327 4666 380 4710 sen
404 4647 572 4711 anomaliae
595 4651 740 4724 mediae,
760 4669 835 4730 quae
858 4650 940 4712 arcui
970 4650 1127 4713 eccentrici
1152 4648 1209 4712 OG
1230 4649 1409 4730 respondet,
1440 4668 1506 4714 enm

163 4737 319 4804 anomalia
340 4736 441 4800 media
463 4745 580 4818 tempus
603 4738 755 4802 metiatur.

248 4827 338 4890 Prius
367 4834 467 4890 antem
498 4846 569 4909 pars
599 4826 683 4894 GGB
715 4828 803 4911 hujus
832 4846 922 4894 areae
951 4825 1039 4894 GAG
1070 4833 1137 4896 erat
1165 4844 1306 4897 mensura
1337 4825 1504 4921 anomdiaa

213 4933 303 4991 uque
317 4933 393 4986 om
414 4934 449 4976 nt
1261 4931 1293 4986 21
