3354 5504
459 267 492 329 tle
508 268 696 329 dmum
713 274 745 328 de
762 283 830 328 motu
847 274 935 329 stellae
952 271 1049 329 lintis.
1384 271 1426 341 25

69 466 101 518 et
123 454 155 519 si
180 453 343 517 consilium
365 453 423 516 tibi
448 454 580 517 salutare
602 455 717 532 incidit,
740 457 772 519 id
795 457 854 519 cito
877 456 915 517 ad
930 474 977 516 me
990 454 1170 536 perscribas,
1194 453 1221 514 si
1236 473 1304 515 mea
1327 456 1427 520 studia

68 547 126 606 hac
152 544 355 625 occupatione
379 542 475 623 digna
496 547 658 608 censueris.

159 636 230 697 Deo
255 634 297 694 Μ.
322 634 357 695 Τ.
383 641 415 695 et
438 651 484 695 me
507 636 689 704 commendo.

441 723 540 786 Datae
565 723 684 787 Graetii
710 721 759 786 12.
783 724 845 786 Jul.
870 740 948 783 anno
975 716 1068 784 1600.

594 815 671 876 Nob.
696 823 726 874 et
750 813 852 892 Magn.
877 812 959 873 Tuae

821 899 1071 964 Studiosissimus

995 989 1037 1050 M.
1061 988 1114 1052 Jo
1139 985 1259 1069 Kepler

912 1077 1046 1160 Styrium
1071 1075 1218 1140 Ordinum
1240 1075 1337 1138 Math.

159 1196 256 1260 (msa.
294 1198 357 1248 Den
375 1198 456 1248 lidleu
473 1198 524 1249 und
541 1198 740 1267 Hocbgalehrten
758 1200 838 1250 llsrrd
856 1200 927 1251 Hans
946 1202 1027 1266 Georg
1039 1199 1185 1249 Hervarten
1203 1214 1250 1248 von
1265 1199 1424 1268 Hobsnbmg

71 1271 112 1320 der
130 1268 255 1325 Βοιὶιιοιι
272 1271 383 1327 Doctori.
402 1270 493 1320 runo
512 1271 614 1321 Durehl.
631 1275 657 1322 in
675 1273 752 1322 Bairu
771 1272 900 1337 gebeimsn
919 1273 1001 1329 Rath,
1021 1272 1133 1336 l'llsgern
1153 1284 1183 1319 ιιι
1202 1269 1337 1320 διιιιιιιιι
1356 1288 1389 1322 ιι.
1400 1272 1424 1323 d.

71 1341 244 1393 hadamare
262 1344 288 1392 iu
306 1342 383 1393 Bairu
402 1340 530 1393 Canalem
567 1341 677 1394 lisinam
695 1344 903 1411 Grossglinstigsn
921 1344 1009 1394 llerrn.
1204 1341 1353 1404 Mllnobsn.)

607 1433 890 1535 Postscripta

159 1519 255 1581 Mitto
279 1518 318 1579 ad
340 1524 381 1594 te,
405 1519 435 1583 lr.
461 1538 486 1580 e.
511 1520 549 1581 ad
572 1521 736 1602 emporium
758 1523 907 1602 quoddam
944 1518 1147 1580 doctrinarum
1174 1519 1383 1622 perfrequens
1393 1530 1424 1583 et
1541 1554 1550 1581 ·.

74 1608 150 1689 apud
175 1607 256 1689 quod
286 1596 399 1669 literici
430 1607 580 1670 variarum
613 1611 767 1673 nationum
800 1632 868 1673 sese
900 1611 1101 1670 internoscere
1135 1606 1293 1709 incipiunt,
1327 1598 1423 1685 mitto,

74 1697 204 1778 inquam,
222 1694 385 1778 problema
406 1694 630 1777 geometricum,
654 1701 733 1780 quod
751 1700 790 1761 ad
806 1701 929 1762 Victum
951 1696 1149 1769 transmittes,
1174 1696 1200 1757 si
1223 1700 1422 1759 astronomiae

73 1786 246 1848 consultum
268 1786 363 1866 cupis.
409 1787 489 1848 Nam
513 1786 678 1870 quicunque
701 1790 757 1851 hoc
780 1786 1083 1858 ἀειιιοιιειιιιιιὶι,’
1075 1807 1102 1846 rs
1125 1805 1192 1846 mea
1214 1786 1331 1867 quidem
1355 1789 1421 1868 opi·

75 1874 162 1937 nione
187 1875 432 1955 praeclarissime
456 1876 493 1937 de
517 1877 664 1940 subtiliori
688 1887 720 1940 et
742 1879 891 1959 exquisita
914 1875 1100 1938 astronomia
1122 1874 1291 1936 merebitur.

159 1963 255 2026 Jubet
277 1965 356 2027 euim
380 1984 418 2026 ex
440 1974 567 2046 quatuor
590 1967 778 2049 acronyehiis
799 1968 940 2048 planetae
965 1964 1081 2026 situbus
1105 1965 1133 2025 in
1157 1964 1279 2025 zodiaco
1296 1974 1327 2025 et
1345 1973 1422 2027 tem-

72 2054 153 2133 poris
178 2053 350 2115 intervallis
373 2054 482 2116 elicere
505 2063 537 2116 et
560 2075 662 2118 veram
684 2052 899 2137 longitudinem
921 2053 1051 2117 mediam
1079 2053 1132 2127 (iis
1161 2053 1256 2128 enirn,
1289 2073 1363 2134 qnae
1387 2055 1425 2116 ab

74 2142 249 2205 auctoribus
271 2153 343 2204 sunt
364 2143 495 2218 tradita,
519 2145 610 2207 fidere
632 2164 692 2208 non
714 2148 906 2226 possumus),
937 2143 1088 2205 stlocum
1113 2142 1240 2222 apogaei
1263 2151 1293 2204 et
1316 2163 1425 2205 eccen-

73 2231 238 2293 tricitatem
261 2240 292 2292 et
315 2232 537 2312 proportionem
561 2235 796 2297 eccentricitatis
825 2233 981 2316 aequantis
1012 2232 1051 2293 ad
1079 2230 1334 2293 eccentricitatem
1357 2234 1423 2294 viae

72 2320 280 2400 planetariaez
307 2321 366 2383 hoc
394 2330 442 2382 est
470 2323 584 2397 omnia,
612 2343 687 2404 quae
710 2323 777 2405 quis
800 2322 954 2386 desideret
977 2320 1072 2396 scire,
1105 2328 1226 2400 praeter
1248 2322 1422 2402 parallaues

75 2409 154 2472 orbis
181 2410 282 2472 annui

156 2500 317 2561 Hactenus
340 2497 459 2579 quidem
482 2518 517 2560 eo
542 2500 611 2562 sum'
630 2522 716 2575 usus,
751 2502 804 2563 sed
835 2500 1083 2562 indemonstrata.
1129 2499 1234 2579 ltaque
1266 2500 1305 2560 ad
1337 2500 1424 2564 linem

73 2588 164 2661 (unici
190 2586 337 2668 exempli)
361 2607 419 2650 non
443 2590 565 2668 perveni
598 2592 639 2663 (ia
657 2599 783 2665 numne:
810 2588 939 2654 Perveni
970 2586 1104 2688 quidem,
1135 2587 1188 2648 sed
1222 2588 1325 2650 inutile
1357 2588 1423 2665 ruit,

73 2676 182 2738 falsum
205 2676 287 2739 enim
310 2686 377 2738 erat
399 2696 488 2740 unum
519 2697 557 2740 ex
589 2680 741 2743 assumtis.
789 2679 851 2743 Sed
884 2676 946 2739 seio
978 2675 1128 2758 perveniri
1159 2681 1265 2757 posse)
1298 2687 1424 2760 quatuor

68 2765 131 2844 jum
151 2765 319 2828 mensibus.
355 2765 435 2828 Nam
450 2767 562 2848 duplici
577 2770 696 2832 fictione
712 2758 854 2832 utendum
877 2775 934 2842 est,
958 2786 1012 2828 seu
1035 2774 1070 2828 ut
1087 2765 1130 2826 ita
1145 2765 1242 2829 dicam
1259 2767 1425 2871 quadrata.

72 2855 241 2917 rectissime
273 2873 345 2915 vero
367 2853 484 2937 ἀιιχιιᾳ
512 2858 673 2931 aleatoris,
706 2866 740 2921 ut
761 2859 871 2922 Vietae
903 2855 993 2918 serbo
1015 2863 1100 2929 utar,
1133 2874 1190 2935 quo
1221 2876 1293 2918 usus
1324 2857 1425 2921 estin

71 2942 329 3006 demonstratione
360 2945 557 3024 problematis
587 2947 803 3028 Coperuicani,
840 2946 876 3007 de
915 2944 1011 3007 tribus
1043 2944 1261 3024 hrq'usmodi'
1243 2967 1425 3027 ακρσινχιαιι

72 3032 343 3097 observationibus.
391 3033 476 3106 Quae
499 3036 618 3117 quidem
633 3038 742 3100 Vietae
765 3034 981 3098 demonstratio
1006 3053 1089 3115 spem
1106 3033 1180 3095 mihi
1198 3033 1310 3117 injecit,
1333 3053 1422 3115 posse

72 3122 145 3185 banc
170 3141 270 3185 meam
294 3122 385 3184 etiam
408 3125 615 3204 quaestionem
638 3127 675 3189 ab
699 3125 777 3206 ipso.
790 3123 876 3189 solvi.
924 3123 959 3185 Si
980 3121 1075 3203 priori
1105 3122 1179 3185 mihi
1207 3124 1422 3186 demonstratio

71 3212 246 3286 occurrerit,
270 3231 308 3273 ea
329 3221 361 3273 et
383 3212 480 3294 ipsum
503 3214 666 3294 impertiar.
712 3216 867 3286 Hactenus
891 3211 1009 3293 quidem
1038 3231 1104 3273 eam
1137 3213 1249 3276 frustra
1278 3211 1430 3294 quaesivi„

71 3302 158 3364 credo
184 3300 267 3385 quod
290 3300 388 3363 minus
411 3301 442 3364 in
464 3302 520 3364 hoc
538 3322 655 3383 genere·
672 3324 738 3367 sum
754 3303 948 3366 exercitatus.
985 3302 1052 3362 Hoc
1071 3308 1171 3363 tamen
1188 3310 1300 3364 certum
1314 3301 1420 3377 habeo,

72 3392 198 3472 proponi
222 3409 326 3453 casum
349 3391 467 3454 unicum
490 3401 666 3468 etcertum,
690 3413 749 3456 non
772 3411 891 3472 vagum.
932 3390 1007 3454 Cum
1031 3409 1107 3472 qnae
1125 3398 1198 3452 nota
1222 3399 1300 3465 sunt,
1323 3390 1421 3453 omnia
1500 3440 1505 3451 .

70 3482 219 3543 rationem
242 3479 377 3542 habeant
398 3481 588 3561 angulorum,
612 3483 782 3545 existimavi
806 3482 874 3555 diu,
907 3499 996 3542 cossa
1018 3480 1160 3543 utendum
1191 3480 1230 3541 ad
1253 3479 1420 3559 investiga-

69 3569 179 3632 tionem
203 3568 394 3633 residuorum
416 3571 604 3650 angulorum,
627 3573 734 3653 quibus
758 3569 980 3650 emergentibus
999 3569 1102 3631 statim
1116 3575 1203 3649 patet
1220 3568 1258 3629 ad
1276 3567 1421 3632 linearum

67 3659 279 3740 proportiones
309 3654 419 3722 a'ditus.
478 3662 560 3723 Loco
592 3661 788 3743 problematis
820 3660 861 3722 sit
893 3658 960 3740 ipsa
994 3657 1113 3729 ιἰθισις
1141 3653 1315 3734 incitans,
1348 3678 1420 3738 per-

71 3748 242 3829 spicuitatis
271 3768 373 3812 causa.
420 3749 490 3813 Sint
512 3751 570 3814 duo
971 3819 977 3831 ‚

70 3847 178 3918 puncta
219 3856 274 3901 seu
312 3838 393 3928 linea
433 3840 491 3903 AB
531 3841 569 3902 ad
951 3820 1002 3883 ¹²¹⁸·
1023 3814 1048 3867 ⁴·

71 3928 235 4003 arbitrium,
250 3927 369 4009 sintque
382 3929 484 4010 anguli
498 3949 570 4011 pro·
918 3957 956 4016 Ᾰ-
998 3955 1022 3958 <-
1108 3965 1125 4010 B

72 4017 158 4096 positi
196 4019 349 4101 quaterni,
372 4039 402 4096 c,
431 4018 467 4092 d,
491 4020 519 4095 f,
542 4038 569 4095 s,

72 4107 213 4170 iacientes
245 4127 390 4172 summam
421 4105 442 4171 4
468 4117 569 4171 recto·
639 3967 894 4221 ‚Jill'
1023 3971 1211 4199 *js
1234 3967 1383 4189 [Lm

73 4213 139 4258 rum
186 4195 259 4261 Sint
289 4204 320 4259 et
349 4198 401 4269 alii
432 4198 570 4278 quaterni

74 4287 193 4349 eandem
229 4305 376 4350 summam
413 4287 569 4362 iacientes,
716 4331 730 4365 e
784 4285 899 4358 ‘f’ff
1003 4317 1028 4323 --
1064 4309 1152 4382 ‘'“r‘
1223 4295 1358 4374 s·-

75 4376 572 4479 manimunwpnnoportet
641 4299 793 4525 ‘ll
1111 4322 1151 4546 s
1167 4307 1218 4574 s

75 4474 164 4529 autem
188 4475 304 4530 certum
336 4475 481 4543 exlatere,
514 4487 571 4528 an-

76 4555 151 4630 suos
178 4556 250 4621 hinc
273 4564 305 4618 et
327 4555 410 4619 illinc
438 4556 481 4618 sie
504 4575 572 4620 esse

76 4655 267 4727 comparatos,
291 4655 325 4708 ut
342 4666 433 4710 casus
454 4646 610 4728 possibilis
632 4648 682 4710 sit.
725 4650 791 4711 Hoc
814 4645 932 4727 quidem
957 4648 1137 4710 assumimus
1160 4652 1193 4707 et
1212 4648 1416 4728 experimento
1464 4692 1469 4705 .

77 4745 194 4801 ιιιιιιι
231 4737 464 4800 Demonstretur
477 4738 578 4818 igitur,
603 4757 680 4819 quae
695 4737 870 4816 angulorum
892 4736 1115 4817 propositorum
1130 4737 1285 4817 proportio
1307 4739 1416 4806 reddet

79 4839 171 4891 usum
193 4827 441 4908 impossibilem)
