<?xml version="1.0" encoding="UTF-8"?>
<!DOCTYPE html PUBLIC "-//W3C//DTD XHTML 1.0 Transitional//EN"
    "http://www.w3.org/TR/xhtml1/DTD/xhtml1-transitional.dtd">
<html xmlns="http://www.w3.org/1999/xhtml" xml:lang="en" lang="en">
 <head>
  <title>
</title>
<meta http-equiv="Content-Type" content="text/html;charset=utf-8" />
  <meta name='ocr-system' content='tesseract 3.04.00' />
  <meta name='ocr-capabilities' content='ocr_page ocr_carea ocr_par ocr_line ocrx_word'/>
</head>
<body>
  <div class='ocr_page' id='page_1' title='image "./joanniskepleria14frisgoog_0147.png"; bbox 0 0 3354 5504; ppageno 0'>
   <div class='ocr_carea' id='block_1_1' title="bbox 687 281 1503 352">
    <p class='ocr_par' dir='ltr' id='par_1_1' title="bbox 687 281 1503 352">
     <span class='ocr_line' id='line_1_1' title="bbox 687 281 1503 352; baseline 0.005 -4"><span class='ocrx_word' id='word_1_1' title='bbox 687 281 977 348; x_wconf 64' lang='lat' dir='ltr'>trecasenum·</span> <span class='ocrx_word' id='word_1_2' title='bbox 1439 281 1503 352; x_wconf 62' lang='lat'>189</span> 
     </span>
    </p>
   </div>
   <div class='ocr_carea' id='block_1_2' title="bbox 159 459 1513 3047">
    <p class='ocr_par' dir='ltr' id='par_1_2' title="bbox 160 459 1507 548">
     <span class='ocr_line' id='line_1_2' title="bbox 160 459 1507 548; baseline 0.001 -23"><span class='ocrx_word' id='word_1_3' title='bbox 160 459 306 525; x_wconf 76' lang='lat' dir='ltr'>nucum</span> <span class='ocrx_word' id='word_1_4' title='bbox 336 459 531 537; x_wconf 68' lang='lat' dir='ltr'>observavit,</span> <span class='ocrx_word' id='word_1_5' title='bbox 570 460 669 526; x_wconf 89' lang='lat' dir='ltr'>omnia</span> <span class='ocrx_word' id='word_1_6' title='bbox 696 461 823 526; x_wconf 88' lang='lat' dir='ltr'>consilia</span> <span class='ocrx_word' id='word_1_7' title='bbox 854 461 971 526; x_wconf 86' lang='lat' dir='ltr'>detexit</span> <span class='ocrx_word' id='word_1_8' title='bbox 999 461 1141 544; x_wconf 71' lang='lat' dir='ltr'>librisque</span> <span class='ocrx_word' id='word_1_9' title='bbox 1177 465 1309 529; x_wconf 89' lang='lat' dir='ltr'>moriens</span> <span class='ocrx_word' id='word_1_10' title='bbox 1335 465 1507 548; x_wconf 82' lang='lat' dir='ltr'>perscripta</span> 
     </span>
    </p>

    <p class='ocr_par' dir='ltr' id='par_1_3' title="bbox 159 547 1507 1171">
     <span class='ocr_line' id='line_1_3' title="bbox 203 549 1502 614; baseline -0.001 0"><span class='ocrx_word' id='word_1_11' title='bbox 203 549 288 614; x_wconf 77' lang='lat' dir='ltr'>&#39;uit-</span> <span class='ocrx_word' id='word_1_12' title='bbox 891 576 899 592; x_wconf 37' lang='grc' dir='ltr'><em>κ</em></span> <span class='ocrx_word' id='word_1_13' title='bbox 1499 587 1502 593; x_wconf 96' lang='grc'>-</span> 
     </span>
     <span class='ocr_line' id='line_1_4' title="bbox 159 547 1499 739; baseline 0.004 -38"><span class='ocrx_word' id='word_1_14' title='bbox 159 547 232 633; x_wconf 56' lang='lat' dir='ltr'>mhq</span> <span class='ocrx_word' id='word_1_15' title='bbox 246 636 364 712; x_wconf 82' lang='lat' dir='ltr'>Quibus</span> <span class='ocrx_word' id='word_1_16' title='bbox 388 658 445 739; x_wconf 81' lang='lat' dir='ltr'>ego</span> <span class='ocrx_word' id='word_1_17' title='bbox 467 639 553 704; x_wconf 79' lang='lat' dir='ltr'>libris</span> <span class='ocrx_word' id='word_1_18' title='bbox 575 639 738 724; x_wconf 74' lang='lat' dir='ltr'>instructus</span> <span class='ocrx_word' id='word_1_19' title='bbox 761 647 795 703; x_wconf 92' lang='lat' dir='ltr'>nt</span> <span class='ocrx_word' id='word_1_20' title='bbox 817 639 848 701; x_wconf 90' lang='lat' dir='ltr'>in</span> <span class='ocrx_word' id='word_1_21' title='bbox 876 641 953 704; x_wconf 89' lang='lat' dir='ltr'>banc</span> <span class='ocrx_word' id='word_1_22' title='bbox 976 658 1076 704; x_wconf 89' lang='lat' dir='ltr'>curam</span> <span class='ocrx_word' id='word_1_23' title='bbox 1099 643 1247 705; x_wconf 88' lang='lat' dir='ltr'>Braheo</span> <span class='ocrx_word' id='word_1_24' title='bbox 1269 642 1413 719; x_wconf 90' lang='lat' dir='ltr'>successi,</span> <span class='ocrx_word' id='word_1_25' title='bbox 1436 643 1499 724; x_wconf 87' lang='lat' dir='ltr'>pri-</span> 
     </span>
     <span class='ocr_line' id='line_1_5' title="bbox 159 728 1498 811; baseline 0.001 -17"><span class='ocrx_word' id='word_1_26' title='bbox 159 748 236 794; x_wconf 90' lang='lat' dir='ltr'>mum</span> <span class='ocrx_word' id='word_1_27' title='bbox 258 736 393 794; x_wconf 83' lang='lat' dir='ltr'>metuere</span> <span class='ocrx_word' id='word_1_28' title='bbox 416 728 507 805; x_wconf 88' lang='lat' dir='ltr'>desii,</span> <span class='ocrx_word' id='word_1_29' title='bbox 535 748 622 811; x_wconf 89' lang='lat' dir='ltr'>quem</span> <span class='ocrx_word' id='word_1_30' title='bbox 641 730 704 810; x_wconf 80' lang='lat' dir='ltr'>jam</span> <span class='ocrx_word' id='word_1_31' title='bbox 726 728 916 793; x_wconf 76' lang='lat' dir='ltr'><strong>mediocriter</strong></span> <span class='ocrx_word' id='word_1_32' title='bbox 939 749 1155 810; x_wconf 76' lang='lat' dir='ltr'>cognoveram:</span> <span class='ocrx_word' id='word_1_33' title='bbox 1186 731 1292 795; x_wconf 88' lang='lat' dir='ltr'>deinde</span> <span class='ocrx_word' id='word_1_34' title='bbox 1316 731 1431 794; x_wconf 86' lang='lat' dir='ltr'>notatis</span> <span class='ocrx_word' id='word_1_35' title='bbox 1450 732 1498 795; x_wconf 90' lang='lat' dir='ltr'>di·</span> 
     </span>
     <span class='ocr_line' id='line_1_6' title="bbox 159 816 1502 901; baseline 0 -18"><span class='ocrx_word' id='word_1_36' title='bbox 159 816 285 900; x_wconf 75' lang='lat' dir='ltr'>ligentur</span> <span class='ocrx_word' id='word_1_37' title='bbox 307 827 474 901; x_wconf 87' lang='lat' dir='ltr'>tempomm</span> <span class='ocrx_word' id='word_1_38' title='bbox 498 818 647 895; x_wconf 73' lang='lat' dir='ltr'>mucuns,</span> <span class='ocrx_word' id='word_1_39' title='bbox 672 817 779 899; x_wconf 91' lang='lat' dir='ltr'>quibus</span> <span class='ocrx_word' id='word_1_40' title='bbox 801 817 852 882; x_wconf 90' lang='lat' dir='ltr'>ille</span> <span class='ocrx_word' id='word_1_41' title='bbox 875 821 915 884; x_wconf 90' lang='lat' dir='ltr'>ad</span> <span class='ocrx_word' id='word_1_42' title='bbox 936 821 1066 900; x_wconf 89' lang='lat' dir='ltr'>pristina</span> <span class='ocrx_word' id='word_1_43' title='bbox 1093 822 1161 895; x_wconf 84' lang='lat' dir='ltr'>loca</span> <span class='ocrx_word' id='word_1_44' title='bbox 1184 840 1237 884; x_wconf 92' lang='lat' dir='ltr'>cen</span> <span class='ocrx_word' id='word_1_45' title='bbox 1261 822 1299 884; x_wconf 83' lang='lat' dir='ltr'>ad</span> <span class='ocrx_word' id='word_1_46' title='bbox 1322 821 1431 884; x_wconf 86' lang='lat' dir='ltr'>cubilia</span> <span class='ocrx_word' id='word_1_47' title='bbox 1445 839 1502 884; x_wconf 85' lang='lat' dir='ltr'>sua</span> 
     </span>
     <span class='ocr_line' id='line_1_7' title="bbox 159 907 1507 993; baseline 0.004 -25"><span class='ocrx_word' id='word_1_48' title='bbox 159 907 308 973; x_wconf 86' lang='lat' dir='ltr'>ventitare</span> <span class='ocrx_word' id='word_1_49' title='bbox 329 910 458 986; x_wconf 85' lang='lat' dir='ltr'>soleret,</span> <span class='ocrx_word' id='word_1_50' title='bbox 480 907 657 971; x_wconf 88' lang='lat' dir='ltr'>Brabeanas</span> <span class='ocrx_word' id='word_1_51' title='bbox 676 927 711 971; x_wconf 89' lang='lat' dir='ltr'>eo</span> <span class='ocrx_word' id='word_1_52' title='bbox 728 907 891 984; x_wconf 89' lang='lat' dir='ltr'>machinas,</span> <span class='ocrx_word' id='word_1_53' title='bbox 911 909 1070 973; x_wconf 79' lang='lat' dir='ltr'>subtilibus</span> <span class='ocrx_word' id='word_1_54' title='bbox 1085 910 1249 974; x_wconf 84' lang='lat' dir='ltr'>instructas</span> <span class='ocrx_word' id='word_1_55' title='bbox 1261 911 1398 993; x_wconf 90' lang='lat' dir='ltr'>dioptris,</span> <span class='ocrx_word' id='word_1_56' title='bbox 1417 911 1507 973; x_wconf 83' lang='lat' dir='ltr'>velut</span> 
     </span>
     <span class='ocr_line' id='line_1_8' title="bbox 160 997 1500 1081; baseline -0.001 -18"><span class='ocrx_word' id='word_1_57' title='bbox 160 999 197 1062; x_wconf 85' lang='lat' dir='ltr'>ad</span> <span class='ocrx_word' id='word_1_58' title='bbox 218 1006 335 1063; x_wconf 88' lang='lat' dir='ltr'>certum</span> <span class='ocrx_word' id='word_1_59' title='bbox 358 1017 480 1080; x_wconf 88' lang='lat' dir='ltr'>scopum</span> <span class='ocrx_word' id='word_1_60' title='bbox 495 998 600 1071; x_wconf 83' lang='lat' dir='ltr'>direxi,</span> <span class='ocrx_word' id='word_1_61' title='bbox 624 1016 799 1080; x_wconf 91' lang='lat' dir='ltr'>omnemque</span> <span class='ocrx_word' id='word_1_62' title='bbox 822 997 919 1062; x_wconf 90' lang='lat' dir='ltr'>locum</span> <span class='ocrx_word' id='word_1_63' title='bbox 937 998 1076 1081; x_wconf 82' lang='lat' dir='ltr'>indagine</span> <span class='ocrx_word' id='word_1_64' title='bbox 1100 1000 1196 1075; x_wconf 86' lang='lat' dir='ltr'>cinxi,</span> <span class='ocrx_word' id='word_1_65' title='bbox 1217 1001 1354 1064; x_wconf 89' lang='lat' dir='ltr'>curribus</span> <span class='ocrx_word' id='word_1_66' title='bbox 1374 1019 1500 1081; x_wconf 87' lang='lat' dir='ltr'>maguae</span> 
     </span>
     <span class='ocr_line' id='line_1_9' title="bbox 159 1087 815 1171; baseline -0.006 -18"><span class='ocrx_word' id='word_1_67' title='bbox 159 1089 263 1153; x_wconf 72' lang='lat' dir='ltr'>mois</span> <span class='ocrx_word' id='word_1_68' title='bbox 285 1087 415 1152; x_wconf 76' lang='lat' dir='ltr'>Telluris</span> <span class='ocrx_word' id='word_1_69' title='bbox 437 1088 467 1150; x_wconf 92' lang='lat' dir='ltr'>iu</span> <span class='ocrx_word' id='word_1_70' title='bbox 491 1090 595 1171; x_wconf 77' lang='lat' dir='ltr'>gyrum</span> <span class='ocrx_word' id='word_1_71' title='bbox 618 1087 815 1150; x_wconf 81' lang='lat' dir='ltr'>circumactis.</span> 
     </span>
    </p>

    <p class='ocr_par' dir='ltr' id='par_1_4' title="bbox 160 1176 1513 2423">
     <span class='ocr_line' id='line_1_10' title="bbox 243 1176 1501 1259; baseline -0.002 -18"><span class='ocrx_word' id='word_1_72' title='bbox 243 1178 315 1241; x_wconf 86' lang='lat' dir='ltr'>Non</span> <span class='ocrx_word' id='word_1_73' title='bbox 338 1186 439 1240; x_wconf 71' lang='lat' dir='ltr'>mmen</span> <span class='ocrx_word' id='word_1_74' title='bbox 462 1177 526 1240; x_wconf 88' lang='lat' dir='ltr'>sine</span> <span class='ocrx_word' id='word_1_75' title='bbox 549 1177 658 1240; x_wconf 88' lang='lat' dir='ltr'>sudore</span> <span class='ocrx_word' id='word_1_76' title='bbox 681 1176 828 1239; x_wconf 88' lang='lat' dir='ltr'>successit</span> <span class='ocrx_word' id='word_1_77' title='bbox 849 1177 1019 1256; x_wconf 83' lang='lat' dir='ltr'>negotium:</span> <span class='ocrx_word' id='word_1_78' title='bbox 1044 1179 1113 1240; x_wconf 92' lang='lat' dir='ltr'>dum</span> <span class='ocrx_word' id='word_1_79' title='bbox 1137 1178 1307 1259; x_wconf 87' lang='lat' dir='ltr'>frequenter</span> <span class='ocrx_word' id='word_1_80' title='bbox 1329 1177 1369 1241; x_wconf 88' lang='lat' dir='ltr'>ibi</span> <span class='ocrx_word' id='word_1_81' title='bbox 1393 1178 1501 1241; x_wconf 88' lang='lat' dir='ltr'>desunt</span> 
     </span>
     <span class='ocr_line' id='line_1_11' title="bbox 163 1266 1499 1348; baseline -0.002 -17"><span class='ocrx_word' id='word_1_82' title='bbox 163 1267 338 1343; x_wconf 86' lang='lat' dir='ltr'>machinae,</span> <span class='ocrx_word' id='word_1_83' title='bbox 371 1267 422 1329; x_wconf 90' lang='lat' dir='ltr'>ubi</span> <span class='ocrx_word' id='word_1_84' title='bbox 452 1266 629 1348; x_wconf 86' lang='lat' dir='ltr'>potissimus</span> <span class='ocrx_word' id='word_1_85' title='bbox 659 1286 761 1328; x_wconf 90' lang='lat' dir='ltr'>earum</span> <span class='ocrx_word' id='word_1_86' title='bbox 783 1286 854 1330; x_wconf 88' lang='lat' dir='ltr'>usus</span> <span class='ocrx_word' id='word_1_87' title='bbox 878 1275 958 1343; x_wconf 90' lang='lat' dir='ltr'>erat,</span> <span class='ocrx_word' id='word_1_88' title='bbox 983 1275 1036 1328; x_wconf 91' lang='lat' dir='ltr'>ant</span> <span class='ocrx_word' id='word_1_89' title='bbox 1067 1267 1135 1330; x_wconf 92' lang='lat' dir='ltr'>dum</span> <span class='ocrx_word' id='word_1_90' title='bbox 1158 1268 1216 1329; x_wconf 91' lang='lat' dir='ltr'>viis</span> <span class='ocrx_word' id='word_1_91' title='bbox 1239 1268 1365 1343; x_wconf 89' lang='lat' dir='ltr'>lutosis,</span> <span class='ocrx_word' id='word_1_92' title='bbox 1390 1286 1499 1347; x_wconf 92' lang='lat' dir='ltr'>magno</span> 
     </span>
     <span class='ocr_line' id='line_1_12' title="bbox 161 1354 1499 1440; baseline -0.002 -19"><span class='ocrx_word' id='word_1_93' title='bbox 161 1357 322 1440; x_wconf 89' lang='lat' dir='ltr'>temporis,</span> <span class='ocrx_word' id='word_1_94' title='bbox 352 1375 462 1437; x_wconf 91' lang='lat' dir='ltr'>magno</span> <span class='ocrx_word' id='word_1_95' title='bbox 489 1365 639 1418; x_wconf 84' lang='lat' dir='ltr'>sumtuum</span> <span class='ocrx_word' id='word_1_96' title='bbox 661 1354 829 1439; x_wconf 89' lang='lat' dir='ltr'>impendio,</span> <span class='ocrx_word' id='word_1_97' title='bbox 858 1364 1102 1419; x_wconf 75' lang='lat' dir='ltr'>transvectantur</span> <span class='ocrx_word' id='word_1_98' title='bbox 1131 1356 1169 1418; x_wconf 91' lang='lat' dir='ltr'>ab</span> <span class='ocrx_word' id='word_1_99' title='bbox 1200 1356 1345 1437; x_wconf 86' lang='lat' dir='ltr'>imperitis</span> <span class='ocrx_word' id='word_1_100' title='bbox 1377 1357 1499 1437; x_wconf 86' lang='lat' dir='ltr'>aurigis,</span> 
     </span>
     <span class='ocr_line' id='line_1_13' title="bbox 163 1444 1500 1528; baseline -0.001 -19"><span class='ocrx_word' id='word_1_101' title='bbox 163 1456 212 1519; x_wconf 85' lang='lat' dir='ltr'>aut</span> <span class='ocrx_word' id='word_1_102' title='bbox 235 1447 309 1509; x_wconf 90' lang='lat' dir='ltr'>dum</span> <span class='ocrx_word' id='word_1_103' title='bbox 333 1445 500 1527; x_wconf 88' lang='lat' dir='ltr'>ejaculatus</span> <span class='ocrx_word' id='word_1_104' title='bbox 524 1445 718 1527; x_wconf 89' lang='lat' dir='ltr'>quarundam,</span> <span class='ocrx_word' id='word_1_105' title='bbox 743 1444 815 1506; x_wconf 92' lang='lat' dir='ltr'>mihi</span> <span class='ocrx_word' id='word_1_106' title='bbox 838 1446 967 1507; x_wconf 93' lang='lat' dir='ltr'>nondum</span> <span class='ocrx_word' id='word_1_107' title='bbox 992 1447 1180 1528; x_wconf 85' lang='lat' dir='ltr'>exploratus,</span> <span class='ocrx_word' id='word_1_108' title='bbox 1204 1445 1234 1507; x_wconf 91' lang='lat' dir='ltr'>in</span> <span class='ocrx_word' id='word_1_109' title='bbox 1258 1447 1387 1522; x_wconf 88' lang='lat' dir='ltr'>diversa,</span> <span class='ocrx_word' id='word_1_110' title='bbox 1411 1465 1500 1528; x_wconf 80' lang='lat' dir='ltr'>quam</span> 
     </span>
     <span class='ocr_line' id='line_1_14' title="bbox 160 1533 1499 1623; baseline -0.003 -23"><span class='ocrx_word' id='word_1_111' title='bbox 160 1547 354 1623; x_wconf 80' lang='lat' dir='ltr'>putaveram,</span> <span class='ocrx_word' id='word_1_112' title='bbox 391 1536 458 1597; x_wconf 89' lang='lat' dir='ltr'>loca</span> <span class='ocrx_word' id='word_1_113' title='bbox 480 1534 588 1598; x_wconf 92' lang='lat' dir='ltr'>tendit.</span> <span class='ocrx_word' id='word_1_114' title='bbox 634 1533 733 1616; x_wconf 87' lang='lat' dir='ltr'>Saepe</span> <span class='ocrx_word' id='word_1_115' title='bbox 756 1534 898 1613; x_wconf 84' lang='lat' dir='ltr'>splendor</span> <span class='ocrx_word' id='word_1_116' title='bbox 920 1533 1002 1597; x_wconf 89' lang='lat' dir='ltr'>Solis</span> <span class='ocrx_word' id='word_1_117' title='bbox 1030 1544 1083 1597; x_wconf 92' lang='lat' dir='ltr'>aut</span> <span class='ocrx_word' id='word_1_118' title='bbox 1104 1535 1225 1609; x_wconf 89' lang='lat' dir='ltr'>Lunae,</span> <span class='ocrx_word' id='word_1_119' title='bbox 1260 1555 1351 1616; x_wconf 88' lang='lat' dir='ltr'>saepe</span> <span class='ocrx_word' id='word_1_120' title='bbox 1384 1535 1499 1598; x_wconf 89' lang='lat' dir='ltr'>coelum</span> 
     </span>
     <span class='ocr_line' id='line_1_15' title="bbox 161 1622 1499 1706; baseline -0.001 -17"><span class='ocrx_word' id='word_1_121' title='bbox 161 1626 291 1691; x_wconf 87' lang='lat' dir='ltr'>nubilum</span> <span class='ocrx_word' id='word_1_122' title='bbox 324 1624 483 1687; x_wconf 88' lang='lat' dir='ltr'>directoris</span> <span class='ocrx_word' id='word_1_123' title='bbox 513 1624 608 1687; x_wconf 77' lang='lat' dir='ltr'>oculis</span> <span class='ocrx_word' id='word_1_124' title='bbox 639 1622 797 1704; x_wconf 88' lang='lat' dir='ltr'>imposuit,</span> <span class='ocrx_word' id='word_1_125' title='bbox 830 1624 952 1703; x_wconf 88' lang='lat' dir='ltr'>saepius</span> <span class='ocrx_word' id='word_1_126' title='bbox 984 1623 1121 1706; x_wconf 87' lang='lat' dir='ltr'>objectus</span> <span class='ocrx_word' id='word_1_127' title='bbox 1151 1624 1231 1688; x_wconf 76' lang='lat' dir='ltr'>airis</span> <span class='ocrx_word' id='word_1_128' title='bbox 1253 1625 1355 1705; x_wconf 88' lang='lat' dir='ltr'>vapidi</span> <span class='ocrx_word' id='word_1_129' title='bbox 1379 1624 1499 1705; x_wconf 89' lang='lat' dir='ltr'>globum</span> 
     </span>
     <span class='ocr_line' id='line_1_16' title="bbox 161 1712 1497 1795; baseline -0.001 -17"><span class='ocrx_word' id='word_1_130' title='bbox 161 1716 265 1780; x_wconf 90' lang='lat' dir='ltr'>elisum</span> <span class='ocrx_word' id='word_1_131' title='bbox 289 1735 310 1777; x_wconf 89' lang='lat' dir='ltr'>a</span> <span class='ocrx_word' id='word_1_132' title='bbox 331 1721 416 1779; x_wconf 84' lang='lat' dir='ltr'>recto</span> <span class='ocrx_word' id='word_1_133' title='bbox 438 1713 559 1776; x_wconf 83' lang='lat' dir='ltr'>tramite</span> <span class='ocrx_word' id='word_1_134' title='bbox 583 1713 721 1789; x_wconf 84' lang='lat' dir='ltr'>deflexit,</span> <span class='ocrx_word' id='word_1_135' title='bbox 744 1732 799 1775; x_wconf 88' lang='lat' dir='ltr'>nec</span> <span class='ocrx_word' id='word_1_136' title='bbox 823 1733 890 1776; x_wconf 88' lang='lat' dir='ltr'>raro</span> <span class='ocrx_word' id='word_1_137' title='bbox 913 1714 1061 1794; x_wconf 73' lang='lat' dir='ltr'>parietes,</span> <span class='ocrx_word' id='word_1_138' title='bbox 1084 1712 1285 1794; x_wconf 86' lang='lat' dir='ltr'>obliquissime</span> <span class='ocrx_word' id='word_1_139' title='bbox 1309 1714 1429 1795; x_wconf 90' lang='lat' dir='ltr'>objecti,</span> <span class='ocrx_word' id='word_1_140' title='bbox 1454 1713 1497 1776; x_wconf 89' lang='lat' dir='ltr'>ir-</span> 
     </span>
     <span class='ocr_line' id='line_1_17' title="bbox 163 1802 1498 1884; baseline -0.002 -17"><span class='ocrx_word' id='word_1_141' title='bbox 163 1805 235 1868; x_wconf 88' lang='lat' dir='ltr'>ritos</span> <span class='ocrx_word' id='word_1_142' title='bbox 259 1804 340 1867; x_wconf 88' lang='lat' dir='ltr'>ictus</span> <span class='ocrx_word' id='word_1_143' title='bbox 362 1811 544 1884; x_wconf 85' lang='lat' dir='ltr'>exceperunt</span> <span class='ocrx_word' id='word_1_144' title='bbox 568 1802 759 1883; x_wconf 89' lang='lat' dir='ltr'>quantumvis</span> <span class='ocrx_word' id='word_1_145' title='bbox 782 1802 912 1866; x_wconf 81' lang='lat' dir='ltr'>crebros.</span> <span class='ocrx_word' id='word_1_146' title='bbox 950 1803 1092 1865; x_wconf 86' lang='lat' dir='ltr'>Accessit</span> <span class='ocrx_word' id='word_1_147' title='bbox 1113 1803 1209 1865; x_wconf 88' lang='lat' dir='ltr'>hostis</span> <span class='ocrx_word' id='word_1_148' title='bbox 1228 1803 1258 1865; x_wconf 90' lang='lat' dir='ltr'>in</span> <span class='ocrx_word' id='word_1_149' title='bbox 1275 1802 1498 1866; x_wconf 84' lang='lat' dir='ltr'>excursionibus</span> 
     </span>
     <span class='ocr_line' id='line_1_18' title="bbox 162 1891 1498 1974; baseline -0.004 -15"><span class='ocrx_word' id='word_1_150' title='bbox 162 1894 323 1970; x_wconf 83' lang='lat' dir='ltr'>industria,</span> <span class='ocrx_word' id='word_1_151' title='bbox 348 1893 378 1955; x_wconf 95' lang='lat' dir='ltr'>in</span> <span class='ocrx_word' id='word_1_152' title='bbox 402 1892 518 1955; x_wconf 92' lang='lat' dir='ltr'>insidiis</span> <span class='ocrx_word' id='word_1_153' title='bbox 531 1892 700 1974; x_wconf 89' lang='lat' dir='ltr'>vigilantia,</span> <span class='ocrx_word' id='word_1_154' title='bbox 724 1891 810 1954; x_wconf 91' lang='lat' dir='ltr'>uobis</span> <span class='ocrx_word' id='word_1_155' title='bbox 825 1892 996 1972; x_wconf 89' lang='lat' dir='ltr'>plerumque</span> <span class='ocrx_word' id='word_1_156' title='bbox 1014 1891 1227 1955; x_wconf 88' lang='lat' dir='ltr'>dormientibus</span> <span class='ocrx_word' id='word_1_157' title='bbox 1234 1911 1243 1968; x_wconf 93' lang='lat'>;</span> <span class='ocrx_word' id='word_1_158' title='bbox 1268 1892 1498 1974; x_wconf 89' lang='lat' dir='ltr'>inrepugnandc</span> 
     </span>
     <span class='ocr_line' id='line_1_19' title="bbox 163 1981 1513 2066; baseline -0.003 -18"><span class='ocrx_word' id='word_1_159' title='bbox 163 1983 289 2066; x_wconf 87' lang='lat' dir='ltr'>denique</span> <span class='ocrx_word' id='word_1_160' title='bbox 312 1981 496 2064; x_wconf 87' lang='lat' dir='ltr'>pertinacia,</span> <span class='ocrx_word' id='word_1_161' title='bbox 522 1982 571 2064; x_wconf 94' lang='lat' dir='ltr'>qui</span> <span class='ocrx_word' id='word_1_162' title='bbox 594 1990 765 2063; x_wconf 81' lang='lat' dir='ltr'>expugnato</span> <span class='ocrx_word' id='word_1_163' title='bbox 789 1991 841 2045; x_wconf 90' lang='lat' dir='ltr'>aut</span> <span class='ocrx_word' id='word_1_164' title='bbox 863 1981 983 2062; x_wconf 92' lang='lat' dir='ltr'>prodito</span> <span class='ocrx_word' id='word_1_165' title='bbox 1006 1982 1132 2044; x_wconf 88' lang='lat' dir='ltr'>castello</span> <span class='ocrx_word' id='word_1_166' title='bbox 1155 2002 1212 2045; x_wconf 91' lang='lat' dir='ltr'>nno</span> <span class='ocrx_word' id='word_1_167' title='bbox 1240 2002 1307 2046; x_wconf 90' lang='lat' dir='ltr'>sese</span> <span class='ocrx_word' id='word_1_168' title='bbox 1335 1981 1448 2065; x_wconf 89' lang='lat' dir='ltr'>recepit</span> <span class='ocrx_word' id='word_1_169' title='bbox 1462 1983 1513 2063; x_wconf 8' lang='lat' dir='ltr'>ad?</span> 
     </span>
     <span class='ocr_line' id='line_1_20' title="bbox 163 2067 1500 2152; baseline -0.002 -15"><span class='ocrx_word' id='word_1_170' title='bbox 163 2073 258 2137; x_wconf 76' lang='lat' dir='ltr'>aiud:</span> <span class='ocrx_word' id='word_1_171' title='bbox 291 2090 346 2135; x_wconf 86' lang='lat' dir='ltr'>nec</span> <span class='ocrx_word' id='word_1_172' title='bbox 378 2071 484 2134; x_wconf 90' lang='lat' dir='ltr'>eadem</span> <span class='ocrx_word' id='word_1_173' title='bbox 511 2070 640 2134; x_wconf 91' lang='lat' dir='ltr'>omnium</span> <span class='ocrx_word' id='word_1_174' title='bbox 666 2071 859 2133; x_wconf 88' lang='lat' dir='ltr'>castellomm</span> <span class='ocrx_word' id='word_1_175' title='bbox 886 2071 963 2133; x_wconf 90' lang='lat' dir='ltr'>ratio</span> <span class='ocrx_word' id='word_1_176' title='bbox 987 2071 1192 2152; x_wconf 85' lang='lat' dir='ltr'>expugnandi,</span> <span class='ocrx_word' id='word_1_177' title='bbox 1225 2091 1280 2133; x_wconf 88' lang='lat' dir='ltr'>nec</span> <span class='ocrx_word' id='word_1_178' title='bbox 1303 2072 1361 2134; x_wconf 87' lang='lat' dir='ltr'>iter</span> <span class='ocrx_word' id='word_1_179' title='bbox 1382 2071 1420 2134; x_wconf 90' lang='lat' dir='ltr'>ab</span> <span class='ocrx_word' id='word_1_180' title='bbox 1443 2067 1500 2135; x_wconf 83' lang='lat' dir='ltr'>nnb</span> 
     </span>
     <span class='ocr_line' id='line_1_21' title="bbox 164 2159 1499 2243; baseline -0.001 -17"><span class='ocrx_word' id='word_1_181' title='bbox 164 2163 198 2226; x_wconf 87' lang='lat' dir='ltr'>sd</span> <span class='ocrx_word' id='word_1_182' title='bbox 221 2168 327 2226; x_wconf 86' lang='lat' dir='ltr'>cetera</span> <span class='ocrx_word' id='word_1_183' title='bbox 350 2161 533 2243; x_wconf 85' lang='lat' dir='ltr'>expeditum,</span> <span class='ocrx_word' id='word_1_184' title='bbox 568 2162 622 2223; x_wconf 90' lang='lat' dir='ltr'>sed</span> <span class='ocrx_word' id='word_1_185' title='bbox 650 2168 702 2223; x_wconf 90' lang='lat' dir='ltr'>aut</span> <span class='ocrx_word' id='word_1_186' title='bbox 725 2160 892 2222; x_wconf 85' lang='lat' dir='ltr'>fluminibus</span> <span class='ocrx_word' id='word_1_187' title='bbox 915 2159 1120 2242; x_wconf 86' lang='lat' dir='ltr'>interceptum,</span> <span class='ocrx_word' id='word_1_188' title='bbox 1145 2169 1198 2223; x_wconf 88' lang='lat' dir='ltr'>aut</span> <span class='ocrx_word' id='word_1_189' title='bbox 1220 2160 1354 2224; x_wconf 88' lang='lat' dir='ltr'>sentibus</span> <span class='ocrx_word' id='word_1_190' title='bbox 1373 2161 1499 2242; x_wconf 91' lang='lat' dir='ltr'>impedi·</span> 
     </span>
     <span class='ocr_line' id='line_1_22' title="bbox 164 2250 1498 2332; baseline 0 -18"><span class='ocrx_word' id='word_1_191' title='bbox 164 2261 233 2328; x_wconf 87' lang='lat' dir='ltr'>tum,</span> <span class='ocrx_word' id='word_1_192' title='bbox 259 2251 474 2332; x_wconf 81' lang='lat' dir='ltr'>utplurimum</span> <span class='ocrx_word' id='word_1_193' title='bbox 497 2269 567 2312; x_wconf 91' lang='lat' dir='ltr'>vero</span> <span class='ocrx_word' id='word_1_194' title='bbox 591 2250 791 2331; x_wconf 90' lang='lat' dir='ltr'>incognitum:</span> <span class='ocrx_word' id='word_1_195' title='bbox 815 2269 891 2331; x_wconf 90' lang='lat' dir='ltr'>quae</span> <span class='ocrx_word' id='word_1_196' title='bbox 915 2250 1032 2331; x_wconf 90' lang='lat' dir='ltr'>singula</span> <span class='ocrx_word' id='word_1_197' title='bbox 1055 2250 1118 2312; x_wconf 90' lang='lat' dir='ltr'>suis</span> <span class='ocrx_word' id='word_1_198' title='bbox 1133 2250 1208 2313; x_wconf 87' lang='lat' dir='ltr'>locis</span> <span class='ocrx_word' id='word_1_199' title='bbox 1231 2250 1260 2312; x_wconf 90' lang='lat' dir='ltr'>in</span> <span class='ocrx_word' id='word_1_200' title='bbox 1281 2250 1498 2314; x_wconf 87' lang='lat' dir='ltr'>boccommen·</span> 
     </span>
     <span class='ocr_line' id='line_1_23' title="bbox 164 2341 530 2423; baseline -0.008 -17"><span class='ocrx_word' id='word_1_201' title='bbox 164 2341 236 2406; x_wconf 87' lang='lat' dir='ltr'>tario</span> <span class='ocrx_word' id='word_1_202' title='bbox 259 2341 429 2423; x_wconf 83' lang='lat' dir='ltr'>perscripta</span> <span class='ocrx_word' id='word_1_203' title='bbox 451 2348 530 2403; x_wconf 87' lang='lat' dir='ltr'>sunt.</span> 
     </span>
    </p>

    <p class='ocr_par' dir='ltr' id='par_1_5' title="bbox 165 2427 1503 3047">
     <span class='ocr_line' id='line_1_24' title="bbox 246 2427 1502 2510; baseline 0 -16"><span class='ocrx_word' id='word_1_204' title='bbox 246 2430 373 2494; x_wconf 86' lang='lat' dir='ltr'>Interim</span> <span class='ocrx_word' id='word_1_205' title='bbox 395 2430 427 2492; x_wconf 93' lang='lat' dir='ltr'>in</span> <span class='ocrx_word' id='word_1_206' title='bbox 445 2429 521 2491; x_wconf 90' lang='lat' dir='ltr'>meis</span> <span class='ocrx_word' id='word_1_207' title='bbox 542 2429 651 2492; x_wconf 88' lang='lat' dir='ltr'>castris</span> <span class='ocrx_word' id='word_1_208' title='bbox 675 2429 752 2510; x_wconf 92' lang='lat' dir='ltr'>quod</span> <span class='ocrx_word' id='word_1_209' title='bbox 772 2427 876 2503; x_wconf 90' lang='lat' dir='ltr'>cladis,</span> <span class='ocrx_word' id='word_1_210' title='bbox 902 2429 979 2510; x_wconf 92' lang='lat' dir='ltr'>qnod</span> <span class='ocrx_word' id='word_1_211' title='bbox 995 2428 1177 2491; x_wconf 89' lang='lat' dir='ltr'>calamitatis</span> <span class='ocrx_word' id='word_1_212' title='bbox 1192 2447 1284 2509; x_wconf 90' lang='lat' dir='ltr'>genus</span> <span class='ocrx_word' id='word_1_213' title='bbox 1301 2447 1358 2491; x_wconf 92' lang='lat' dir='ltr'>non</span> <span class='ocrx_word' id='word_1_214' title='bbox 1374 2428 1502 2494; x_wconf 80' lang='lat' dir='ltr'>saeviit?</span> 
     </span>
     <span class='ocr_line' id='line_1_25' title="bbox 167 2517 1503 2601; baseline -0.001 -16"><span class='ocrx_word' id='word_1_215' title='bbox 167 2519 333 2586; x_wconf 80' lang='lat' dir='ltr'>Clarissimi</span> <span class='ocrx_word' id='word_1_216' title='bbox 356 2520 450 2584; x_wconf 89' lang='lat' dir='ltr'>Ducis</span> <span class='ocrx_word' id='word_1_217' title='bbox 469 2520 606 2601; x_wconf 83' lang='lat' dir='ltr'>jactura,</span> <span class='ocrx_word' id='word_1_218' title='bbox 644 2518 767 2594; x_wconf 86' lang='lat' dir='ltr'>seditio,</span> <span class='ocrx_word' id='word_1_219' title='bbox 804 2517 915 2599; x_wconf 90' lang='lat' dir='ltr'>pestis,</span> <span class='ocrx_word' id='word_1_220' title='bbox 939 2517 1048 2592; x_wconf 89' lang='lat' dir='ltr'>morbi,</span> <span class='ocrx_word' id='word_1_221' title='bbox 1081 2519 1246 2581; x_wconf 88' lang='lat' dir='ltr'>domestica</span> <span class='ocrx_word' id='word_1_222' title='bbox 1276 2519 1397 2598; x_wconf 89' lang='lat' dir='ltr'>negotia</span> <span class='ocrx_word' id='word_1_223' title='bbox 1423 2519 1503 2583; x_wconf 90' lang='lat' dir='ltr'>bona</span> 
     </span>
     <span class='ocr_line' id='line_1_26' title="bbox 165 2607 1502 2694; baseline -0.002 -19"><span class='ocrx_word' id='word_1_224' title='bbox 165 2612 319 2694; x_wconf 69' lang='lat' dir='ltr'>meque,</span> <span class='ocrx_word' id='word_1_225' title='bbox 343 2617 469 2690; x_wconf 74' lang='lat' dir='ltr'>utraqm</span> <span class='ocrx_word' id='word_1_226' title='bbox 502 2608 630 2690; x_wconf 81' lang='lat' dir='ltr'>tempori</span> <span class='ocrx_word' id='word_1_227' title='bbox 646 2607 841 2672; x_wconf 77' lang='lat' dir='ltr'>extrahendo</span> <span class='ocrx_word' id='word_1_228' title='bbox 870 2617 1058 2688; x_wconf 89' lang='lat' dir='ltr'>comparata:</span> <span class='ocrx_word' id='word_1_229' title='bbox 1091 2627 1185 2671; x_wconf 90' lang='lat' dir='ltr'>novus</span> <span class='ocrx_word' id='word_1_230' title='bbox 1212 2617 1245 2670; x_wconf 92' lang='lat' dir='ltr'>et</span> <span class='ocrx_word' id='word_1_231' title='bbox 1267 2608 1446 2688; x_wconf 86' lang='lat' dir='ltr'>improvisus</span> <span class='ocrx_word' id='word_1_232' title='bbox 1469 2618 1502 2672; x_wconf 90' lang='lat' dir='ltr'>et</span> 
     </span>
     <span class='ocr_line' id='line_1_27' title="bbox 166 2697 1501 2780; baseline -0.004 -14"><span class='ocrx_word' id='word_1_233' title='bbox 166 2699 306 2765; x_wconf 82' lang='lat' dir='ltr'>terribilis</span> <span class='ocrx_word' id='word_1_234' title='bbox 333 2719 354 2761; x_wconf 90' lang='lat' dir='ltr'>a</span> <span class='ocrx_word' id='word_1_235' title='bbox 376 2706 463 2779; x_wconf 88' lang='lat' dir='ltr'>tergo</span> <span class='ocrx_word' id='word_1_236' title='bbox 490 2698 603 2773; x_wconf 87' lang='lat' dir='ltr'>hostis,</span> <span class='ocrx_word' id='word_1_237' title='bbox 636 2706 670 2761; x_wconf 90' lang='lat' dir='ltr'>ut</span> <span class='ocrx_word' id='word_1_238' title='bbox 696 2698 784 2760; x_wconf 88' lang='lat' dir='ltr'>retuli</span> <span class='ocrx_word' id='word_1_239' title='bbox 813 2698 842 2759; x_wconf 91' lang='lat' dir='ltr'>in</span> <span class='ocrx_word' id='word_1_240' title='bbox 866 2697 940 2759; x_wconf 89' lang='lat' dir='ltr'>libro</span> <span class='ocrx_word' id='word_1_241' title='bbox 965 2698 1001 2759; x_wconf 87' lang='lat' dir='ltr'>de</span> <span class='ocrx_word' id='word_1_242' title='bbox 1023 2697 1112 2760; x_wconf 84' lang='lat' dir='ltr'>Nova</span> <span class='ocrx_word' id='word_1_243' title='bbox 1135 2697 1252 2774; x_wconf 87' lang='lat' dir='ltr'>Stella;</span> <span class='ocrx_word' id='word_1_244' title='bbox 1285 2698 1345 2760; x_wconf 90' lang='lat' dir='ltr'>alio</span> <span class='ocrx_word' id='word_1_245' title='bbox 1368 2706 1501 2780; x_wconf 88' lang='lat' dir='ltr'>tempore</span> 
     </span>
     <span class='ocr_line' id='line_1_28' title="bbox 166 2784 1502 2869; baseline -0.002 -15"><span class='ocrx_word' id='word_1_246' title='bbox 166 2789 260 2854; x_wconf 90' lang='lat' dir='ltr'>llraco</span> <span class='ocrx_word' id='word_1_247' title='bbox 283 2789 474 2863; x_wconf 87' lang='lat' dir='ltr'>decumanus,</span> <span class='ocrx_word' id='word_1_248' title='bbox 498 2788 675 2868; x_wconf 89' lang='lat' dir='ltr'>longissima</span> <span class='ocrx_word' id='word_1_249' title='bbox 698 2784 812 2863; x_wconf 80' lang='lat' dir='ltr'>cauda,</span> <span class='ocrx_word' id='word_1_250' title='bbox 827 2804 949 2849; x_wconf 89' lang='lat' dir='ltr'>vomens</span> <span class='ocrx_word' id='word_1_251' title='bbox 973 2787 1057 2867; x_wconf 88' lang='lat' dir='ltr'>ignes</span> <span class='ocrx_word' id='word_1_252' title='bbox 1075 2806 1199 2869; x_wconf 90' lang='lat' dir='ltr'>meaque</span> <span class='ocrx_word' id='word_1_253' title='bbox 1218 2794 1320 2850; x_wconf 87' lang='lat' dir='ltr'>castra</span> <span class='ocrx_word' id='word_1_254' title='bbox 1337 2788 1502 2864; x_wconf 86' lang='lat' dir='ltr'>infestans;</span> 
     </span>
     <span class='ocr_line' id='line_1_29' title="bbox 166 2875 1501 2960; baseline -0.003 -16"><span class='ocrx_word' id='word_1_255' title='bbox 166 2881 289 2944; x_wconf 89' lang='lat' dir='ltr'>militum</span> <span class='ocrx_word' id='word_1_256' title='bbox 311 2876 450 2960; x_wconf 86' lang='lat' dir='ltr'>perfugia</span> <span class='ocrx_word' id='word_1_257' title='bbox 472 2885 503 2940; x_wconf 88' lang='lat' dir='ltr'>et</span> <span class='ocrx_word' id='word_1_258' title='bbox 524 2877 667 2958; x_wconf 76' lang='lat' dir='ltr'>penuria:</span> <span class='ocrx_word' id='word_1_259' title='bbox 690 2884 827 2960; x_wconf 85' lang='lat' dir='ltr'>tyronum</span> <span class='ocrx_word' id='word_1_260' title='bbox 849 2875 1018 2957; x_wconf 84' lang='lat' dir='ltr'>imperitia:</span> <span class='ocrx_word' id='word_1_261' title='bbox 1043 2883 1074 2939; x_wconf 89' lang='lat' dir='ltr'>et</span> <span class='ocrx_word' id='word_1_262' title='bbox 1097 2886 1188 2960; x_wconf 88' lang='lat' dir='ltr'>caput</span> <span class='ocrx_word' id='word_1_263' title='bbox 1203 2877 1341 2952; x_wconf 90' lang='lat' dir='ltr'>omnium,</span> <span class='ocrx_word' id='word_1_264' title='bbox 1365 2886 1501 2941; x_wconf 88' lang='lat' dir='ltr'>extrema</span> 
     </span>
     <span class='ocr_line' id='line_1_30' title="bbox 167 2967 554 3047; baseline -0.013 -13"><span class='ocrx_word' id='word_1_265' title='bbox 167 2975 382 3034; x_wconf 87' lang='lat' dir='ltr'>commeatuum</span> <span class='ocrx_word' id='word_1_266' title='bbox 405 2967 554 3047; x_wconf 90' lang='lat' dir='ltr'>angustia.</span> 
     </span>
    </p>
   </div>
   <div class='ocr_carea' id='block_1_3' title="bbox 249 3052 1620 3137">
    <p class='ocr_par' dir='ltr' id='par_1_6' title="bbox 249 3052 1620 3137">
     <span class='ocr_line' id='line_1_31' title="bbox 249 3052 1620 3137; baseline 0.001 -17"><span class='ocrx_word' id='word_1_267' title='bbox 249 3057 387 3120; x_wconf 82' lang='lat' dir='ltr'>Tandem</span> <span class='ocrx_word' id='word_1_268' title='bbox 408 3056 514 3132; x_wconf 90' lang='lat' dir='ltr'>bostis,</span> <span class='ocrx_word' id='word_1_269' title='bbox 540 3055 590 3118; x_wconf 91' lang='lat' dir='ltr'>ubi</span> <span class='ocrx_word' id='word_1_270' title='bbox 613 3074 659 3117; x_wconf 90' lang='lat' dir='ltr'>me</span> <span class='ocrx_word' id='word_1_271' title='bbox 682 3054 843 3137; x_wconf 89' lang='lat' dir='ltr'>persistere</span> <span class='ocrx_word' id='word_1_272' title='bbox 867 3052 944 3117; x_wconf 90' lang='lat' dir='ltr'>vidit</span> <span class='ocrx_word' id='word_1_273' title='bbox 965 3055 994 3118; x_wconf 93' lang='lat' dir='ltr'>in</span> <span class='ocrx_word' id='word_1_274' title='bbox 1017 3057 1187 3136; x_wconf 88' lang='lat' dir='ltr'>proposito,</span> <span class='ocrx_word' id='word_1_275' title='bbox 1217 3074 1249 3117; x_wconf 90' lang='lat' dir='ltr'>se</span> <span class='ocrx_word' id='word_1_276' title='bbox 1272 3074 1343 3119; x_wconf 88' lang='lat' dir='ltr'>vero</span> <span class='ocrx_word' id='word_1_277' title='bbox 1366 3055 1502 3137; x_wconf 88' lang='lat' dir='ltr'>nuspiam</span> <span class='ocrx_word' id='word_1_278' title='bbox 1617 3125 1620 3137; x_wconf 52' lang='grc'><strong>,</strong></span> 
     </span>
    </p>
   </div>
   <div class='ocr_carea' id='block_1_4' title="bbox 166 3145 1509 4301">
    <p class='ocr_par' dir='ltr' id='par_1_7' title="bbox 167 3145 1501 3496">
     <span class='ocr_line' id='line_1_32' title="bbox 168 3145 1499 3230; baseline -0.001 -21"><span class='ocrx_word' id='word_1_279' title='bbox 168 3146 303 3230; x_wconf 86' lang='lat' dir='ltr'>inregni</span> <span class='ocrx_word' id='word_1_280' title='bbox 326 3147 373 3209; x_wconf 87' lang='lat' dir='ltr'>aui</span> <span class='ocrx_word' id='word_1_281' title='bbox 396 3145 520 3209; x_wconf 90' lang='lat' dir='ltr'>circuitu</span> <span class='ocrx_word' id='word_1_282' title='bbox 542 3152 641 3208; x_wconf 91' lang='lat' dir='ltr'>tutum</span> <span class='ocrx_word' id='word_1_283' title='bbox 665 3153 717 3207; x_wconf 91' lang='lat' dir='ltr'>aut</span> <span class='ocrx_word' id='word_1_284' title='bbox 741 3162 890 3218; x_wconf 86' lang='lat' dir='ltr'>securum,</span> <span class='ocrx_word' id='word_1_285' title='bbox 916 3145 1044 3208; x_wconf 89' lang='lat' dir='ltr'>animum</span> <span class='ocrx_word' id='word_1_286' title='bbox 1064 3146 1102 3207; x_wconf 90' lang='lat' dir='ltr'>ad</span> <span class='ocrx_word' id='word_1_287' title='bbox 1120 3146 1205 3227; x_wconf 86' lang='lat' dir='ltr'>pacis</span> <span class='ocrx_word' id='word_1_288' title='bbox 1220 3145 1346 3207; x_wconf 90' lang='lat' dir='ltr'>consilia</span> <span class='ocrx_word' id='word_1_289' title='bbox 1355 3145 1499 3223; x_wconf 88' lang='lat' dir='ltr'>traduxit,</span> 
     </span>
     <span class='ocr_line' id='line_1_33' title="bbox 167 3232 1501 3319; baseline -0.004 -17"><span class='ocrx_word' id='word_1_290' title='bbox 167 3239 314 3319; x_wconf 87' lang='lat' dir='ltr'>missaque</span> <span class='ocrx_word' id='word_1_291' title='bbox 337 3242 447 3298; x_wconf 86' lang='lat' dir='ltr'>natura</span> <span class='ocrx_word' id='word_1_292' title='bbox 469 3243 592 3315; x_wconf 90' lang='lat' dir='ltr'>parente</span> <span class='ocrx_word' id='word_1_293' title='bbox 615 3234 760 3297; x_wconf 90' lang='lat' dir='ltr'>victoriae</span> <span class='ocrx_word' id='word_1_294' title='bbox 784 3232 856 3295; x_wconf 90' lang='lat' dir='ltr'>mihi</span> <span class='ocrx_word' id='word_1_295' title='bbox 880 3234 1097 3298; x_wconf 85' lang='lat' dir='ltr'>confessionem</span> <span class='ocrx_word' id='word_1_296' title='bbox 1118 3234 1241 3310; x_wconf 78' lang='lat' dir='ltr'>obtulit:</span> <span class='ocrx_word' id='word_1_297' title='bbox 1276 3235 1501 3318; x_wconf 87' lang='lat' dir='ltr'>libertatemque</span> 
     </span>
     <span class='ocr_line' id='line_1_34' title="bbox 169 3323 1500 3407; baseline -0.002 -16"><span class='ocrx_word' id='word_1_298' title='bbox 169 3337 273 3407; x_wconf 87' lang='lat' dir='ltr'>pactus</span> <span class='ocrx_word' id='word_1_299' title='bbox 296 3325 376 3388; x_wconf 89' lang='lat' dir='ltr'>inter</span> <span class='ocrx_word' id='word_1_300' title='bbox 398 3324 560 3388; x_wconf 88' lang='lat' dir='ltr'>arbitraria</span> <span class='ocrx_word' id='word_1_301' title='bbox 581 3324 709 3400; x_wconf 87' lang='lat' dir='ltr'>vincula,</span> <span class='ocrx_word' id='word_1_302' title='bbox 734 3323 816 3386; x_wconf 89' lang='lat' dir='ltr'>brevi</span> <span class='ocrx_word' id='word_1_303' title='bbox 838 3332 910 3403; x_wconf 90' lang='lat' dir='ltr'>post</span> <span class='ocrx_word' id='word_1_304' title='bbox 927 3325 1117 3388; x_wconf 88' lang='lat' dir='ltr'>arithmetica</span> <span class='ocrx_word' id='word_1_305' title='bbox 1140 3335 1171 3388; x_wconf 91' lang='lat' dir='ltr'>et</span> <span class='ocrx_word' id='word_1_306' title='bbox 1194 3324 1359 3405; x_wconf 85' lang='lat' dir='ltr'>geometria</span> <span class='ocrx_word' id='word_1_307' title='bbox 1381 3324 1500 3406; x_wconf 87' lang='lat' dir='ltr'>stipan-</span> 
     </span>
     <span class='ocr_line' id='line_1_35' title="bbox 169 3413 1108 3496; baseline -0.003 -15"><span class='ocrx_word' id='word_1_308' title='bbox 169 3417 261 3494; x_wconf 82' lang='lat' dir='ltr'>obus,</span> <span class='ocrx_word' id='word_1_309' title='bbox 285 3415 316 3478; x_wconf 91' lang='lat' dir='ltr'>in</span> <span class='ocrx_word' id='word_1_310' title='bbox 340 3433 409 3477; x_wconf 87' lang='lat' dir='ltr'>mea</span> <span class='ocrx_word' id='word_1_311' title='bbox 431 3424 533 3478; x_wconf 73' lang='lat' dir='ltr'>cmtra</span> <span class='ocrx_word' id='word_1_312' title='bbox 555 3433 666 3496; x_wconf 88' lang='lat' dir='ltr'>magna</span> <span class='ocrx_word' id='word_1_313' title='bbox 688 3433 755 3476; x_wconf 91' lang='lat' dir='ltr'>cnm</span> <span class='ocrx_word' id='word_1_314' title='bbox 779 3413 935 3477; x_wconf 78' lang='lat' dir='ltr'>alacritate</span> <span class='ocrx_word' id='word_1_315' title='bbox 958 3413 1108 3478; x_wconf 86' lang='lat' dir='ltr'>transivit.</span> 
     </span>
    </p>

    <p class='ocr_par' dir='ltr' id='par_1_8' title="bbox 166 3501 1500 3943">
     <span class='ocr_line' id='line_1_36' title="bbox 253 3501 1500 3584; baseline -0.001 -16"><span class='ocrx_word' id='word_1_316' title='bbox 253 3502 323 3569; x_wconf 88' lang='lat' dir='ltr'>Non</span> <span class='ocrx_word' id='word_1_317' title='bbox 347 3503 466 3567; x_wconf 88' lang='lat' dir='ltr'>destitit</span> <span class='ocrx_word' id='word_1_318' title='bbox 488 3511 598 3581; x_wconf 70' lang='lat' dir='ltr'>tamem</span> <span class='ocrx_word' id='word_1_319' title='bbox 623 3523 661 3565; x_wconf 86' lang='lat' dir='ltr'>ex</span> <span class='ocrx_word' id='word_1_320' title='bbox 683 3522 740 3584; x_wconf 92' lang='lat' dir='ltr'>quo</span> <span class='ocrx_word' id='word_1_321' title='bbox 764 3501 913 3565; x_wconf 87' lang='lat' dir='ltr'>deditione</span> <span class='ocrx_word' id='word_1_322' title='bbox 937 3504 1019 3567; x_wconf 88' lang='lat' dir='ltr'>facta</span> <span class='ocrx_word' id='word_1_323' title='bbox 1051 3504 1129 3567; x_wconf 92' lang='lat' dir='ltr'>domi</span> <span class='ocrx_word' id='word_1_324' title='bbox 1151 3511 1273 3566; x_wconf 89' lang='lat' dir='ltr'>nostrae</span> <span class='ocrx_word' id='word_1_325' title='bbox 1296 3502 1399 3584; x_wconf 87' lang='lat' dir='ltr'>aequis</span> <span class='ocrx_word' id='word_1_326' title='bbox 1423 3503 1500 3567; x_wconf 53' lang='lat' dir='ltr'>amia</span> 
     </span>
     <span class='ocr_line' id='line_1_37' title="bbox 168 3590 1500 3675; baseline -0.004 -15"><span class='ocrx_word' id='word_1_327' title='bbox 168 3595 254 3660; x_wconf 83' lang='lat' dir='ltr'>titiae</span> <span class='ocrx_word' id='word_1_328' title='bbox 278 3593 397 3674; x_wconf 88' lang='lat' dir='ltr'>legibus</span> <span class='ocrx_word' id='word_1_329' title='bbox 411 3602 614 3670; x_wconf 89' lang='lat' dir='ltr'>conversatur,</span> <span class='ocrx_word' id='word_1_330' title='bbox 638 3592 763 3655; x_wconf 88' lang='lat' dir='ltr'>occultis</span> <span class='ocrx_word' id='word_1_331' title='bbox 778 3590 972 3669; x_wconf 90' lang='lat' dir='ltr'>illusionibus,</span> <span class='ocrx_word' id='word_1_332' title='bbox 998 3593 1105 3675; x_wconf 90' lang='lat' dir='ltr'>quippe</span> <span class='ocrx_word' id='word_1_333' title='bbox 1124 3591 1232 3675; x_wconf 89' lang='lat' dir='ltr'>qnietis</span> <span class='ocrx_word' id='word_1_334' title='bbox 1246 3592 1390 3668; x_wconf 89' lang='lat' dir='ltr'>insuetus,</span> <span class='ocrx_word' id='word_1_335' title='bbox 1414 3592 1500 3656; x_wconf 90' lang='lat' dir='ltr'>uobis</span> 
     </span>
     <span class='ocr_line' id='line_1_38' title="bbox 168 3681 1500 3767; baseline -0.002 -19"><span class='ocrx_word' id='word_1_336' title='bbox 168 3686 242 3750; x_wconf 87' lang='lat' dir='ltr'>dtro</span> <span class='ocrx_word' id='word_1_337' title='bbox 267 3682 370 3746; x_wconf 90' lang='lat' dir='ltr'>nescio</span> <span class='ocrx_word' id='word_1_338' title='bbox 391 3702 469 3767; x_wconf 17' lang='lat' dir='ltr'>‘qnos</span> <span class='ocrx_word' id='word_1_339' title='bbox 492 3683 564 3746; x_wconf 87' lang='lat' dir='ltr'>belli</span> <span class='ocrx_word' id='word_1_340' title='bbox 586 3690 684 3745; x_wconf 89' lang='lat' dir='ltr'>metus</span> <span class='ocrx_word' id='word_1_341' title='bbox 705 3682 857 3744; x_wconf 89' lang='lat' dir='ltr'>incutere:</span> <span class='ocrx_word' id='word_1_342' title='bbox 882 3683 907 3742; x_wconf 89' lang='lat' dir='ltr'>si</span> <span class='ocrx_word' id='word_1_343' title='bbox 928 3682 1004 3746; x_wconf 84' lang='lat' dir='ltr'>forte</span> <span class='ocrx_word' id='word_1_344' title='bbox 1025 3681 1232 3765; x_wconf 87' lang='lat' dir='ltr'>perterrefacti</span> <span class='ocrx_word' id='word_1_345' title='bbox 1253 3681 1369 3745; x_wconf 91' lang='lat' dir='ltr'>ridendi</span> <span class='ocrx_word' id='word_1_346' title='bbox 1384 3681 1500 3766; x_wconf 88' lang='lat' dir='ltr'>copiam</span> 
     </span>
     <span class='ocr_line' id='line_1_39' title="bbox 166 3770 1499 3856; baseline 0.001 -20"><span class='ocrx_word' id='word_1_347' title='bbox 166 3772 216 3856; x_wconf 86' lang='lat' dir='ltr'>ipsi</span> <span class='ocrx_word' id='word_1_348' title='bbox 241 3775 420 3837; x_wconf 85' lang='lat' dir='ltr'>laceremus.</span> <span class='ocrx_word' id='word_1_349' title='bbox 466 3773 511 3835; x_wconf 85' lang='lat' dir='ltr'>At</span> <span class='ocrx_word' id='word_1_350' title='bbox 533 3780 567 3835; x_wconf 93' lang='lat' dir='ltr'>ut</span> <span class='ocrx_word' id='word_1_351' title='bbox 589 3792 644 3835; x_wconf 93' lang='lat' dir='ltr'>nos</span> <span class='ocrx_word' id='word_1_352' title='bbox 668 3771 765 3835; x_wconf 92' lang='lat' dir='ltr'>animo</span> <span class='ocrx_word' id='word_1_353' title='bbox 790 3771 860 3832; x_wconf 89' lang='lat' dir='ltr'>lorti</span> <span class='ocrx_word' id='word_1_354' title='bbox 882 3771 966 3848; x_wconf 90' lang='lat' dir='ltr'>vidit,</span> <span class='ocrx_word' id='word_1_355' title='bbox 991 3773 1143 3835; x_wconf 90' lang='lat' dir='ltr'>nobiscum</span> <span class='ocrx_word' id='word_1_356' title='bbox 1164 3770 1301 3834; x_wconf 88' lang='lat' dir='ltr'>habitare</span> <span class='ocrx_word' id='word_1_357' title='bbox 1324 3773 1403 3835; x_wconf 87' lang='lat' dir='ltr'>serio</span> <span class='ocrx_word' id='word_1_358' title='bbox 1426 3791 1499 3837; x_wconf 91' lang='lat' dir='ltr'>con·</span> 
     </span>
     <span class='ocr_line' id='line_1_40' title="bbox 169 3858 1438 3943; baseline 0 -16"><span class='ocrx_word' id='word_1_359' title='bbox 169 3863 259 3928; x_wconf 84' lang='lat' dir='ltr'>sentit</span> <span class='ocrx_word' id='word_1_360' title='bbox 279 3861 514 3943; x_wconf 89' lang='lat' dir='ltr'>hostilitatisque</span> <span class='ocrx_word' id='word_1_361' title='bbox 538 3861 677 3942; x_wconf 89' lang='lat' dir='ltr'>deposita</span> <span class='ocrx_word' id='word_1_362' title='bbox 707 3858 894 3924; x_wconf 89' lang='lat' dir='ltr'>simulatione</span> <span class='ocrx_word' id='word_1_363' title='bbox 923 3860 1009 3924; x_wconf 80' lang='lat' dir='ltr'>idam</span> <span class='ocrx_word' id='word_1_364' title='bbox 1035 3882 1121 3925; x_wconf 86' lang='lat' dir='ltr'>suam</span> <span class='ocrx_word' id='word_1_365' title='bbox 1142 3859 1227 3923; x_wconf 91' lang='lat' dir='ltr'>nobis</span> <span class='ocrx_word' id='word_1_366' title='bbox 1250 3861 1438 3942; x_wconf 87' lang='lat' dir='ltr'>approbavit.</span> 
     </span>
    </p>

    <p class='ocr_par' dir='ltr' id='par_1_9' title="bbox 166 3949 1509 4301">
     <span class='ocr_line' id='line_1_41' title="bbox 249 3949 1500 4033; baseline 0 -18"><span class='ocrx_word' id='word_1_367' title='bbox 249 3952 369 4015; x_wconf 89' lang='lat' dir='ltr'>Unum</span> <span class='ocrx_word' id='word_1_368' title='bbox 392 3950 448 4014; x_wconf 90' lang='lat' dir='ltr'>boc</span> <span class='ocrx_word' id='word_1_369' title='bbox 470 3951 555 4013; x_wconf 72' lang='lat' dir='ltr'>Mam</span> <span class='ocrx_word' id='word_1_370' title='bbox 575 3951 649 4013; x_wconf 72' lang='lat' dir='ltr'>V⁸¹²¹</span> <span class='ocrx_word' id='word_1_371' title='bbox 671 3958 775 4032; x_wconf 92' lang='lat' dir='ltr'>rogat,</span> <span class='ocrx_word' id='word_1_372' title='bbox 803 3958 837 4011; x_wconf 87' lang='lat' dir='ltr'>ut</span> <span class='ocrx_word' id='word_1_373' title='bbox 867 3950 935 4031; x_wconf 91' lang='lat' dir='ltr'>quia</span> <span class='ocrx_word' id='word_1_374' title='bbox 957 3970 1082 4033; x_wconf 88' lang='lat' dir='ltr'>magnas</span> <span class='ocrx_word' id='word_1_375' title='bbox 1104 3952 1136 4014; x_wconf 90' lang='lat' dir='ltr'>in</span> <span class='ocrx_word' id='word_1_376' title='bbox 1157 3949 1327 4031; x_wconf 88' lang='lat' dir='ltr'>regionibns</span> <span class='ocrx_word' id='word_1_377' title='bbox 1349 3952 1500 4017; x_wconf 91' lang='lat' dir='ltr'>aethereis</span> 
     </span>
     <span class='ocr_line' id='line_1_42' title="bbox 166 4036 1500 4124; baseline -0.003 -17"><span class='ocrx_word' id='word_1_378' title='bbox 166 4041 320 4107; x_wconf 77' lang='lat' dir='ltr'>odantelas</span> <span class='ocrx_word' id='word_1_379' title='bbox 342 4038 436 4104; x_wconf 91' lang='lat' dir='ltr'>babet</span> <span class='ocrx_word' id='word_1_380' title='bbox 459 4036 525 4123; x_wconf 88' lang='lat' dir='ltr'>(ast</span> <span class='ocrx_word' id='word_1_381' title='bbox 546 4040 653 4122; x_wconf 92' lang='lat' dir='ltr'>quippe</span> <span class='ocrx_word' id='word_1_382' title='bbox 675 4048 763 4120; x_wconf 89' lang='lat' dir='ltr'>pater</span> <span class='ocrx_word' id='word_1_383' title='bbox 783 4038 843 4123; x_wconf 90' lang='lat' dir='ltr'>ipsi</span> <span class='ocrx_word' id='word_1_384' title='bbox 864 4039 999 4124; x_wconf 87' lang='lat' dir='ltr'>Jupiter,</span> <span class='ocrx_word' id='word_1_385' title='bbox 1023 4060 1098 4103; x_wconf 90' lang='lat' dir='ltr'>avus</span> <span class='ocrx_word' id='word_1_386' title='bbox 1120 4038 1278 4117; x_wconf 89' lang='lat' dir='ltr'>Satumus‚</span> <span class='ocrx_word' id='word_1_387' title='bbox 1294 4041 1400 4105; x_wconf 86' lang='lat' dir='ltr'>Venus</span> <span class='ocrx_word' id='word_1_388' title='bbox 1414 4060 1500 4105; x_wconf 92' lang='lat' dir='ltr'>soror</span> 
     </span>
     <span class='ocr_line' id='line_1_43' title="bbox 169 4129 1509 4213; baseline -0.001 -18"><span class='ocrx_word' id='word_1_389' title='bbox 169 4131 328 4213; x_wconf 82' lang='lat' dir='ltr'>eademque</span> <span class='ocrx_word' id='word_1_390' title='bbox 365 4129 463 4192; x_wconf 90' lang='lat' dir='ltr'>amica</span> <span class='ocrx_word' id='word_1_391' title='bbox 492 4130 607 4211; x_wconf 88' lang='lat' dir='ltr'>etjam</span> <span class='ocrx_word' id='word_1_392' title='bbox 630 4130 700 4193; x_wconf 93' lang='lat' dir='ltr'>olim</span> <span class='ocrx_word' id='word_1_393' title='bbox 722 4130 913 4211; x_wconf 89' lang='lat' dir='ltr'>praecipuum</span> <span class='ocrx_word' id='word_1_394' title='bbox 935 4130 1118 4193; x_wconf 87' lang='lat' dir='ltr'>vinculorum</span> <span class='ocrx_word' id='word_1_395' title='bbox 1141 4130 1346 4207; x_wconf 89' lang='lat' dir='ltr'>lenimentum,</span> <span class='ocrx_word' id='word_1_396' title='bbox 1375 4131 1509 4194; x_wconf 67' lang='lat' dir='ltr'>Mercu·</span> 
     </span>
     <span class='ocr_line' id='line_1_44' title="bbox 167 4218 1499 4301; baseline -0.001 -16"><span class='ocrx_word' id='word_1_397' title='bbox 167 4220 222 4285; x_wconf 85' lang='lat' dir='ltr'>n&#39;us</span> <span class='ocrx_word' id='word_1_398' title='bbox 246 4222 342 4284; x_wconf 80' lang='lat' dir='ltr'>frater</span> <span class='ocrx_word' id='word_1_399' title='bbox 364 4219 496 4300; x_wconf 85' lang='lat' dir='ltr'>fidusque</span> <span class='ocrx_word' id='word_1_400' title='bbox 515 4219 708 4294; x_wconf 85' lang='lat' dir='ltr'>caduceator)</span> <span class='ocrx_word' id='word_1_401' title='bbox 730 4237 887 4301; x_wconf 87' lang='lat' dir='ltr'>eorumque</span> <span class='ocrx_word' id='word_1_402' title='bbox 900 4220 965 4301; x_wconf 92' lang='lat' dir='ltr'>ipse</span> <span class='ocrx_word' id='word_1_403' title='bbox 980 4228 1012 4282; x_wconf 87' lang='lat' dir='ltr'>et</span> <span class='ocrx_word' id='word_1_404' title='bbox 1029 4219 1123 4300; x_wconf 90' lang='lat' dir='ltr'>ipsius</span> <span class='ocrx_word' id='word_1_405' title='bbox 1137 4218 1181 4282; x_wconf 91' lang='lat' dir='ltr'>illi</span> <span class='ocrx_word' id='word_1_406' title='bbox 1196 4219 1345 4284; x_wconf 89' lang='lat' dir='ltr'>desiderio</span> <span class='ocrx_word' id='word_1_407' title='bbox 1360 4227 1499 4284; x_wconf 87' lang='lat' dir='ltr'>tenentur</span> 
     </span>
    </p>
   </div>
   <div class='ocr_carea' id='block_1_5' title="bbox 167 4308 1617 4393">
    <p class='ocr_par' dir='ltr' id='par_1_10' title="bbox 167 4308 1617 4393">
     <span class='ocr_line' id='line_1_45' title="bbox 167 4308 1617 4393; baseline -0.001 -19"><span class='ocrx_word' id='word_1_408' title='bbox 167 4317 286 4393; x_wconf 89' lang='lat' dir='ltr'>propter</span> <span class='ocrx_word' id='word_1_409' title='bbox 313 4328 427 4372; x_wconf 88' lang='lat' dir='ltr'>momm</span> <span class='ocrx_word' id='word_1_410' title='bbox 449 4308 693 4371; x_wconf 84' lang='lat' dir='ltr'>similitudinem:</span> <span class='ocrx_word' id='word_1_411' title='bbox 726 4310 873 4391; x_wconf 87' lang='lat' dir='ltr'>velletque</span> <span class='ocrx_word' id='word_1_412' title='bbox 898 4318 929 4371; x_wconf 85' lang='lat' dir='ltr'>et</span> <span class='ocrx_word' id='word_1_413' title='bbox 951 4309 1018 4372; x_wconf 92' lang='lat' dir='ltr'>illos</span> <span class='ocrx_word' id='word_1_414' title='bbox 1041 4327 1142 4372; x_wconf 90' lang='lat' dir='ltr'>secum</span> <span class='ocrx_word' id='word_1_415' title='bbox 1164 4309 1244 4373; x_wconf 92' lang='lat' dir='ltr'>inter</span> <span class='ocrx_word' id='word_1_416' title='bbox 1264 4308 1400 4374; x_wconf 90' lang='lat' dir='ltr'>homines</span> <span class='ocrx_word' id='word_1_417' title='bbox 1423 4329 1497 4373; x_wconf 89' lang='lat' dir='ltr'>con·</span> <span class='ocrx_word' id='word_1_418' title='bbox 1615 4334 1617 4340; x_wconf 94' lang='lat'>·</span> 
     </span>
    </p>
   </div>
   <div class='ocr_carea' id='block_1_6' title="bbox 167 4397 1498 4571">
    <p class='ocr_par' dir='ltr' id='par_1_11' title="bbox 167 4397 1498 4571">
     <span class='ocr_line' id='line_1_46' title="bbox 167 4397 1498 4482; baseline 0.004 -25"><span class='ocrx_word' id='word_1_419' title='bbox 167 4399 278 4463; x_wconf 87' lang='lat' dir='ltr'>versari</span> <span class='ocrx_word' id='word_1_420' title='bbox 303 4398 490 4479; x_wconf 88' lang='lat' dir='ltr'>honorisque,</span> <span class='ocrx_word' id='word_1_421' title='bbox 514 4417 571 4481; x_wconf 90' lang='lat' dir='ltr'>qno</span> <span class='ocrx_word' id='word_1_422' title='bbox 587 4397 716 4460; x_wconf 87' lang='lat' dir='ltr'>afficitur</span> <span class='ocrx_word' id='word_1_423' title='bbox 732 4397 808 4478; x_wconf 87' lang='lat' dir='ltr'>ipse,</span> <span class='ocrx_word' id='word_1_424' title='bbox 830 4397 894 4462; x_wconf 87' lang='lat' dir='ltr'>lieri</span> <span class='ocrx_word' id='word_1_425' title='bbox 907 4419 970 4462; x_wconf 85' lang='lat' dir='ltr'>una</span> <span class='ocrx_word' id='word_1_426' title='bbox 982 4398 1162 4480; x_wconf 85' lang='lat' dir='ltr'>participes:</span> <span class='ocrx_word' id='word_1_427' title='bbox 1186 4400 1259 4461; x_wconf 55' lang='grc' dir='ltr'>Μῦν</span> <span class='ocrx_word' id='word_1_428' title='bbox 1279 4399 1329 4461; x_wconf 80' lang='lat' dir='ltr'>V⁸</span> <span class='ocrx_word' id='word_1_429' title='bbox 1346 4399 1498 4482; x_wconf 87' lang='lat' dir='ltr'>quampri-</span> 
     </span>
     <span class='ocr_line' id='line_1_47' title="bbox 169 4486 1497 4571; baseline -0.002 -19"><span class='ocrx_word' id='word_1_430' title='bbox 169 4505 242 4552; x_wconf 91' lang='lat' dir='ltr'>num</span> <span class='ocrx_word' id='word_1_431' title='bbox 265 4489 336 4551; x_wconf 92' lang='lat' dir='ltr'>illos</span> <span class='ocrx_word' id='word_1_432' title='bbox 360 4486 418 4550; x_wconf 91' lang='lat' dir='ltr'>sibi</span> <span class='ocrx_word' id='word_1_433' title='bbox 440 4487 561 4563; x_wconf 90' lang='lat' dir='ltr'>reddat,</span> <span class='ocrx_word' id='word_1_434' title='bbox 586 4487 783 4568; x_wconf 83' lang='lat' dir='ltr'>expeditionis</span> <span class='ocrx_word' id='word_1_435' title='bbox 805 4488 894 4568; x_wconf 88' lang='lat' dir='ltr'>hujus</span> <span class='ocrx_word' id='word_1_436' title='bbox 908 4488 1049 4570; x_wconf 88' lang='lat' dir='ltr'>reliquiis,</span> <span class='ocrx_word' id='word_1_437' title='bbox 1074 4509 1148 4571; x_wconf 89' lang='lat' dir='ltr'>quae</span> <span class='ocrx_word' id='word_1_438' title='bbox 1169 4489 1278 4569; x_wconf 85' lang='lat' dir='ltr'>sejam</span> <span class='ocrx_word' id='word_1_439' title='bbox 1300 4487 1402 4552; x_wconf 88' lang='lat' dir='ltr'>dedito</span> <span class='ocrx_word' id='word_1_440' title='bbox 1425 4487 1497 4552; x_wconf 88' lang='lat' dir='ltr'>nibil</span> 
     </span>
    </p>
   </div>
   <div class='ocr_carea' id='block_1_7' title="bbox 168 4560 1622 4660">
    <p class='ocr_par' dir='ltr' id='par_1_12' title="bbox 168 4560 1622 4660">
     <span class='ocr_line' id='line_1_48' title="bbox 168 4560 1622 4660; baseline -0.001 -18"><span class='ocrx_word' id='word_1_441' title='bbox 168 4575 275 4642; x_wconf 87' lang='lat' dir='ltr'>habent</span> <span class='ocrx_word' id='word_1_442' title='bbox 297 4595 387 4660; x_wconf 91' lang='lat' dir='ltr'>porro</span> <span class='ocrx_word' id='word_1_443' title='bbox 410 4574 543 4660; x_wconf 86' lang='lat' dir='ltr'>periculi,</span> <span class='ocrx_word' id='word_1_444' title='bbox 567 4583 688 4640; x_wconf 86' lang='lat' dir='ltr'>strenue</span> <span class='ocrx_word' id='word_1_445' title='bbox 707 4575 861 4641; x_wconf 81' lang='lat' dir='ltr'>conlectis.</span> <span class='ocrx_word' id='word_1_446' title='bbox 903 4575 1002 4649; x_wconf 82' lang='lat' dir='ltr'>Quam</span> <span class='ocrx_word' id='word_1_447' title='bbox 1017 4578 1056 4642; x_wconf 92' lang='lat' dir='ltr'>ad</span> <span class='ocrx_word' id='word_1_448' title='bbox 1070 4598 1133 4643; x_wconf 85' lang='lat' dir='ltr'>rem</span> <span class='ocrx_word' id='word_1_449' title='bbox 1150 4579 1203 4640; x_wconf 82' lang='lat' dir='ltr'>Met</span> <span class='ocrx_word' id='word_1_450' title='bbox 1222 4578 1283 4639; x_wconf 80' lang='lat' dir='ltr'>vas</span> <span class='ocrx_word' id='word_1_451' title='bbox 1305 4597 1426 4659; x_wconf 89' lang='lat' dir='ltr'>operam</span> <span class='ocrx_word' id='word_1_452' title='bbox 1440 4597 1498 4641; x_wconf 93' lang='lat' dir='ltr'>non</span> <span class='ocrx_word' id='word_1_453' title='bbox 1595 4599 1601 4619; x_wconf 74' lang='lat'>=</span> <span class='ocrx_word' id='word_1_454' title='bbox 1620 4560 1622 4569; x_wconf 15' lang='grc' dir='ltr'><em>Α</em></span> 
     </span>
    </p>
   </div>
   <div class='ocr_carea' id='block_1_8' title="bbox 168 4665 1497 4842">
    <p class='ocr_par' dir='ltr' id='par_1_13' title="bbox 168 4665 1497 4842">
     <span class='ocr_line' id='line_1_49' title="bbox 168 4665 1496 4751; baseline 0.001 -21"><span class='ocrx_word' id='word_1_455' title='bbox 168 4665 301 4732; x_wconf 88' lang='lat' dir='ltr'>inutilem</span> <span class='ocrx_word' id='word_1_456' title='bbox 324 4666 447 4749; x_wconf 91' lang='lat' dir='ltr'>(quippe</span> <span class='ocrx_word' id='word_1_457' title='bbox 470 4665 652 4730; x_wconf 88' lang='lat' dir='ltr'>exercitatus</span> <span class='ocrx_word' id='word_1_458' title='bbox 675 4666 704 4728; x_wconf 93' lang='lat' dir='ltr'>in</span> <span class='ocrx_word' id='word_1_459' title='bbox 724 4665 954 4749; x_wconf 85' lang='lat' dir='ltr'>pugnacissima,</span> <span class='ocrx_word' id='word_1_460' title='bbox 978 4687 1145 4751; x_wconf 89' lang='lat' dir='ltr'>gnamsqua</span> <span class='ocrx_word' id='word_1_461' title='bbox 1159 4668 1306 4741; x_wconf 90' lang='lat' dir='ltr'>locorum)</span> <span class='ocrx_word' id='word_1_462' title='bbox 1329 4687 1385 4730; x_wconf 89' lang='lat' dir='ltr'>nec</span> <span class='ocrx_word' id='word_1_463' title='bbox 1399 4668 1496 4732; x_wconf 88' lang='lat' dir='ltr'>minus</span> 
     </span>
     <span class='ocr_line' id='line_1_50' title="bbox 170 4755 1497 4842; baseline -0.001 -22"><span class='ocrx_word' id='word_1_464' title='bbox 170 4774 253 4838; x_wconf 75' lang='lat' dir='ltr'>qnmn</span> <span class='ocrx_word' id='word_1_465' title='bbox 276 4764 368 4821; x_wconf 89' lang='lat' dir='ltr'>antea</span> <span class='ocrx_word' id='word_1_466' title='bbox 389 4755 508 4820; x_wconf 89' lang='lat' dir='ltr'>lidslem</span> <span class='ocrx_word' id='word_1_467' title='bbox 521 4765 654 4837; x_wconf 89' lang='lat' dir='ltr'>promtus</span> <span class='ocrx_word' id='word_1_468' title='bbox 670 4757 776 4821; x_wconf 82' lang='lat' dir='ltr'>offero:</span> <span class='ocrx_word' id='word_1_469' title='bbox 799 4758 854 4820; x_wconf 92' lang='lat' dir='ltr'>boc</span> <span class='ocrx_word' id='word_1_470' title='bbox 872 4757 958 4837; x_wconf 83' lang='lat' dir='ltr'>uniqe</span> <span class='ocrx_word' id='word_1_471' title='bbox 972 4777 1061 4822; x_wconf 87' lang='lat' dir='ltr'>orans</span> <span class='ocrx_word' id='word_1_472' title='bbox 1076 4767 1164 4842; x_wconf 90' lang='lat' dir='ltr'>atque</span> <span class='ocrx_word' id='word_1_473' title='bbox 1184 4758 1344 4821; x_wconf 89' lang='lat' dir='ltr'>obsecrans</span> <span class='ocrx_word' id='word_1_474' title='bbox 1363 4757 1497 4839; x_wconf 91' lang='lat' dir='ltr'>(quando</span> 
     </span>
    </p>
   </div>
   <div class='ocr_carea' id='block_1_9' title="bbox 170 4842 1496 4932">
    <p class='ocr_par' dir='ltr' id='par_1_14' title="bbox 170 4842 1496 4932">
     <span class='ocr_line' id='line_1_51' title="bbox 170 4842 1496 4932; baseline -0.001 -18"><span class='ocrx_word' id='word_1_475' title='bbox 170 4842 243 4914; x_wconf 80' lang='lat' dir='ltr'>lanc</span> <span class='ocrx_word' id='word_1_476' title='bbox 265 4864 381 4932; x_wconf 72' lang='lat' dir='ltr'>vocam,</span> <span class='ocrx_word' id='word_1_477' title='bbox 402 4844 526 4930; x_wconf 89' lang='lat' dir='ltr'>perinde</span> <span class='ocrx_word' id='word_1_478' title='bbox 548 4853 584 4912; x_wconf 88' lang='lat' dir='ltr'>ut</span> <span class='ocrx_word' id='word_1_479' title='bbox 602 4844 765 4913; x_wconf 83' lang='lat' dir='ltr'>orationem</span> <span class='ocrx_word' id='word_1_480' title='bbox 782 4847 937 4930; x_wconf 88' lang='lat' dir='ltr'>reliquam,</span> <span class='ocrx_word' id='word_1_481' title='bbox 960 4848 1065 4914; x_wconf 88' lang='lat' dir='ltr'>crebra</span> <span class='ocrx_word' id='word_1_482' title='bbox 1083 4868 1151 4914; x_wconf 91' lang='lat' dir='ltr'>cum</span> <span class='ocrx_word' id='word_1_483' title='bbox 1167 4846 1321 4927; x_wconf 84' lang='lat' dir='ltr'>militibus,</span> <span class='ocrx_word' id='word_1_484' title='bbox 1344 4845 1496 4922; x_wconf 86' lang='lat' dir='ltr'>canturio·</span> 
     </span>
    </p>
   </div>
   <div class='ocr_carea' id='block_1_10' title="bbox 0 0 1683 5504">
    <p class='ocr_par' dir='ltr' id='par_1_15' title="bbox 0 0 1683 5504">
     <span class='ocr_line' id='line_1_52' title="bbox 0 0 1683 5504; baseline 0 0"><span class='ocrx_word' id='word_1_485' title='bbox 0 0 1683 5504; x_wconf 95' lang='lat' dir='ltr'> </span> 
     </span>
    </p>
   </div>
  </div>
 </body>
</html>
