3354 5504
641 268 681 325 De
698 270 806 324 Motibus
825 270 919 324 Stellae
936 268 1025 324 Martis

327 452 442 520 11093·
484 434 490 447 ⁹
701 452 807 534 Iqitur
829 452 865 514 in
886 449 1046 532 trianqulo
1069 452 1157 527 ηαθ,
1190 434 1271 512 dati
1297 445 1421 532 anqulo
1445 468 1537 514 σωκ·

325 553 394 603 n)
614 543 775 616 cruribus,
811 542 966 604 invertitur
998 538 1134 620 anquina
1164 542 1238 616 aon
1268 535 1329 601 200
1357 535 1415 602 260
1440 537 1513 603 13¹¹.

376 592 518 719 [NN
614 629 770 693 Similiter
792 630 828 692 in
851 633 922 692 καθ
944 629 1041 690 datur
1063 631 1134 689 αθκ
1157 623 1284 691 350100
1304 626 1377 690 1700.
1425 628 1517 693 Uno«

522 726 574 1027 N
613 718 739 782 ablatae
769 723 844 796 αθη
874 716 1022 798 relinquit
1053 721 1123 795 ηθκ
1158 713 1216 779 140
1237 711 1292 779 440
1316 713 1371 778 40.
1427 717 1517 799 stry

614 817 753 871 cerarum
775 808 912 889 quaesiti
939 805 1061 869 cirnali.
1107 806 1262 868 Ducatur
1283 829 1339 885 ay,
1375 805 1517 871 attineo

613 897 811 961 conmnactnr
841 898 876 960 in
906 919 920 956 e
950 894 1112 977 apletium
1142 899 1211 956 eto
1238 893 1450 975 perihelimn:
1487 904 1517 960 et

613 993 883 1061 concertantem,
908 1008 924 1046 κ
952 1004 1023 1048 cnm
1044 1007 1067 1062 y.
1115 982 1196 1047 Orom
1225 984 1327 1068 ἐρίων
1355 988 1428 1063 qis
1459 992 1518 1050 etet

565 1098 588 1140 c
612 1076 657 1136 ad
679 1075 967 1156 circumferentiam
988 1080 1018 1135 et
1038 1094 1095 1151 nyx
1125 1072 1214 1154 apud
1245 1079 1389 1136 oannem
1417 1095 1517 1159 super

611 1164 718 1226 codem
749 1185 828 1227 arca
856 1185 913 1239 ηκ,
944 1165 1005 1224 erit
1033 1163 1132 1244 iqitur
1162 1183 1223 1240 ηγκ
1251 1161 1374 1244 duplae
1403 1162 1517 1247 aequali

471 1242 530 1345 s
610 1258 689 1328 ηθκ,
704 1253 823 1315 scilicet
837 1249 897 1315 290
911 1249 962 1314 280
979 1249 1032 1324 80,
1054 1258 1084 1312 et
1096 1249 1240 1330 qualium
1253 1272 1291 1329 ηγ
1311 1260 1356 1314 eet
1374 1250 1515 1327 100000,

610 1344 671 1404 erit
684 1364 723 1418 κη
738 1337 858 1414 50868,
883 1340 1016 1423 duplum
1035 1337 1156 1402 ecilicet
1177 1342 1268 1402 einue
1290 1340 1426 1405 dimidii
1439 1365 1512 1422 aya

610 1431 687 1493 Jum
709 1433 745 1493 in
766 1429 926 1512 trinnqato
950 1451 1029 1506 ηακ,
1061 1429 1135 1491 dato
1164 1429 1266 1492 dmuo
1300 1428 1421 1512 anqnia
1445 1451 1515 1495 cu

159 1518 323 1591 counitus,
346 1518 504 1582 tuemini·
527 1541 592 1595 κηα
616 1517 677 1583 780
699 1516 753 1581 440
780 1519 829 1592 1¹⁴,
854 1527 882 1581 et
901 1540 960 1601 per
982 1519 1065 1580 hunc
1088 1540 1128 1594 κη
1150 1515 1275 1590 77187,
1300 1519 1449 1601 qualium
1471 1542 1513 1599 qe
1546 1511 1550 1521 ¹

162 1602 301 1669 163100.
351 1607 503 1686 Qualium
534 1628 607 1690 erqo
631 1630 672 1685 κη
701 1611 793 1688 prino
824 1617 892 1670 erat
915 1603 1023 1670 50868
1047 1614 1076 1668 a
1097 1629 1137 1684 qy
1164 1603 1307 1678 100000,
1332 1607 1450 1672 taliam
1471 1631 1513 1687 qe

151 1696 193 1776 fit
219 1691 355 1758 107486.
393 1696 439 1758 Et
461 1697 537 1777 quia
559 1719 615 1775 ηγκ
638 1706 683 1760 eet
698 1695 759 1761 290
774 1695 828 1760 280
842 1695 895 1770 80,
920 1698 982 1759 erit
1002 1697 1101 1777 iqitar
1116 1718 1174 1774 κηγ
1195 1696 1371 1759 dimidiam
1391 1698 1514 1761 reeidrsi

159 1787 204 1848 ad
227 1785 308 1848 daos
328 1792 438 1860 rectos,
462 1786 538 1866 qaia
560 1808 606 1865 ηγ,
623 1808 657 1864 κγ
679 1787 835 1868 aeqrcatee.
875 1787 988 1865 Itaque
1011 1806 1068 1863 uqy
1090 1792 1137 1848 eet
1159 1782 1381 1849 7501505600.
1414 1788 1512 1852 Hanc

159 1876 253 1956 anser
275 1894 296 1936 a
318 1895 400 1950 κηα,
429 1883 527 1937 restat
549 1897 610 1953 yqa
629 1878 672 1944 (³⁰
690 1881 733 1932 28‘
751 1881 808 1945 δ”).
854 1875 898 1937 In
926 1873 1085 1955 trianqnlo
1114 1875 1214 1956 iqitur
1236 1896 1300 1953 yqa
1329 1875 1431 1940 datur
1452 1897 1510 1940 an-

156 1963 254 2044 qulue
283 1983 352 2024 oum
383 1964 537 2026 murittae.
587 1965 697 2042 Quare
718 1965 884 2027 innotescit
906 1986 968 2040 ηαγ
990 1959 1050 2025 38⁰
1076 1960 1127 2024 15‘
1151 1960 1225 2026 450.
1272 1965 1322 2025 Ac
1342 1974 1511 2048 propterca

160 2055 246 2125 (cum
268 2074 312 2128 αη
333 2052 375 2114 eit
397 2054 432 2114 in
455 2050 494 2114 50
516 2048 570 2114 240
594 2051 660 2115 210
684 2055 747 2125 ὲ)
771 2055 831 2115 erit
853 2051 941 2115 tinea
963 2052 1113 2134 apeitlum
1135 2074 1176 2130 ay
1196 2054 1232 2114 in
1255 2048 1316 2114 270
1338 2051 1372 2117 80
1388 2050 1454 2118 360
1478 2056 1508 2130 Ω.

159 2142 229 2204 Per
251 2139 402 2222 amulam
423 2162 495 2204 aero
513 2164 577 2221 qay
599 2144 757 2206 inanitur
779 2151 807 2204 et
822 2165 861 2220 ay
883 2142 1098 2205 ecceutricitae
1121 2137 1217 2213 9768,
1242 2141 1389 2224 qualium
1411 2166 1448 2223 ny
1470 2150 1511 2206 ed

162 2226 301 2293 100000.
338 2231 488 2311 Denique
509 2232 545 2293 in
567 2232 760 2294 dimersione
782 2228 924 2312 qualium
939 2252 982 2308 aq
1005 2238 1051 2293 eet
1077 2226 1213 2304 163100,
1237 2232 1298 2292 erit
1312 2253 1350 2309 ηγ
1373 2228 1507 2296 151740.

158 2317 244 2382 Erat
266 2325 371 2381 anam
393 2319 565 2382 emundent
583 2320 729 2403 partiam
752 2322 848 2384 ctiam
875 2319 1109 2382 eemidiameter
1135 2320 1221 2381 orbis
1243 2321 1347 2383 annui
1373 2318 1506 2386 10000t

159 2406 247 2491 Erqo
265 2410 431 2492 proportio
454 2410 576 2472 orbium
598 2417 677 2471 eeect
699 2429 746 2480 ca,
770 2429 852 2494 quoae
876 2406 1006 2472 100000
1030 2408 1074 2470 ad
1100 2404 1238 2471 151740.

248 2494 334 2569 Quae
352 2497 452 2559 omnia
475 2517 561 2578 quam
585 2500 647 2561 sint
669 2498 789 2572 vitiose,
813 2517 851 2559 ex
875 2516 910 2559 eo
930 2497 1065 2574 colliges,
1090 2496 1178 2577 qnod,
1202 2495 1442 2577 quotiescunque
1459 2516 1508 2578 pro

159 2607 220 2649 una
241 2587 290 2648 vel
320 2586 456 2666 pluribus
488 2595 696 2668 usurpetemm
721 2587 933 2650 distantiarum
957 2590 1022 2660 αθ,
1055 2608 1113 2663 aq,
1149 2608 1191 2647 cx
1215 2586 1307 2648 eliam
1339 2587 1507 2650 adhibuerit

160 2683 379 2756 competentem
411 2676 462 2737 elii
494 2677 559 2738 loco
583 2677 757 2752 eccentrici,
791 2685 822 2738 et
854 2676 1006 2736 inventam
1035 2694 1129 2755 aeque
1157 2684 1242 2737 certa
1270 2675 1506 2758 irrefutabilique

160 2765 436 2844 argumentatione,
469 2766 561 2827 toties
585 2766 684 2828 omnia
707 2766 768 2828 ista
790 2765 938 2844 prodeunt
961 2764 1058 2827 aliter.
1105 2765 1148 2827 Et
1178 2765 1316 2847 sequenti
1339 2766 1442 2847 capite
1464 2765 1506 2828 in·

159 2854 296 2916 venietur
319 2854 485 2916 certissime
515 2873 565 2929 ea,
596 2874 671 2937 quae
704 2863 751 2916 est
778 2851 906 2918 100000
930 2854 968 2914 ad
995 2848 1124 2917 152640
1146 2853 1276 2916 circiter.
1322 2853 1506 2919 Eccentrici·

159 2952 210 3006 tes
233 2939 330 3019 9264,
361 2945 490 3023 qualium
520 2944 622 3006 radius
649 2941 787 3008 100000.
836 2943 993 3023 Aphelium
1017 2961 1088 3003 vero
1109 2962 1186 3004 enno
1213 2938 1298 3007 1590
1322 2943 1353 3004 d.
1371 2941 1424 3007 31.
1442 2943 1504 3007 Oct

159 3052 251 3117 supra
273 3052 339 3114 cap.
355 3032 446 3096 XVI.
471 3034 624 3096 inventum
648 3041 696 3094 est
718 3034 748 3095 in
763 3029 824 3096 280
837 3032 891 3096 53‘
908 3038 931 3108 52
956 3033 1035 3113 quod
1053 3033 1152 3112 capite
1166 3031 1304 3114 sequenti
1319 3032 1505 3096 confirmabi-

159 3130 208 3185 tur
230 3122 311 3184 intra
336 3120 397 3185 11‘.

740 3350 925 3359 m.—

703 3529 822 3628 Caput
847 3525 965 3601 XLII.

141 3691 230 3757 ·Per
252 3692 373 3775 aliquot
395 3690 725 3754 cormariacensem
741 3688 837 3751 eitum
860 3685 1091 3769 acroreqciium
1108 3684 1214 3747 Marte
1230 3687 1316 3749 circa
1339 3689 1503 3771 aphatiam

160 3785 291 3864 iamque
314 3781 398 3845 aliae
421 3779 549 3861 aliquot,
573 3778 680 3841 Marte
696 3780 782 3840 circa
802 3775 992 3858 peantium
1008 3784 1158 3849 casana,
1182 3777 1346 3856 inquirere
1369 3781 1504 3843 cenari-

159 3880 245 3936 mant
266 3871 369 3935 locum
391 3870 524 3954 optulii,
549 3869 768 3931 correctionem
789 3875 891 3929 nactae
912 3864 1024 3938 medii,
1048 3865 1504 3950 eccentiict'tntern,qenuinam,

611 3966 640 4020 a
656 3957 894 4040 proportionem
923 3954 1052 4017 orbium.

105 4163 111 4175 ,
247 4101 318 4164 Iam
339 4101 443 4164 vidisti
465 4101 576 4172 lector,
609 4099 645 4159 de
669 4117 745 4160 nova
769 4096 855 4159 nobis
884 4095 1083 4175 incipiendum
1105 4113 1190 4156 esse:
1221 4115 1288 4157 cum
1310 4103 1375 4161 tres
1398 4098 1503 4162 Martie

160 4194 244 4257 locos
269 4191 451 4254 eccentricas
481 4189 665 4269 totidemque
689 4209 708 4248 a
730 4186 801 4249 Scie
831 4186 992 4247 distantias
1015 4185 1055 4245 ad
1085 4185 1180 4263 legem
1204 4184 1305 4248 circuli
1337 4199 1501 4263 revocatas,

163 4283 313 4364 ephelium
337 4282 444 4359 (supra
467 4297 523 4339 non
548 4277 744 4338 incertissime
768 4276 977 4348 constitutum)
1001 4293 1110 4352 negare
1133 4292 1290 4347 cemeres;
1319 4277 1400 4338 unde
1423 4277 1501 4341 nobis

161 4371 290 4451 euspicio
314 4379 391 4442 orta,
415 4369 494 4429 viam
517 4367 658 4445 planetae
682 4385 739 4427 non
764 4385 830 4427 esse
854 4365 1004 4426 circutum.
1049 4359 1149 4431 Quare
1173 4381 1210 4422 ex
1235 4362 1331 4425 tribus
1355 4365 1501 4431 distantia

161 4460 291 4540 reliquae
316 4459 391 4519 disci
414 4476 471 4519 non
501 4462 651 4535 poterunt.
697 4455 803 4535 ltaque
827 4453 987 4532 cujuslibet
1018 4452 1075 4514 loci
1103 4450 1249 4512 distantia
1277 4470 1315 4514 ex
1342 4456 1408 4519 suis
1435 4474 1500 4538 pro-

159 4549 235 4629 priis
258 4545 516 4610 observationibus
544 4545 738 4618 exstruenda3
771 4543 899 4604 omnium
925 4540 1055 4603 menime
1078 4540 1198 4621 ephelia
1220 4549 1252 4601 et
1274 4543 1437 4622 perihelia,
1468 4561 1500 4606 nx

162 4657 283 4719 quarum
306 4635 526 4719 comparatione
550 4633 587 4692 de
611 4634 739 4712 genuine
761 4631 985 4694 eccentricitate
1009 4629 1161 4690 discimus.
1521 4626 1523 4633 ’

250 4725 299 4788 Sit
320 4750 339 4786 α
365 4731 431 4797 (rig.
450 4729 497 4793 st)
520 4728 653 4783 centrum
675 4723 786 4796 mundi,
810 4723 855 4791 αβ
877 4719 958 4783 linea
984 4717 1136 4799 apsidum,
1169 4725 1201 4781 et
1227 4726 1331 4783 centro
1354 4722 1375 4798 β
1398 4739 1497 4784 eccen-

52 4850 56 4860 -
163 4813 256 4875 trium
279 4818 336 4890 ιθ,
369 4820 401 4874 et
431 4834 441 4872 s
472 4808 638 4891 aphelinm,
669 4808 901 4890 &periheliom
947 4806 996 4871 nx
1033 4804 1131 4887 capite
1153 4806 1239 4873 xm
1277 4808 1446 4895 meliusque
1464 4825 1496 4871 ex
