3354 5504
135 282 156 353 ⁴l
345 293 350 301 '
567 284 596 335 In
616 283 798 335 commentaria
816 284 847 335 de
865 292 934 335 motu
952 285 1040 336 Martis

31 524 33 530 ⁴
133 466 299 540 erroribus,
324 474 356 525 at
379 486 455 525 unus
486 465 557 613 feret
570 472 633 524 tum
662 464 806 543 temporis
830 464 1015 544 agnoscebat
1002 464 1126 545 tillius
1156 464 1354 547 hypothesim
1384 463 1485 544 Tycho

133 558 197 637 ipse
228 563 344 617 tantum
377 554 490 627 abfuit,
544 554 766 614 ttransiret
759 574 787 614 ιιι
817 562 918 615 castra
949 552 1123 633 Copernici,
1155 563 1188 615 ut
1215 574 1292 614 nova
1322 555 1487 615 constituta

132 645 294 728 hypothesi
327 663 389 705 rem
423 575 652 721 implicatiorem
684 642 866 718 reddiderit;
900 643 1083 705 Maestlinus
1107 651 1136 702 et
1170 643 1222 703 alii
1245 643 1389 724 plerique,
1421 662 1488 704 cum

133 735 240 817 quibus
263 753 317 813 per
341 733 445 793 literas
469 733 531 811 egit
554 733 704 811 Keplerus
727 740 780 792 aut
802 733 851 811 qui
874 731 1020 811 publici
1006 732 1084 810 Juris
1107 733 1243 794 feceruut
1270 751 1362 812 opera
1384 740 1486 793 astro-

133 824 262 897 nomica,
293 822 387 883 variis
410 822 484 881 moti
514 822 614 882 causis
645 822 827 882 verebantur
858 822 948 900 plane
980 826 1013 881 et
1040 822 1127 901 plene
1163 822 1291 883 transire
1324 822 1352 882 in
1384 829 1488 901 partes

136 911 304 992 Copemici.
353 910 454 982 Quare
479 930 536 971 non
560 918 627 970 ttan
629 930 676 971 um
700 910 870 989 abjicienda
894 916 926 971 et
948 908 1127 991 corrigenda
1151 919 1245 984 erant,
1270 930 1345 991 quae
1370 911 1398 972 in
1424 910 1487 973 Co-

132 1003 254 1083 pernico
279 1001 358 1061 falsa
382 1000 658 1078 cognoscebantur,
685 1000 738 1060 sed
769 1001 860 1062 etiam
891 998 1059 1061 Ptolemaei
1087 999 1216 1079 placita,
1252 1000 1426 1080 aequalibus
1451 1019 1488 1060 ex

133 1099 219 1174 parte
245 1089 471 1192 acceptissima,
502 1099 583 1150 certe
615 1088 870 1162 familiarissima,
895 1089 1065 1150 evertenda.
1112 1089 1242 1150 Theoria
1272 1089 1434 1192 epicyclica
1458 1097 1490 1149 et

135 1188 239 1243 eccent
241 1180 302 1240 rica
326 1179 528 1259 impugnanda
551 1187 626 1253 erat,
604 1178 761 1239 tbellum
785 1137 1021 1240 denuhciandnm
1046 1179 1181 1239 omnibus
1206 1179 1299 1239 fere'
1292 1200 1321 1240 ru
1346 1199 1379 1238 as
1382 1184 1489 1239 rtouo-

133 1269 194 1332 mia
218 1270 271 1330 trit
274 1269 299 1328 is
319 1279 349 1329 et
366 1267 511 1331 stabilitis
531 1267 728 1369 opinionibus
768 1266 866 1338 Quam
882 1285 1012 1346 pugnam
1030 1267 1096 1327 iniit
1111 1268 1261 1347 Keplerus
1285 1267 1487 1347 imperterrito

134 1359 233 1423 animo
258 1357 351 1427 solus,
376 1376 433 1417 non
454 1357 540 1434 adjut
542 1378 576 1418 us
600 1356 690 1418 immo
714 1357 874 1438 impeditus
898 1356 936 1416 ab
957 1356 1073 1432 amicis,
1098 1365 1128 1417 et
1144 1357 1218 1417 aicit
1241 1376 1349 1418 novam
1373 1356 1488 1417 consti-

1 1444 71 1499 ¹52*
131 1455 221 1510 tuens
244 1446 475 1518 astronomiam,
499 1465 575 1526 quae
599 1451 633 1506 ut
661 1443 790 1507 diximus
815 1445 948 1506 ratioet
974 1464 1079 1509 norma
1102 1454 1150 1507 est
1178 1445 1358 1507 astronomis
1382 1455 1488 1526 poste-

12 1554 17 1562 ·
136 1537 247 1600 riorum
272 1536 450 1597 seculorum.

226 1625 350 1697 Quae
343 1645 372 1684 ιιι
406 1622 588 1684 contrariam
619 1629 800 1702 partemt
768 1623 934 1683 attulemnt
970 1623 1172 1684 astronomiae
1203 1623 1312 1703 prioris
1342 1623 1489 1696 asseclae,

138 1691 377 1776 luculentissime
408 1719 555 1792 apparent
578 1729 593 1770 e
617 1711 713 1772 literis
741 1711 901 1773 Davidis
925 1711 1088 1773 Fabricii
1118 1713 1158 1772 ad
1181 1713 1343 1793 Keplerum
1367 1713 1461 1792 script
1464 1712 1489 1772 is

138 1805 208 1865 dum
245 1822 319 1884 opus
358 1819 443 1863 suum
484 1798 660 1873 excolebat,
703 1820 777 1881 quas
819 1800 973 1861 desumtas
1010 1792 1026 1860 e
1056 1802 1273 1882 Manusoriptis
1315 1801 1488 1881 Petropoli-

138 1893 219 1955 tauis
251 1891 432 1972 praefationi
465 1896 588 1951 nostrae
619 1889 835 1968 subjunximus.
883 1888 969 1961 Quae
993 1889 1054 1950 alia
1081 1890 1295 1970 impedimenta
1318 1890 1492 1952 obstiterint

138 1990 298 2062 sequentes
321 1980 464 2041 exhibent
485 1978 623 2060 paginae.

225 2070 383 2150 Plerisque
403 2087 504 2130 eorum
519 2067 644 2147 Kepleri
664 2086 795 2148 opemm‚
816 2086 891 2147 quaa
909 2067 1063 2129 continent
1085 2068 1237 2130 volumina
1254 2068 1355 2149 priora
1369 2075 1491 2130 nostrae

138 2159 289 2233 editionis,
314 2166 521 2237 argumentum
540 2176 628 2237 quam
651 2156 829 2231 brevissime
845 2156 1063 2237 praemisimus.
1098 2157 1196 2228 Quam
1212 2157 1237 2217 si
1252 2158 1282 2218 in
1300 2157 1492 2237 sequentibus

139 2250 245 2310 eadem
277 2248 370 2309 ferme
403 2248 521 2307 ratione
552 2265 611 2325 qua
645 2246 673 2306 in
706 2238 817 2325 0ptica
854 2246 1058 2320 exhibuimus,
1095 2247 1281 2307 excusabunt
1312 2265 1383 2319 nos,
1417 2267 1492 2326 quas

139 2338 280 2411 diximus,
300 2354 409 2397 caueae
425 2354 482 2396 ιιοιι
496 2334 605 2409 minus,
625 2353 713 2415 quam
728 2354 777 2396 res
791 2335 868 2415 ipsa,
885 2354 960 2416 quae
982 2335 1087 2415 paucis
1102 2335 1202 2396 verbis
1218 2335 1361 2414 explicari
1379 2336 1490 2415 nequit

141 2428 240 2500 Quam
264 2426 301 2486 ob
326 2443 387 2486 rom
412 2424 587 2498 statuimus,
613 2424 715 2485 ordine
738 2424 901 2503 procedere
925 2424 1153 2503 chronologico,
1178 2424 1320 2485 adhibitis
1343 2425 1391 2497 iis,
1416 2444 1491 2504 quae

143 2515 300 2578 continent
323 2512 436 2593 scripta
460 2533 478 2572 a
500 2514 632 2592 Keplero
655 2513 761 2574 relicta
783 2532 842 2573 non
872 2514 952 2594 typis
982 2513 1131 2592 impressa
1153 2523 1185 2574 et
1206 2514 1352 2575 Hauscbii
1375 2513 1491 2593 episto-

140 2606 237 2667 larum
270 2601 428 2675 collectio,
460 2609 494 2662 ut
516 2609 658 2681 quantum
691 2601 754 2663 fieri
786 2603 886 2681 potuit
915 2602 1046 2680 speciem
1070 2611 1100 2663 et
1124 2603 1250 2663 formam
1282 2603 1492 2664 adumbramus

141 2692 317 2766 studiorum,
342 2708 418 2770 quae
437 2690 587 2769 Keplerus
611 2691 647 2751 ad
665 2691 875 2770 perficiendum
894 2691 951 2752 hoc
972 2709 1045 2770 opus
1064 2691 1212 2764 insumsit,
1237 2700 1266 2753 et
1284 2711 1391 2765 rerum,
1417 2711 1492 2772 quae

139 2780 315 2865 prodierunt
338 2797 375 2841 ox
398 2777 446 2841 his
470 2779 588 2841 stodiis.

231 2867 395 2949 Keplerum
425 2867 506 2930 edito
535 2888 589 2930 suo
616 2861 783 2950 „Mysterio
808 2867 1083 2948 Cosmographico“
1109 2888 1186 2931 anno
1214 2866 1295 2932 1597
1326 2869 1493 2930 innotuisse

142 2954 278 3043 Tychonl
307 2954 438 3019 diximus
468 2957 539 3018 Vol.
564 2959 587 3020 l.
624 2978 653 3038 p.
679 2954 741 3033 43;
775 2964 925 3018 statuerat
935 2956 945 3032 ,’
975 2965 1009 3018 ut
1040 2977 1105 3019 cum
1136 2959 1277 3039 Tyclrone
1310 2959 1492 3033 conveniret,

142 3045 364 3123 wlotaborum
402 3046 550 3126 proficisci
592 3047 693 3119 (initio
726 3048 796 3109 anni
831 3044 946 3121 1599),
978 3048 1031 3108 sed
1065 3067 1130 3108 cum
1155 3048 1192 3108 ab
1225 3049 1381 3112 liemarto
1410 3067 1493 3108 corn-

142 3134 283 3219 ιιιιιίιιιιιι,
297 3131 469 3217 Tycbonem
484 3136 620 3216 proximo
639 3146 774 3238 tempore
789 3138 918 3215 Pragam
938 3137 1058 3211 iturum,
1083 3146 1197 3198 mutato
1224 3136 1349 3198 consilio
1376 3134 1493 3199 Graetii

141 3158 272 3329 lsrtltlt,
296 3220 390 3284 donec
415 3221 459 3295 (9.
484 3226 557 3287 Dec.
582 3222 640 3294 99)
664 3226 742 3287 ab
734 3245 800 3306 rpso
831 3225 971 3328 Tychoue
999 3245 1054 3305 per
1081 3226 1186 3287 literas
1215 3226 1358 3287 imitatus
1387 3235 1435 3287 est
1461 3236 1494 3288 ut

143 3312 239 3397 ιιιιιιιῐιι
254 3310 373 3391 Progne
393 3313 574 3377 conveniret.
613 3315 826 3377 Libentissime
845 3315 937 3377 huic
929 3315 1099 3378 imitationi
1115 3334 1226 3377 morem
1241 3334 1349 3395 gerens
1365 3315 1496 3393 Pragam

143 3399 296 3485 protectus
320 3396 365 3469 (6.
390 3403 459 3464 Jan.
488 3401 597 3479 1690.)
627 3406 754 3486 indeque
780 3405 962 3486 Tychonem,
987 3404 1089 3485 quiin
1114 3424 1182 3466 arce
1206 3404 1374 3466 Benathica
1397 3405 1494 3466 dorni-

145 3488 245 3551 clllum
278 3508 362 3551 suum
394 3502 555 3571 posuerat,
590 3504 711 3556 secutus
738 3503 805 3567 est,
837 3493 922 3554 ubi
915 3494 972 3573 rpsi
996 3494 1140 3575 Tycho„
1145 3494 1244 3555 omnia
1273 3514 1348 3574 quae
1381 3496 1498 3572 optarit

142 3579 221 3643 ultro
244 3580 381 3641 detulit.“
428 3582 636 3662 Deprehendit
658 3584 829 3665 Tychonem
854 3585 976 3663 ejusque
1001 3584 1128 3645 domest
1107 3592 1198 3645 ticum
1216 3584 1495 3662 Longomontanum

144 3667 173 3731 in
198 3668 409 3732 observatione
439 3673 637 3753 oppositionis
660 3675 771 3736 Martis
795 3693 861 3735 cum
885 3673 973 3746 Sole,
999 3680 1030 3735 et
1052 3673 1240 3735 restituenda
1267 3673 1384 3733 theoria
1406 3673 1496 3752 hujus

144 3756 286 3838 planetae
309 3767 407 3834 (comp.
427 3768 487 3835 cip.
502 3767 572 3831 Vll.)
596 3763 810 3844 adjunxitque,
839 3781 1018 3843 quamquam
1045 3762 1156 3843 hospes
1180 3761 1349 3843 Tychonis‚
1374 3781 1496 3842 operam

91 3914 99 3931 ι
145 3864 230 3907 suam
254 3847 285 3929 in
309 3850 502 3914 enucleandis
525 3853 680 3933 implicitis
699 3852 810 3914 Martis
834 3853 963 3914 motibus
987 3854 1102 3925 (‚,anno
1128 3847 1220 3914 1600.
1245 3851 1442 3913 aFebmario
1466 3854 1495 3914 iu

144 3935 279 4015 Majum3
308 3940 423 4018 proieci
447 3950 547 4003 autem
569 3950 701 4016 tantum,
725 3950 759 4002 ut
782 3942 911 4003 eccentri
942 3942 1188 4023 inaequalitatem
1217 3940 1408 4002 mediocriter
1431 3942 1496 4002 sal-

143 4027 293 4101 varem“).
349 4030 439 4091 Juoio
472 4031 627 4094 Graetium
659 4030 767 4105 rediit,
800 4031 885 4093 initio
923 4030 1110 4111 Septembris
1139 4032 1280 4111 pactione
1315 4031 1396 4091 sacta
1429 4051 1497 4093 cum

147 4113 289 4195 Tychone
312 4117 473 4199 adipsum
490 4121 621 4200 Pragam
643 4139 783 4182 resersus
807 4129 855 4181 est
878 4118 930 4183 30
947 4121 1031 4201 Sept.
1053 4115 1146 4184 1600
1186 4120 1281 4182 Paulo
1305 4128 1404 4181 autem
1426 4128 1499 4200 post

145 4221 234 4283 quam
260 4224 367 4269 munus
392 4229 477 4271 suum
501 4211 579 4290 apud
597 4210 769 4296 lychonem
793 4219 968 4289 susceperat
991 4210 1172 4312 aegrotarit,
1195 4219 1227 4270 et
1241 4209 1316 4270 febri
1339 4220 1496 4290 correptus

141 4301 289 4375 quartana
314 4303 345 4358 et
368 4299 445 4359 tussi
468 4299 638 4378 periculosa
660 4318 765 4378 parum
788 4299 916 4380 profecit
939 4299 968 4362 in
992 4300 1030 4361 iis
1053 4319 1130 4380 quae
1156 4299 1215 4379 ipsi
1240 4295 1344 4381 Tycho
1367 4300 1494 4359 manda—

143 4391 244 4460 verat,
274 4385 368 4450 donec
395 4387 480 4448 coelo
504 4389 670 4450 salubriore
695 4387 811 4450 Graetii
836 4391 972 4470 quaesito
997 4389 1177 4469 (Aprili—
1200 4389 1302 4468 Sept.)
1326 4388 1496 4467 Septembri

145 4432 263 4537 demuin
294 4475 365 4539 anni
404 4470 495 4539 1601.
531 4477 692 4538 convaluit.
748 4479 838 4539 Brevi
870 4489 941 4558 post
972 4475 1039 4551 (24.
1074 4478 1160 4552 Oct.)
1195 4477 1336 4559 Tychone
1368 4485 1495 4553 mortuo,

146 4563 261 4626 tradita
282 4564 343 4646 ipsi
366 4564 609 4627 observationum
634 4567 786 4647 ‘lechonis
810 4568 1003 4643 collectione,
1031 4568 1204 4629 mandatum
1228 4573 1277 4627 est
1297 4566 1440 4647 Keplero‚
1464 4576 1497 4629 ιιι

143 4654 303 4718 conficeret
325 4671 373 4730 aa,
397 4673 472 4736 quae
492 4656 595 4736 ‘lecho
620 4655 795 4736 imperfecta
818 4658 991 4739 reliquerat,
1011 4657 1144 4718 Tabulas
1168 4662 1199 4716 et
1222 4674 1298 4735 quae
1320 4657 1382 4719 alia
1405 4657 1497 4735 digna

142 4740 316 4808 viderentur
344 4750 381 4807 ut
409 4743 562 4826 publicij
565 4745 627 4806 uris
659 4748 773 4808 tierent.
821 4746 906 4819 Quae
938 4747 1006 4807 dnm
1039 4746 1166 4824 suscipit
1196 4745 1309 4816 (editus
1340 4754 1388 4808 est
1417 4766 1495 4807 anno

148 4824 246 4905 1602
265 4831 419 4971 vl'pqhouin
440 4765 742 4915 Progyrhuasmatum
766 4838 901 4898 tomusl
904 4834 1054 4914 ‚„pridie
1079 4833 1145 4898 Cal.
1169 4834 1321 4914 Augusti“
1325 4839 1339 4908 )
1362 4835 1496 4897 astrolo-
