3354 5504
163 261 208 328 90
403 277 409 293 ι
580 264 680 315 literae
697 263 799 328 Kspleri
817 264 967 330 aliorumque
985 269 1109 358 muhata!

162 435 778 521 anelejusapogaeopendentem.
824 440 1034 518 Quinetiam,
1067 441 1210 520 nbiJam
1240 447 1342 505 certus
1374 459 1443 503 sum
1463 438 1516 501 ιιι

162 527 387 591 eccentricitste
412 527 463 607 Θ,
487 545 608 607 possum
627 531 705 609 J'am,
741 530 766 592 si
798 531 926 593 maxime
950 491 1139 612 acrodychiis
1162 549 1310 621 carerem,
1343 527 1514 595 eccentrics

41 674 44 681 .
124 648 127 653 ·
163 617 231 681 loca
253 617 437 698 investigare
461 627 647 698 quotcunque
670 638 744 699 opus
769 629 816 682 est
839 620 977 683 sabinis
1001 619 1196 701 acronychiis.

251 705 314 771 Sed
336 725 429 788 pergo
453 707 483 769 in
516 707 674 770 eccentrici
706 708 875 784 distantiis;
908 710 957 772 ubi
988 712 1100 773 multas
1133 708 1296 771 distantias
1327 726 1381 788 par
1413 712 1512 769 totum

163 796 322 859 accentuici
346 797 490 877 ambitum
512 796 744 877 investigavero,
769 797 858 860 facile
883 807 970 878 patet
993 807 1024 860 et
1046 799 1097 861 ubi
1116 799 1157 861 sit
1171 816 1339 879 apogaeum
1353 803 1514 877 etquanta

163 885 372 949 eccentricitas
395 894 427 949 et
449 906 488 948 an
511 887 561 949 via
582 886 688 948 uvalis.
722 888 814 949 -Tunc
837 887 929 967 igitur
951 887 1128 971 hypothesis
1151 887 1331 950 invenienda
1352 894 1411 959 est,
1434 903 1514 966 quac

165 993 269 1039 omues
293 974 385 1039 hasce
404 975 567 1039 distantias
583 984 802 1055 repraesentet.
839 976 926 1040 Hanc
940 978 1131 1059 hypothesin,
1153 976 1233 1059 quod
1253 985 1335 1040 recte
1351 983 1384 1037 tu
1397 990 1513 1050 mones,

27 1111 30 1140 ,
163 1071 284 1145 oportet
305 1064 349 1127 sic
364 1083 432 1129 esse
446 1073 663 1145 comparatam,
687 1074 721 1128 ut
734 1074 863 1143 constet,
887 1087 980 1147 posse
1000 1086 1054 1148 per
1073 1067 1199 1129 eandem
1213 1066 1305 1128 etiam
1320 1066 1389 1127 loca
1403 1082 1513 1127 eccen-

163 1154 243 1216 trica
268 1153 364 1217 reddi.
410 1154 455 1217 At
477 1174 534 1218 non
564 1163 613 1216 est
641 1174 754 1216 summe
783 1156 987 1219 necessarium
1016 1163 1048 1220 ot
1071 1156 1222 1219 calculari.
1268 1155 1368 1217 Multa
1397 1152 1513 1241 eminus
1548 1170 1551 1177 ·

164 1242 356 1323 adspicimus,
390 1243 429 1306 ad
459 1263 535 1325 quae
559 1243 596 1305 ob
620 1244 770 1306 deiectum
791 1245 954 1309 mediorum
977 1266 1035 1309 non
1059 1245 1265 1326 pertingimus.
1311 1243 1378 1324 Ego
1409 1251 1514 1305 ιιιιιιι

163 1331 321 1413 plurimum
344 1332 462 1407 laboro,
495 1341 529 1396 ut
557 1333 672 1396 calculo
702 1333 769 1396 loca
792 1333 974 1407 eccentrica,
1007 1334 1038 1395 id
1062 1342 1111 1397 est
1133 1334 1268 1397 tabulam
1301 1331 1515 1414 aequatiouum

164 1421 295 1484 eccentri
318 1441 355 1484 ex
379 1423 589 1485 distantiarum
613 1423 772 1504 hypothesi
796 1425 931 1487 condam.
968 1424 1104 1503 Despero
1119 1424 1237 1505 quidem
1252 1422 1371 1503 singula
1386 1420 1514 1484 seorsim

163 1529 284 1587 eruere,
316 1518 350 1574 ut
380 1511 449 1574 aliis
472 1511 687 1594 hypothesibus
710 1513 774 1575 lieri
796 1521 908 1595 potest.
956 1511 1066 1577 Omnia
1087 1533 1159 1576 vero
1181 1513 1285 1575 ordine
1315 1512 1353 1574 ab
1383 1508 1513 1591 apogaei

163 1599 258 1680 gradu
281 1619 369 1681 spero
391 1620 439 1663 me
462 1602 532 1664 olim
556 1609 785 1664 exstmcturnm.

253 1689 315 1753 Gur
337 1709 375 1753 ex
397 1690 662 1771 prosthaphaeresi
685 1699 716 1762 ό·
734 1709 869 1772 apogaeo
884 1688 966 1753 Solis
986 1691 1118 1771 propiori
1142 1691 1229 1753 detur
1251 1688 1381 1770 simplex
1394 1682 1513 1752 ,accerr-¹

163 1778 281 1842 tricitas
304 1780 410 1860 major.
434 1780 553 1861 quaeris
580 1787 613 1851 (v.
632 1803 653 1840 a
672 1804 696 1853 p.
725 1786 793 1850 ιι).
839 1779 906 1860 Ego
935 1799 1007 1842 vero
1037 1780 1139 1843 dubito
1162 1781 1199 1842 de
1224 1781 1280 1842 hoc
1303 1789 1354 1841 tuo
1378 1797 1512 1859 pronun·

163 1869 255 1933 ciato.
299 1869 366 1931 Hoc
389 1868 461 1944 scio,
486 1870 512 1931 si
535 1877 678 1951 tanquam
702 1870 731 1932 in
755 1869 884 1949 simplici
905 1869 1056 1950 triangulo
1081 1869 1175 1932 utaris
1197 1867 1513 1950 prosthaphaeresid

163 1957 358 2039 longitudinis
381 1959 507 2029 mediae,
531 1961 673 2039 majorem
697 1958 831 2022 invenies
854 1959 1109 2022 eccentricitatem
1123 1959 1209 2040 qussi
1225 1958 1399 2038 simplicem,
1424 1975 1515 2039 quam

163 2047 190 2109 si
213 2048 308 2111 ιιιιιι
330 2048 651 2128 prosthaphaeresibus
676 2066 809 2129 apogaeo
830 2050 903 2122 (non
919 2045 958 2127 Q
974 2050 1044 2123 sed)
1059 2057 1084 2121 d
1099 2047 1300 2113 vicinioribus.
1336 2046 1407 2110 Jam
1429 2064 1517 2121 vero,

163 2155 230 2199 cnm
253 2137 284 2198 in
307 2137 335 2212 ὅ
358 2144 390 2201 et
411 2141 445 2210 Π
466 2139 509 2200 ιιι
530 2138 684 2218 longitudo
699 2146 725 2208 <5
739 2137 848 2212 media,
873 2134 913 2214 Q
939 2156 1104 2218 apogaeum
1127 2138 1156 2201 in
1180 2152 1225 2215 ει,
1249 2136 1359 2200 accidit
1381 2144 1416 2198 ut
1438 2134 1515 2217 baec

163 2224 205 2289 sit
228 2222 268 2302 Q
292 2226 401 2289 uicina.
447 2226 510 2290 Gur
532 2224 632 2290 autem
655 2227 751 2290 minor
773 2235 805 2290 et
827 2227 924 2306 maJ'or
946 2227 1002 2290 hoc
1034 2237 1124 2308 pacto
1157 2228 1268 2291 evadat
1292 2224 1513 2304 eccentricitas,

163 2332 257 2378 causa
271 2323 327 2391 est,
353 2315 423 2398 quia
438 2316 547 2379 falsum
560 2317 839 2397 praesupponimus,
862 2316 1028 2396 simplicem
1042 2323 1075 2379 et
1096 2318 1310 2398 geometricam
1335 2312 1513 2378 eccentrici-

163 2411 268 2479 taam,
294 2424 370 2487 quae
392 2413 495 2469 tamen
519 2426 557 2468 ex
580 2406 703 2469 dimidia
729 2413 831 2487 parte,
844 2413 891 2468 est
913 2406 1041 2487 physica
1064 2407 1232 2488 aequantis.
1279 2406 1316 2468 ld
1338 2402 1459 2467 uberius
1482 2403 1513 2465 in

28 2494 32 2501 ’
54 2584 57 2594 Ι
163 2493 308 2574 proximis
330 2493 427 2557 literis
450 2494 589 2575 explicui.

250 2583 300 2645 Ex
322 2584 448 2665 apogaei
473 2582 513 2662 Q
538 2585 619 2649 linea
641 2584 714 2647 nihil
737 2584 766 2646 in
791 2592 816 2654 (ι
840 2583 1037 2648 eccentricum
1061 2582 1218 2658 redundat,
1244 2584 1270 2645 si
1294 2584 1333 2645 ad
1357 2578 1398 2661 Q
1413 2581 1514 2662 ipsum

163 2672 288 2735 referas.
322 2672 384 2736 Sed
406 2674 432 2736 si
455 2676 494 2735 ad
517 2683 658 2755 puuctum
681 2694 734 2737 seu
748 2674 844 2736 locmu
864 2674 992 2736 medium
1010 2671 1066 2752 Q:
1092 2674 1209 2737 omniuo
1226 2674 1376 2736 redundat
1389 2671 1512 2753 aliquid,

165 2770 198 2825 ιι
220 2763 252 2825 id
275 2780 332 2825 non
356 2782 497 2842 magnum
520 2764 599 2845 qnod
623 2764 690 2826 loca
712 2763 839 2836 attinet,
861 2764 958 2844 majus
995 2764 1073 2845 quod
1106 2763 1278 2825 distantias.
1324 2762 1418 2843 quue
1455 2779 1513 2841 ego

161 2850 240 2914 inter
263 2867 372 2916 causas
394 2852 495 2924 habui,
527 2872 579 2915 cur
610 2852 757 2916 theoriam
790 2853 867 2914 hanc
891 2852 1059 2917 ordinarem
1090 2854 1128 2915 ad
1158 2872 1263 2916 vemm
1296 2848 1336 2928 Q
1367 2859 1514 2916 ιιιιιιιιι.

72 2970 75 2975 ·
160 2940 326 3007 Praeterea
354 2942 504 3004 redundat
530 2942 623 3005 etiam
646 2943 758 3023 aliquid
786 2961 824 3003 ex
851 2938 990 3047 apog'aeo
1011 2939 1084 3020 Θ·
1076 2962 1106 3003 ιι
1129 2943 1227 3023 pisum
1249 2940 1352 3005 orbem
1374 2959 1513 3016 aunuum,

159 3030 225 3092 ut
214 3050 278 3112 Jam
302 3031 423 3112 saepius
445 3031 569 3105 dictum,
591 3032 671 3113 quod
695 3032 845 3093 diversum
869 3040 917 3094 est
940 3052 959 3094 a
977 3033 1043 3112 jam
1066 3033 1153 3095 modo
1178 3033 1268 3095 dicto.
1512 3092 1515 3099 .

247 3120 295 3182 Dc
316 3119 511 3186 Martialibus
534 3121 684 3203 Tycbonis
708 3121 855 3200 quomodo
877 3122 1061 3200 processerit
1082 3121 1155 3184 nihil
1178 3122 1260 3191 scio,
1293 3104 1392 3184 solum
1414 3117 1512 3199 hypo·

161 3208 260 3273 thesin
283 3218 317 3272 et
339 3210 564 3272 observationes
588 3210 785 3291 acronychias
810 3209 918 3272 babeo.

249 3297 381 3362 Schema
402 3300 490 3381 ponis
513 3307 544 3360 et
566 3300 597 3362 in
621 3319 656 3361 eo
676 3299 777 3362 varias
796 3300 1029 3379 speculationes,
1054 3319 1129 3380 quas
1144 3317 1189 3360 me
1205 3297 1397 3360 considerare
1412 3295 1513 3376 jubes.

162 3389 284 3452 literas
307 3407 366 3451 nou
388 3407 511 3469 possum
534 3389 747 3462 internoscere,
771 3408 825 3450 nec
849 3389 918 3468 quid
938 3389 1013 3450 velis
1032 3383 1155 3466 scio.¹')
1192 3387 1257 3449 Nec
1276 3406 1351 3467 opus
1366 3395 1423 3462 est,
1448 3405 1515 3448 cum

163 3478 206 3542 nil
228 3478 357 3543 habeam
381 3478 459 3557 quod
481 3477 624 3541 dubitem.
670 3477 794 3557 Summa
817 3490 918 3540 ιιιιιιιι
942 3497 977 3539 eo
1000 3478 1089 3553 redit,
1114 3477 1260 3559 quasdam
1278 3475 1514 3557 inaequalitates

163 3586 200 3630 ιι
223 3584 359 3648 apogaeo
383 3563 423 3644 Q
448 3567 479 3629 in
502 3568 700 3630 eccentricum
725 3575 751 3638 ό
773 3566 885 3643 venire,
910 3567 988 3649 quod
1006 3567 1072 3647 J'am
1095 3567 1268 3647 expeditum
1290 3565 1370 3629 dedi.

250 3657 308 3720 Ad
330 3656 473 3720 tertias
499 3656 555 3720 ll.
579 3656 670 3737 Aug.
705 3663 739 3726 (a
759 3680 783 3730 J.
804 3662 871 3729 ιι).
917 3656 1003 3719 Nihil
1028 3675 1076 3719 me
1105 3664 1207 3718 movet
1235 3653 1381 3734 ἀιομιιια
1409 3653 1515 3717 latitu-

162 3746 264 3810 dinum
292 3754 333 3822 ὀ,
365 3752 399 3808 ut
428 3764 538 3808 novam
565 3745 595 3811 in
625 3745 828 3808 eccentricum
856 3745 1035 3809 anomaliam
1071 3744 1270 3809 introducam.
1322 3743 1446 3807 Etenim
1479 3761 1517 3807 ex

163 3835 388 3917 simplicissima
409 3834 602 3899 inclinatione
626 3844 668 3910 0‘,
699 3835 811 3897 additis
834 3835 1040 3915 parallaxibus
1064 3843 1157 3905 antea
1178 3832 1348 3917 requisitis,
1381 3833 1516 3915 sequitur

163 3925 238 3991 usae
261 3925 358 3988 omnis
378 3925 540 3988 anomalia
587 3923 666 3986 Ecce
695 3925 774 3985 enim
801 3924 898 3987 hoc
890 3942 955 4004 ipso
986 3944 1064 3987 anno
1093 3922 1147 3989 27.
1171 3924 1260 3987 Febr.
1290 3918 1396 3986 vel8.
1420 3923 1514 4007 Μιιι.

163 4012 284 4080 octiduo
317 4020 387 4079 ante
419 4023 452 4076 et
481 4021 551 4093 post
582 4014 640 4089 erit
670 4013 800 4075 maxima
828 4013 957 4077 latitudo
987 4021 1065 4095 sept.
1100 4008 1139 4077 2⁰
1167 4009 1238 4090 45‘3
1263 4010 1322 4079 27.
1352 4009 1441 4093 Sept
1466 3988 1515 4098 rel

164 4103 196 4170 7.
211 4101 282 4169 Oct.
306 4103 437 4168 maxima
458 4104 599 4166 austrina
612 4084 647 4165 ι0
661 4098 730 4165 36‘:
756 4103 834 4183 quod
853 4104 942 4184 plane
966 4122 1024 4166 non
1047 4104 1205 4185 quadrat
1199 4121 1266 4166 cum
1289 4101 1385 4176 00vel
1404 4103 1435 4180 ό
1448 4091 1516 4164 cnm

164 4192 205 4273 Q
229 4213 284 4258 nec
307 4212 374 4257 cum
396 4192 525 4256 ιιιιιιιι
548 4201 574 4262 d
595 4210 650 4273 per
672 4211 837 4295 apogaeum
861 4203 893 4255 ιι
913 4194 1085 4273 perigaeum
1107 4192 1240 4269 eqcentri
1261 4211 1317 4256 nec
1341 4210 1408 4255 cum
1426 4198 1515 4254 ιιιι-

164 4285 225 4350 nitu
247 4303 301 4365 por
323 4282 445 4358 limites,
469 4282 633 4344 miscentur
656 4283 765 4344 omnia.

252 4373 309 4437 Ad
339 4381 492 4455 quartas
522 4367 575 4434 22.
607 4371 681 4436 Dec.
729 4373 763 4433 lu
794 4371 947 4433 schemate
978 4377 1050 4432 ate
1077 4369 1203 4450 primum
1238 4370 1365 4450 scripto
1385 4370 1515 4451 quaeris,
1549 4372 1567 4433 '.

166 4464 313 4546 quomodo
342 4462 409 4530 ΑΚ
427 4480 465 4524 ιι
492 4459 750 4524 observationibus
774 4460 966 4523 innotescat?
1006 4458 1201 4539 Respondeo,
1232 4480 1271 4523 ex
1304 4460 1381 4522 binis
1410 4459 1515 4541 paral·

164 4553 282 4617 laribus
318 4551 444 4626 annuis,
483 4556 515 4612 et
550 4550 781 4631 praesupposita
817 4549 1043 4612 eccentricitate
1082 4546 1121 4625 Q
1160 4549 1371 4631 distantiisque
1410 4545 1450 4628 Q
1484 4558 1517 4611 et

165 4643 286 4708 Terrae.
331 4640 403 4706 Sint
432 4639 500 4715 AB,
523 4639 580 4702 AF
603 4638 765 4702 distantiae
789 4636 829 4715 Q
861 4647 893 4699 et
916 4637 1036 4701 Terrae.
1083 4637 1167 4701 EAF
1196 4640 1342 4720 angulus
1337 4640 1425 4703 iuter
1448 4639 1517 4702 lo'ca

164 4730 286 4797 Terrae.
329 4731 412 4811 Ergo
435 4749 474 4793 ιι
492 4687 640 4792 lateribus
663 4737 695 4793 et
717 4728 827 4809 angulo
850 4727 960 4791 dantur
973 4727 1075 4808 anguli
1090 4728 1183 4805 AEF,
1207 4729 1290 4792 ΑΒΕ
1310 4726 1407 4811 ιιΕΕ
1422 4729 1516 4792 latus.

59 4889 65 4902 ,
163 4819 229 4892 seo
249 4820 348 4897 ΚΕΛ,
367 4819 455 4885 KFA
475 4826 546 4885 suut
568 4817 671 4901 anguli
693 4818 772 4883 inter
794 4819 861 4882 loca
883 4816 952 4883 uisu
974 4814 1015 4897 Q
1040 4825 1073 4883 et
1094 4824 1137 4896 (ι,
1159 4817 1348 4885 aeteruum
1370 4825 1404 4909 et
1419 4816 1517 4903 Ere,
1559 4812 1564 4821 ’
