3354 5504
294 270 358 340 lot
771 271 811 326 De
829 272 937 326 Motibus
956 271 1047 326 suune
1065 273 1153 326 Martis

380 453 555 532 Probatum
581 454 669 517 aava·
692 459 736 513 eet
764 472 864 534 capra
895 475 963 537 cup.
992 454 1061 514 XL
1069 454 1165 525 VIII,
1196 451 1368 536 longiorem
1398 475 1465 521 ecoe
1498 453 1633 518 circum-

291 545 427 620 ferentia
450 563 504 615 eo,
526 540 634 627 ›mjde
668 541 820 603 diameter
842 551 886 603 eet
915 543 1052 604 audium
1082 543 1321 624 proportionale
1349 546 1432 606 iuter
1465 544 1635 607 diametros

292 630 445 715 adiperos,
468 638 504 695 ut
523 628 616 713 ruffin
636 628 748 693 circuli
770 651 847 690 area
865 629 976 708 (Arclr.
995 628 1128 713 spirae.
1153 627 1246 709 VII.)
1272 641 1385 714 aequm
1407 653 1521 696 arcam
1543 631 1633 716 ellip-

291 743 370 783 eeoe.
424 700 715 815 Sed-3⁸,..†*1:dium
751 720 980 782 am'tlrmetieum
1010 729 1055 782 est
1090 718 1215 802 loupiac
1255 722 1358 785 medio
1389 721 1633 805 proportionali.

643 805 712 868 oiia
733 815 806 869 aaut
827 809 899 872 iota.

283 918 286 923 ·
380 898 434 957 Vl.
474 876 702 968 ¹Quddratorum
716 897 977 976 proportionaliter
991 896 1154 958 divisorum
1178 915 1342 976 gnomones
1366 907 1436 961 snut
1452 900 1493 961 ad
1509 899 1633 961 invicem

292 995 325 1049 ut
347 987 502 1068 quadrata.

381 1075 455 1138 Stat
482 1075 545 1137 duo
559 1072 730 1153 ,quadrata
754 1074 806 1135 PL
829 1082 856 1135 et
880 1072 943 1135 SH.
989 1076 1115 1136 Horum
1142 1073 1245 1136 lutera
1268 1074 1332 1148 KL,
1356 1075 1414 1137 ΕΗ
1442 1075 1549 1139 diuino
1574 1078 1636 1138 ciat

288 1162 571 1248 proportionaliter
601 1163 637 1225 ia
664 1165 791 1245 punctis
813 1163 855 1235 M,
879 1162 915 1223 B.
963 1161 1151 1226 Scribuntur
1178 1181 1349 1245 quomoaee
1377 1162 1469 1235 KOQ
1490 1172 1521 1226 et
1544 1164 1633 1229 ORE.

291 1253 379 1336 Erpo
450 1254 457 1269 '
484 1288 487 1295 ·
510 1322 513 1327 ¹
536 1250 562 1312 L
585 1250 629 1312 ad
652 1251 708 1311 LK
734 1255 780 1315 uic
807 1259 851 1313 eet
874 1259 908 1313 ut
931 1252 1053 1343 BII'od
1075 1251 1147 1324 um
1176 1254 1236 1314 erit
1261 1255 1358 1316 ettam
1381 1251 1437 1314 OL
1460 1254 1506 1316 ad
1529 1254 1582 1314 LP
1602 1262 1635 1316 ut

292 1342 350 1404 RH
547 1339 613 1402 Sed
632 1359 799 1421 praemones
827 1349 899 1402 aaut
927 1342 1155 1422 quadratorum
1182 1342 1385 1423 differ-erutae.
1430 1343 1523 1429 &po
1545 1343 1635 1406 mam

293 1438 328 1492 ut
351 1432 376 1491 L
550 1451 582 1491 m
601 1448 799 1510 gnomonem,
823 1431 870 1492 oia
891 1430 946 1492 HS
968 1430 1012 1491 ad
1034 1450 1143 1492 auam:
1170 1439 1199 1493 et
1218 1433 1437 1512 permutatIm,
1451 1428 1498 1495 ¹‘ut
1521 1431 1574 1492 PL
1595 1431 1635 1494 ad

222 1537 234 1564 ⁰
294 1518 348 1580 IIS
370 1520 400 1580 ei
593 1515 683 1587 KOQ
706 1522 749 1583 ad
770 1539 951 1600 puouroaem
974 1518 1065 1581 ORE.
1544 1589 1551 1601 .
1673 1545 1675 1551 ¹

382 1604 465 1670 VII?
499 1607 533 1669 Si
556 1627 575 1667 a
597 1607 723 1669 termino
760 1607 972 1669 semidiametri
1004 1608 1150 1669 brevioris
1183 1608 1212 1669 in
1243 1607 1484 1670 circumferentia
1522 1609 1633 1690 ellipsis

297 1697 476 1757 extendatur
497 1697 577 1756 linea
600 1695 734 1777 aequalis
758 1696 978 1758 semidiametro
1002 1697 1143 1776 longiori,
1176 1696 1220 1757 sic
1249 1704 1283 1758 ut
1311 1699 1489 1759 terminetur
1520 1698 1550 1760 in
1573 1698 1635 1778 ipsa

299 1785 520 1847 semidiametro
544 1784 695 1864 longiore:
720 1805 794 1867 quae
812 1786 889 1847 inter
911 1795 1052 1866 punctum
1074 1786 1130 1847 hoc
1155 1793 1186 1846 et
1214 1785 1290 1846 inter
1313 1796 1447 1849 centrum
1471 1787 1635 1868 interjacet,

296 1882 398 1954 potest
421 1893 604 1952 gnomonem,
629 1893 714 1953 quem
729 1875 905 1955 quadratum
929 1874 1140 1936 semidiametri
1165 1873 1308 1954 longioris
1331 1875 1530 1956 circumponit
1544 1877 1636 1958 quad-

298 1971 364 2023 rato
389 1962 601 2024 semidiametri
623 1963 779 2027 brevioris.

379 2052 411 2113 A
425 2053 575 2114 breviario
596 2050 825 2118 semidiametri
839 2052 893 2111 ΗΒ
908 2053 1039 2114 timuimo
1053 2050 1079 2112 B
1098 2051 1287 2114 extendatur
1304 2059 1389 2118 reota
1402 2031 1470 2126 BN,
1496 2051 1636 2134 aequalis

294 2141 524 2209 semidiametro
555 2140 691 2222 longiori
723 2143 789 2205 ΑΗ.
836 2142 923 2203 Dico
946 2141 1003 2202 HN
1032 2159 1126 2222 paese
1154 2160 1337 2223 oaomoaeru
1362 2139 1464 2216 ERC,
1498 2143 1557 2206 troc
1583 2150 1634 2214 at,

296 2251 362 2292 esre
374 2229 512 2292 mediam
529 2229 766 2312 proportionale
787 2231 868 2292 iater
884 2230 935 2290 ΕΒ
952 2238 980 2290 et
993 2229 1158 2293 residuum
1179 2230 1329 2292 diametri
1343 2228 1465 2293 airardi.
1491 2231 1635 2294 Damou-

295 2325 427 2381 etratum
448 2326 494 2381 eet
523 2339 623 2400 supra
646 2338 714 2411 sqq
740 2319 873 2384 XLVI.
921 2316 988 2379 Sed
1009 2318 1061 2380 iric
1082 2317 1221 2400 facilius
1242 2325 1272 2380 et
1300 2319 1481 2400 eapeditiuo
1511 2320 1635 2384 danoa-

295 2413 414 2472 otratur
436 2407 471 2469 ia
487 2428 571 2490 paro
595 2402 679 2471 caea.
693 2434 711 2449 ··
728 2410 872 2473 (Iinomoa
898 2409 980 2468 euim
1003 2415 1047 2468 eet
1074 2407 1253 2489 diffareatio
1280 2408 1511 2489 quadratorum
1532 2409 1588 2470 ΒΗ
1609 2416 1637 2469 ct

230 2482 240 2504 ⁰
295 2497 351 2558 ΗΕ
373 2494 421 2559 uel
442 2496 511 2570 ΗΑ,
534 2517 591 2578 per
619 2496 671 2561 VI
779 2518 818 2558 m
867 2496 985 2559 Sedet
1008 2497 1150 2578 potentia
1176 2496 1279 2578 ipsias
1300 2496 1359 2558 HN
1387 2505 1433 2560 est
1459 2496 1637 2580 differentia

295 2586 522 2666 quadratorum
551 2585 666 2669 BHUegt
695 2662 699 2669 1
757 2568 772 2659 ⁶,
809 2586 865 2646 tuac
895 2592 939 2647 eat
970 2584 1026 2644 HE
1058 2587 1121 2647 uiue
1150 2585 1209 2646 ull
1240 2583 1348 2666 (Etut.
1372 2586 1401 2660 I,
1426 2580 1504 2664 46).
1550 2586 1636 2668 Erpa

290 2672 428 2755 aequale
458 2680 503 2736 eet
527 2674 637 2754 quod'
713 2664 797 2736 ‘HN
820 2673 966 2754 qaomoai
987 2672 1081 2736 Eua.
1130 2674 1224 2750 Quod
1252 2683 1322 2738 erat
1349 2674 1634 2740 demonstrandum.

383 2763 470 2824 VIII.
524 2763 557 2825 Si
609 2744 665 2783 ²
750 2763 900 2823 dividatur
932 2762 962 2822 in
994 2770 1179 2842 quotcunque
1210 2782 1262 2824 sen
1293 2763 1426 2826 infinitas
1456 2772 1574 2845 partes,
1606 2774 1636 2825 et

297 2859 408 2933 puncta
432 2850 603 2913 divisionum
623 2855 650 2902 ὤ·
678 2859 846 2936 >sturm
868 2870 933 2911 cum
956 2859 1066 2930 puncto
1098 2851 1197 2931 aliquo
1234 2860 1354 2931 praeter
1377 2861 1529 2925 centrum,
1560 2853 1637 2914 intra

298 2940 484 3025 complexum
508 2938 637 3014 circuli,¹
655 2967 684 3012 ,ι
703 2934 790 3014 5²5⁸&
807 2947 868 3001 aur
898 2939 969 3002 item
993 2957 1058 3000 cum
1081 2948 1197 3001 centro:
1231 2957 1346 3001 summa
1367 2959 1481 3017 earum,
1505 2961 1579 3024 quae
1600 2962 1636 3002 ex

301 3038 384 3091 centr
405 3075 413 3100 ,
437 3028 532 3091 minor
556 3029 615 3090 erit
637 3049 693 3091 sni
753 3071 755 3082 ι
781 3047 886 3103 arum,
910 3047 984 3107 quae
1008 3046 1045 3089 ex
1068 3027 1127 3090 alia
1150 3036 1269 3109 puncto.

378 3048 531 3181 111)ιῶ
553 3117 669 3193 Ιίιιιιι;-
681 3110 837 3199 pinximae
861 3118 958 3179 lineae
974 3117 1121 3197 apsidum,
1145 3110 1252 3179 ductae
1268 3118 1298 3179 in
1318 3117 1460 3199 opposita
1479 3135 1516 3181 ex
1529 3126 1636 3199 puncto

297 3206 481 3282 eccentrico,
511 3208 645 3291 propimc
670 3216 757 3271 erunt
784 3207 925 3287 aequales
947 3206 1062 3268 duabus
1094 3224 1132 3267 er
1159 3214 1261 3268 centra
1292 3206 1323 3268 in
1354 3206 1496 3287 opposita
1522 3206 1635 3279 ductis;

300 3296 387 3357 binae
411 3312 487 3357 'cero
519 3292 656 3367 in'locis
686 3295 996 3361 intermediis-multo
1027 3296 1156 3375 majores
1179 3302 1266 3357 erunt
1296 3295 1345 3370 iis,
1377 3314 1454 3376 quae
1478 3315 1515 3358 ex
1537 3306 1636 3357 centro

298 3386 461 3471 educamur
485 3358 598 3447 dudem.

314 3538 323 3555 ,
383 3474 470 3537 Dea
655 3482 712 3538 *est
725 3494 793 3556 cop.
810 3472 888 3535 XL.
925 3472 1038 3553 Itaque
1061 3490 1204 3535 eaceorua
1226 3474 1285 3535 iste
1301 3493 1364 3535 aaa
1386 3473 1501 3536 crescit
1520 3493 1636 3555 aequa-

293 3546 470 3637 tuffam
498 3584 542 3627 aa
660 3566 819 3627 imarum.
849 3560 945 3624 multo
976 3562 1082 3624 minua
1113 3581 1183 3622 caru
1210 3562 1348 3625 aiuudua.
1399 3563 1528 3626 Horum
1558 3564 1638 3624 enim

295 3652 503 3751 differerdimg
516 3650 641 3737 iustae
671 3659 874 3724 euaaeecaat,·
902 3670 1083 3714 recessuum
1110 3669 1179 3712 uero
1207 3651 1364 3714 dictorum
1378 3652 1585 3734 *differentiae
1605 3653 1638 3712 ia

289 3743 357 3824 fiae
378 3748 450 3803 eunt
471 3743 639 3805 maaimaa.
682 3742 731 3806 Aa
754 3758 925 3817 mamurra
946 3735 1059 3801 armti
1080 3739 1168 3801 ΚΝΑ
1192 3746 1311 3803 crercat
1336 3738 1529 3824 aequaliter,
1546 3749 1637 3823 paru

299 3829 425 3911 quidam
447 3829 541 3892 ΚΗΛ.
560 3851 630 3893 oum
649 3850 780 3894 numero
797 3829 978 3903 aneorum,
1009 3846 1048 3890 ea
1071 3828 1312 3901 coactruotr‘oae,
1338 3837 1528 3912 portavero
1551 3829 1637 3890 KNII

299 3939 369 3989 cam
390 3919 520 3982 unam
556 3939 700 3994 arcuum,
715 3916 783 3993 ,od
808 3922 884 3999 quos
910 3925 981 3981 aaut
1016 3914 1135 3992 lineae,
1158 3917 1193 3978 ia
1215 3916 1273 3978 HN
1309 3916 1548 4000 multiplicatio,
1582 3937 1637 3999 per

298 4026 371 4088 cap·
380 4007 451 4071 XL
462 4031 472 4067 :
495 3996 572 4070 oiea
593 4009 693 4090 igitur
715 4004 827 4073 airardi
839 4027 903 4071 aaa
920 4013 966 4070 eat
987 4013 1064 4087 apta
1085 4006 1131 4069 od
1150 4026 1332 4099 monueram
1352 4026 1494 4073 memmae
1514 4005 1636 4070 distau-

179 4111 187 4128 ·
299 4097 418 4161 tiorum
440 4114 517 4158 cuae
539 4099 819 4180 circumferartiae.

386 4184 441 4246 IX.
488 4186 521 4248 Si
545 4194 644 4248 autem
667 4205 720 4265 pra
744 4184 831 4247 lineis
860 4202 897 4247 ex
918 4191 1027 4263 puncto
1058 4184 1223 4247 eccentrico
1247 4190 1402 4245 sumantur
1430 4182 1530 4247 lineae
1559 4183 1635 4260 illae,

301 4292 376 4359 quae
408 4273 643 4357 determinantur
673 4296 691 4335 a
722 4272 1015 4355 perpendicularibns
1046 4292 1084 4334 ex
1114 4273 1166 4334 illa
1194 4279 1303 4353 puncto
1340 4273 1370 4335 in
1398 4291 1453 4335 eus
1483 4292 1559 4355 quae
1587 4293 1637 4354 per

300 4371 433 4425 centmm
467 4372 537 4424 eunt
559 4364 713 4438 demissis;
744 4364 801 4424 hoc
832 4370 894 4435 est,
930 4360 955 4422 si
989 4371 1143 4435 sumantur
1170 4361 1331 4423 distmtiae
1360 4361 1556 4425 diametrsler
1584 4381 1635 4442 pro

299 4451 634 4531 circumferentialibus‚
667 4460 700 4514 ut
731 4472 795 4532 cap.
829 4451 980 4513 XXXIX.
1013 4459 1044 4511 et
1075 4452 1173 4512 LVII.
1207 4450 1416 4512 denominatae
1450 4459 1538 4514 sant:
1569 4459 1636 4513 tnnc

300 4560 415 4602 summa
438 4544 547 4622 aequat
570 4560 713 4603 summam
738 4560 847 4614 earum,
872 4558 947 4621 quae
972 4559 1008 4599 er
1031 4549 1133 4601 centro
1157 4541 1311 4617 ducuntur.

389 4629 540 4711 Elipatur
558 4633 641 4693 euim
656 4632 857 4711 quodcunque
874 4638 1025 4711 punctam
1044 4631 1312 4713 circuensereutr'ae
1327 4627 1449 4704 circuli,
1472 4629 1557 4710 quod
1575 4630 1637 4709 iam

296 4721 337 4781 eit
357 4719 401 4793 K,
426 4727 454 4781 et
477 4741 516 4781 ea
534 4720 563 4779 K
581 4740 641 4812 per
656 4721 683 4780 H
705 4728 791 4781 reeta
814 4721 950 4782 ducatur
972 4719 1148 4798 importem
1171 4712 1443 4800 cirmm'Jermdiae
1466 4718 1636 4801 oppoaitom

299 4809 324 4888 I,
350 4829 389 4873 ea
412 4807 438 4868 N
461 4828 532 4876 uero
556 4810 650 4880 cadat
672 4807 948 4893 perpendentem
968 4808 1003 4874 ia
1025 4807 1080 4884 KI,
1109 4827 1189 4892 qaae
1211 4809 1254 4871 eit
1274 4808 1339 4870 ΝΤ.
1388 4807 1480 4875 que
1501 4806 1571 4886 KH,
1595 4808 1636 4870 HI
