3354 5504
288 300 353 377 452
707 304 738 362 In
756 307 937 363 commentaris
955 311 986 361 de
1004 313 1109 365 motibus
1125 306 1213 363 1111111

287 488 378 555 plicltis
391 497 416 537 et
429 488 529 537 exilibus
548 487 683 537 confertum
700 490 740 543 sit,
759 495 787 537 ut
805 489 944 539 difficillime
956 491 1032 552 possit
1050 489 1179 538 enucleari.
1209 487 1322 536 Ceterum
1339 500 1479 543 monemus,
1497 500 1512 535 e
1529 496 1628 551 aequm

288 561 354 610 tibus
372 573 499 623 apparere,
518 573 569 607 rem
586 561 685 609 minime
704 561 782 609 levem
800 560 839 609 hic
858 563 968 625 attigisse
982 561 1127 615 Fabricium,
1147 574 1249 623 emnque
1262 559 1292 607 ob
1311 571 1412 608 causam
1429 572 1477 607 nos
1495 559 1571 607 rerba
1582 560 1630 621 ejas

288 646 345 683 eum
363 631 488 680 schemate
507 626 566 689 (²4)
584 633 735 694 proposuisse
754 648 777 694 p.
797 630 839 687 85,
858 640 975 696 quantum
994 633 1045 681 fieri
1063 632 1149 695 potuit

362 699 405 761 is)
425 717 449 765 p.
471 699 527 750 12⁷.
559 702 634 750 Filius
652 702 692 750 hic
704 702 808 751 Fabricii
827 703 937 752 loannes
956 711 1008 751 tum
1026 711 1134 764 tempore
1147 702 1222 751 literis
1240 714 1339 763 operam
1358 700 1436 749 dabat
1451 698 1629 765 Wrttebergtt,

289 772 356 825 nndc
375 772 437 822 adiit
454 772 587 834 Keplernm
605 788 648 836 per
675 773 759 822 literas
778 772 812 833 (d.
833 773 856 822 d.
880 773 1010 823 1111111
1034 770 1128 833 1606),
1155 772 1301 837 praedicans
1327 773 1379 833 ejus
1408 772 1512 821 inventa
1530 778 1558 821 et
1575 783 1631 835 qna

289 844 419 897 damtenm
437 846 513 907 patris
531 844 609 891 serbis
628 858 779 908 repugnans:
809 843 882 902 „visi
901 846 966 907 apud
984 853 1111 908 parentem
1130 858 1212 892 reram
1230 850 1299 891 tuam
1317 850 1397 891 motus
1416 841 1508 892 llartis
1525 840 1632 892 delinea-

288 916 397 973 tionenu
424 914 467 965 sed
485 916 524 963 vix
542 914 633 977 aliquid
651 924 795 977 extorqueo,
824 918 934 979 quamvis
952 916 1099 979 descriptam
1117 915 1258 964 habuerim.
1287 915 1355 975 enjus
1379 921 1467 963 tamen
1493 928 1544 963 non
1568 912 1633 977 possi

287 986 342 1039 fieri
359 987 488 1050 particeps.
518 984 573 1034 Hoc
591 994 675 1035 tamen
693 986 741 1034 ridi
754 992 779 1036 et
796 987 900 1049 ipsemet
912 996 1024 1051 expertus
1036 1002 1099 1040 snm.
1117 986 1180 1050 qnod
1199 985 1259 1034 nihil
1275 1000 1340 1048 pene
1353 999 1370 1033 s
1382 986 1445 1034 reris
1459 982 1631 1033 observationi-

288 1056 335 1108 bns
356 1058 485 1110 exorbitet.
505 1058 574 1118 cnjus
591 1058 627 1106 rei
644 1057 777 1121 periculum
790 1058 837 1107 leci
855 1059 880 1107 in
893 1058 1099 1107 observationibus
1112 1054 1127 1105 3
1141 1058 1332 1106 accuratioribus
1345 1064 1371 1105 et
1383 1070 1414 1105 ex
1426 1055 1529 1105 officina
1540 1052 1631 1116 Tyriss-

291 1130 329 1179 nis
349 1127 473 1185 desnmtis,
494 1142 549 1179 cnm
567 1128 591 1175 in
609 1128 691 1190 patris
708 1142 823 1178 morarer.
854 1127 956 1194 Scripsit
973 1143 1061 1194 parens
1079 1129 1113 1178 ad
1129 1144 1177 1185 me,
1196 1127 1259 1192 qnod
1277 1126 1332 1176 Tua
1349 1126 1513 1176 Prtestantia
1530 1124 1633 1175 libellum

289 1199 321 1251 tle
338 1206 407 1249 motn
424 1198 512 1249 Martis
530 1198 595 1248 orali
612 1198 707 1249 editura
724 1201 757 1248 sit
774 1199 864 1249 breri.“

361 1270 418 1321 lam
445 1284 516 1327 vero,
542 1275 572 1319 nt
588 1284 644 1319 rere
670 1278 757 1321 natum
775 1270 820 1320 tali
837 1276 907 1334 petre
934 1284 1070 1334 agnoscas,
1099 1269 1246 1335 astrologica
1272 1273 1368 1318 1111111
1397 1274 1516 1331 spectans
1544 1268 1631 1333 pergit:

293 1340 408 1402 „lincis
427 1355 458 1392 sn
476 1346 557 1390 motus
574 1342 638 1390 ratio
655 1356 707 1392 nna
728 1356 783 1391 enm
802 1342 890 1392 calculi
907 1356 1019 1405 processu
1044 1341 1157 1393 addatur.
1176 1342 1240 1405 qnod
1258 1340 1369 1404 equidem
1386 1346 1505 1401 optarem,
1517 1340 1631 1388 maximo·
1663 1392 1664 1397 ,

290 1428 358 1479 pere,
378 1420 407 1462 nt
418 1419 445 1461 et
462 1414 488 1461 in
508 1412 660 1477 astrologicis
672 1414 771 1463 daretur
788 1413 867 1462 iaeilis
885 1416 925 1463 ria
938 1413 970 1462 ad
987 1413 1188 1462 internoscendas
1207 1426 1298 1461 errores
1311 1412 1473 1459 directionum
1487 1420 1515 1460 et
1535 1408 1631 1460 allam

290 1499 387 1539 rerum,
414 1499 478 1548 quae
496 1485 579 1533 omnia
596 1485 683 1533 mutila
701 1490 727 1535 et
744 1498 835 1534 manca
852 1494 910 1534 sunt
929 1485 981 1533 sine
1007 1499 1065 1533 rere
1082 1486 1235 1546 planetarum
1254 1483 1416 1532 restitutione.
1455 1480 1515 1531 lieu
1541 1494 1632 1546 possen

292 1564 376 1605 antem
394 1570 475 1604 meum
492 1556 617 1605 inventum
636 1558 739 1605 reticere
758 1556 788 1606 de
807 1568 866 1605 vers
882 1562 1056 1619 tempestatum
1074 1555 1253 1618 praedictione,
1281 1557 1350 1616 cnjus
1368 1566 1455 1602 reram
1471 1554 1595 1602 rationem
1610 1560 1633 1601 tt

289 1626 389 1677 modum
408 1626 441 1675 ad
459 1632 586 1688 parentem
604 1629 734 1676 msnsmisi.
753 1628 793 1691 qni
810 1627 874 1676 illius
892 1628 1020 1677 eentstem
1033 1628 1184 1690 experientia
1196 1625 1366 1689 comprobarit.
1398 1622 1450 1672 Hic
1467 1623 1558 1673 modns
1576 1623 1631 1675 adst

291 1696 423 1748 infallibilis
442 1706 491 1757 est,
509 1702 540 1746 nt
556 1698 577 1747 si
595 1698 635 1748 sei
652 1705 787 1763 quaternae
804 1698 892 1747 611111
909 1713 957 1748 nno
970 1699 1009 1748 die
1027 1699 1175 1747 mutationes
1187 1698 1259 1750 11111.
1277 1709 1402 1759 nunqnam
1419 1702 1508 1745 umen
1527 1696 1555 1745 in
1566 1707 1630 1759 prse-

291 1768 395 1819 tlicendc
413 1768 466 1831 quis
485 1769 589 1819 aberret
619 1767 755 1819 Ventorum
773 1770 863 1819 notitia
880 1776 907 1820 et
924 1770 1047 1819 conversio
1060 1783 1143 1817 eorum
1161 1775 1281 1832 perpetua
1298 1765 1459 1816 infallibiliter
1471 1766 1630 1831 cognoscitu.

291 1838 354 1891 adeo
372 1845 400 1888 nt
418 1854 466 1888 non
484 1840 545 1888 eatis
562 1838 617 1889 Deo
635 1842 771 1906 gratarum
789 1854 864 1906 egere
882 1850 1015 1904 queamns“
1035 1838 1080 1889 dic.

382 1910 421 1959 Ad
432 1924 496 1974 quse
508 1910 629 1975 Keplerus
644 1918 715 1975 „post
732 1911 755 1960 d.
777 1910 817 1961 10.
837 1911 899 1962 Nos.
918 1909 1140 1973 1101111111
1157 1910 1241 1969 literis,
1261 1922 1322 1973 quas
1339 1910 1452 1974 integras
1463 1906 1505 1957 hic
1519 1904 1628 1972 adiungi·

290 1996 353 2041 mus,
373 1995 428 2031 cum
446 1996 476 2031 ex
493 1988 563 2045 parte
580 1983 677 2047 quidem
696 1983 784 2033 eadem
800 1983 916 2041 reserant,
934 1997 998 2049 qnae
1016 1982 1136 2045 Keplerus
1154 1983 1179 2030 in
1197 1979 1357 2045 superioribus
1376 1980 1435 2044 egit.

370 2055 397 2109 S.
412 2055 443 2110 P.
456 2056 492 2108 D.
522 2056 597 2117 Quas
612 2057 647 2108 ad
662 2074 703 2110 me
717 2055 814 2110 dedisti
829 2057 923 2111 literas
941 2059 986 2111 ll.
1001 2057 1084 2109 Mart.
1116 2055 1224 2108 Fabrici
1238 2052 1399 2115 doctissime,
1419 2069 1472 2105 ese
1490 2051 1520 2105 in
1542 2051 1628 2106 turbu·

289 2135 443 2189 lentissima
463 2142 587 2204 tempora
607 2137 766 2191 inciderunt.
800 2138 921 2190 Furebst
935 2137 1005 2189 enim
1025 2135 1133 2205 publice
1155 2136 1239 2197 Mars,
1260 2134 1331 2187 domi
1349 2148 1416 2187 rere
1431 2149 1513 2189 meae
1527 2132 1626 2200 Venus3

291 2215 446 2285 privignam
467 2215 537 2269 enim
559 2216 701 2270 elocabam
722 2224 751 2269 et
771 2216 925 2286 nuptiarum
947 2223 1086 2285 apparatu
1107 2215 1198 2269 omnia
1227 2214 1449 2283 perstrepebant
1491 2212 1560 2270 Noli
1581 2210 1627 2265 irs·

293 2312 345 2366 que
365 2293 464 2357 mirari,
487 2297 556 2366 quod
578 2296 686 2350 illarum
707 2314 764 2350 sum
786 2297 896 2351 oblitus.
929 2297 1094 2363 abjeceram
1113 2295 1177 2348 illas
1198 2311 1281 2363 super
1302 2292 1463 2347 fasciculum
1482 2295 1627 2353 literarum,

293 2390 360 2445 quas
381 2390 400 2427 a
419 2382 467 2428 tuo
481 2383 597 2445 parente
618 2377 708 2430 habeo
723 2376 908 2431 creberrimas.
942 2377 997 2430 Vix
1018 2378 1127 2430 tandem
1142 2377 1177 2429 ad
1196 2390 1239 2429 me
1259 2390 1374 2446 meaque
1388 2373 1483 2427 studia
1498 2386 1627 2433 reversus.

291 2471 352 2508 cum
372 2454 457 2508 etism
477 2463 558 2524 pater
579 2466 642 2508 tuus
664 2457 877 2525 pertinacissime
898 2457 1004 2510 instans
1030 2464 1170 2525 rumperet
1189 2456 1299 2509 tandem
1320 2453 1478 2509 diuturnum
1499 2450 1629 2509 silentes

290 2550 388 2597 meum,
410 2542 475 2588 tuae
490 2535 561 2588 inter
582 2537 687 2605 patrias
708 2537 772 2591 mihi
787 2546 960 2590 occurrerunt
981 2537 1064 2606 plene
1085 2552 1183 2591 nosse.
1218 2536 1284 2589 Cum
1304 2541 1422 2606 parente
1436 2534 1627 2589 mossetena·

293 2614 341 2686 egi
370 2622 401 2667 ut
421 2632 480 2667 cum
508 2616 619 2684 aequali
644 2624 674 2669 et
703 2625 809 2670 tantum
838 2635 890 2670 non
919 2634 977 2670 curn
1006 2617 1146 2685 discipulo.
1188 2615 1240 2678 Qui
1269 2624 1413 2687 postquam
1444 2632 1520 2669 nunc
1548 2608 1629 2683 proiit

296 2695 415 2763 stipatus
444 2695 500 2748 filio
530 2696 652 2750 acerrimi
683 2697 785 2767 ingenii
812 2715 862 2750 nec
891 2714 978 2766 parra
999 2697 1083 2751 etiam
1102 2696 1266 2750 inventionis
1286 2697 1427 2766 enjusdam
1450 2691 1628 2750 nobilissimas

291 2773 393 2847 gloria,
414 2775 562 2829 merebitur
582 2776 609 2830 in
630 2784 768 2846 posterum
788 2778 918 2846 majorem
933 2794 951 2830 a
964 2795 1006 2830 me
1027 2777 1239 2830 venerationem.
1273 2777 1312 2829 Et
1331 2792 1459 2845 cuperem
1480 2774 1628 2829 eradicate·

291 2871 329 2909 cx
351 2852 418 2908 meis
440 2857 473 2908 sd
495 2856 583 2925 ipsum
603 2856 691 2911 literis
704 2856 824 2926 pueriles
845 2857 923 2910 nimis
941 2857 1034 2925 jocos:
1052 2857 1112 2925 jam
1127 2857 1197 2909 enim
1211 2872 1349 2910 censorem
1369 2856 1456 2910 lilium
1470 2866 1628 2927 expersus

372 2936 573 2989 Commentario
591 2953 653 2990 mea
666 2938 700 2990 de
713 2938 812 2999 Marte,
834 2938 978 3007 dequibus
999 2937 1117 3007 quaeris,
1135 2935 1194 3005 jam
1216 2937 1290 2989 ultra
1304 2953 1404 2991 annum
1425 2936 1547 2990 haerent
1563 2928 1628 3003 apd

292 3015 498 3089 typographum
509 3016 711 3089 Heidelbergse
727 3034 785 3071 eum
810 3017 901 3071 formis
917 3016 1016 3087 ligneis
1030 3025 1060 3071 et
1072 3016 1204 3087 pecunia:
1220 3016 1289 3069 mira
1302 3034 1369 3070 sene
1384 3017 1501 3071 fortune
1513 3016 1629 3071 istus·
1671 3072 1674 3077 ,

290 3111 435 3165 rerumque
465 3100 597 3150 mearum!
618 3098 764 3151 -Recte
791 3114 899 3160 censes,
930 3099 1043 3151 eandem
1071 3115 1121 3167 per
1148 3113 1239 3151 omnes
1269 3095 1400 3165 planetas
1431 3112 1495 3150 esse
1524 3096 1628 3151 111111
1672 3106 1674 3113 “

290 3175 493 3248 hypothesium,
515 3176 685 3230 variantibus
706 3177 916 3247 quantitatibus.
954 3179 1050 3247 ltaque
1071 3176 1163 3231 videre
1183 3176 1263 3247 cupio
1283 3182 1348 3231 tuas
1361 3179 1395 3231 de
1409 3173 1543 3231 Mercurii
1561 3186 1628 3243 οη·
1671 3190 1674 3197 ·

290 3255 411 3311 tationes
434 3255 573 3326 multoque
594 3258 683 3327 magis
706 3259 739 3310 de
752 3259 840 3320 Luna,
862 3275 932 3328 quae
953 3258 1014 3311 sols
1027 3257 1091 3327 quid
1111 3257 1250 3327 peculiare
1270 3256 1374 3312 habere
1394 3256 1535 3313 hactenus
1551 3248 1628 3309 erofi-
1663 3252 1674 3327 ,¹

290 3342 345 3399 tur,
366 3334 417 3389 nisi
438 3343 468 3389 tu
489 3335 638 3406 simplicem
662 3332 708 3405 (ut
727 3338 825 3401 refers)
842 3339 1017 3407 persuadeas.
1046 3338 1126 3411 Rogo
1141 3344 1173 3391 nt
1192 3336 1225 3390 iis
1243 3354 1287 3391 mo
1307 3335 1461 3407 impertias.
1497 3332 1628 3391 umus·

291 3415 364 3469 enim·
385 3415 522 3469 hominum
545 3419 768 3471 contemnendum
796 3420 863 3470 duco
884 3435 983 3487 nuper,
1006 3424 1149 3487 postquam
1166 3417 1197 3473 in
1217 3416 1305 3471 literis
1324 3416 1416 3487 patris
1430 3416 1474 3471 tui
1488 3412 1628 3470 1111111111

290 3495 427 3567 neglectis
458 3495 595 3566 etiamque
616 3498 757 3551 contemtis
788 3499 822 3551 ob
853 3499 1020 3551 schematum
1041 3497 1150 3551 oculare
1178 3496 1285 3561 vitium,
1314 3514 1352 3551 ex
1372 3496 1519 3567 insperato
1546 3487 1628 3549 hessi

290 3574 459 3647 hypothesin
488 3593 542 3629 non
563 3576 641 3645 perri
662 3577 801 3631 momenti:
833 3594 903 3647 quse
925 3594 979 3631 una
1000 3595 1091 3631 omnes
1116 3593 1191 3630 meas
1213 3577 1416 3647 speculationes
1445 3574 1581 3631 mussat
1604 3568 1628 3627 h

292 3654 375 3710 sliam
396 3655 517 3719 formam,
539 3663 666 3710 manente
688 3657 794 3728 quidem
814 3659 887 3711 osali
907 3658 1005 3712 itinere
1026 3656 1164 3713 tarditatis
1185 3656 1347 3728 inaequalis.

371 3737 415 3789 De
435 3744 629 3807 tempestatum
651 3738 836 3806 praedictione
857 3746 989 3808 exspecto
1010 3738 1148 3791 inventum
1169 3746 1260 3801 tuum,
1281 3739 1352 3809 qnod
1372 3736 1456 3791 vaide
1485 3748 1583 3791 vereor
1598 3746 1628 3785 m

291 3817 355 3887 plns
371 3815 477 3869 hebeat
492 3815 623 3885 juvenilis
644 3817 759 3871 ferroris
778 3835 858 3888 quam
880 3817 1017 3872 veritatis:
1040 3818 1119 3887 idque
1140 3824 1218 3871 tanto
1232 3818 1331 3889 magis,
1352 3824 1458 3887 quanto
1479 3822 1511 3871 tu
1531 3810 1628 3887 sperit·

292 3896 363 3951 liora
381 3914 418 3949 ex
439 3914 472 3949 co
493 3904 521 3950 te
543 3898 700 3966 praedicere
720 3915 801 3967 posse
822 3915 927 3967 speras.
962 3899 1038 3960 Quod
1060 3898 1130 3952 onim
1151 3897 1217 3951 mibi
1237 3915 1320 3966 super
1339 3899 1393 3951 hoc
1414 3895 1531 3967 negotio
1549 3891 1627 3947 rim

293 3992 401 4044 semper
421 3976 487 4037 tuit,
519 3977 545 4029 id
561 3977 621 4046 jam
642 3979 727 4030 multo
747 3979 864 4031 maxime
892 3978 1011 4039 ridetur,
1043 3986 1187 4048 postquam
1213 3977 1283 4031 idem
1310 3986 1377 4031 ante
1402 3976 1481 4032 18⁰⁰
1502 3990 1588 4031 unct
1603 3976 1629 4025 11

292 4055 415 4118 Gemino,
437 4057 464 4109 in
485 4056 562 4125 csqjus
583 4059 726 4112 lectionem
748 4075 834 4126 nuper
855 4058 942 4121 incidi,-
964 4059 1050 4111 risum
1071 4059 1157 4111 inisse
1178 4058 1266 4111 rideo.
1309 4059 1408 4128 ltaque
1427 4062 1482 4113 aut
1497 4054 1563 4112 mihi
1581 4051 1628 4109 sni·

289 4134 409 4190 inventis
429 4142 551 4205 praesta,
572 4145 605 4192 ut
624 4138 706 4192 aliter
725 4138 859 4201 rideatur,
882 4146 932 4193 sut
952 4155 970 4191 a
989 4156 1031 4191 me
1052 4145 1187 4208 exspecta
1208 4154 1303 4191 sanum
1325 4136 1483 4200 consilium,
1505 4152 1559 4208 qne
1576 4133 1628 4189 ist·

215 4232 223 4251 ·
290 4214 336 4270 tili
355 4215 450 4269 labore
472 4212 551 4286 (quia
570 4212 751 4288 impossibile)
773 4218 905 4274 libereris.
945 4218 1020 4272 Nihil
1051 4219 1121 4272 enim
1152 4226 1180 4271 tc
1202 4218 1299 4272 celabo
1320 4234 1430 4281 eorum,
1463 4232 1536 4289 quse
1562 4214 1627 4270 vise

290 4296 394 4351 buntur
414 4296 524 4369 cognito
545 4297 654 4352 invento
676 4306 732 4353 tuo,

370 4376 442 4431 Vale
463 4384 493 4431 et
513 4379 536 4431 si
550 4395 605 4450 qua
624 4379 797 4450 rescripseris
819 4396 892 4442 curu,
914 4386 945 4431 nt
966 4379 1000 4431 ad
1021 4379 1123 4432 curiam
1146 4377 1375 4433 coelestiasticam
1387 4378 1528 4435 Dresdam
1547 4382 1628 4433 mss

291 4455 443 4512 mittantur.

379 4534 425 4585 His
452 4536 553 4599 Kepleri
581 4538 789 4588 adhortationibus
820 4547 900 4587 motus
925 4537 1051 4588 lohannes
1081 4536 1201 4597 abjecisse
1228 4536 1323 4585 ridetur
1351 4537 1537 4594 ,intentionem
1566 4546 1628 4585 sm

293 4607 478 4666 admirsndsm‘*
499 4605 579 4669 (nulls
596 4617 664 4660 certe
682 4617 763 4659 exstet
780 4610 889 4671 ejusdem
906 4609 1030 4672 responsio
1049 4607 1082 4657 ad
1100 4608 1185 4655 literas
1203 4609 1362 4671 praemissas,
1391 4623 1475 4674 neqne
1490 4608 1561 4659 notis
1577 4619 1627 4657 ets·

293 4684 360 4739 stat,
385 4694 443 4730 num
466 4679 554 4744 publici
568 4682 630 4744 jnris
648 4680 737 4744 aliquid
755 4680 786 4729 de
804 4681 841 4729 his
859 4677 971 4740 lecerit),
999 4686 1025 4729 et
1042 4692 1152 4728 resersus
1180 4679 1213 4727 ad
1231 4680 1331 4741 patrem'
1353 4680 1526 4747 ssuonomicis
1551 4676 1627 4729 11111·

291 4750 342 4801 isse
369 4750 588 4809 observationibus,
615 4758 686 4815 patre
704 4753 730 4800 in
746 4751 785 4800 his
806 4752 868 4803 duce
885 4751 1103 4815 praestantissimo.
1134 4747 1243 4800 Detecto
1261 4758 1314 4800 tnm
1331 4752 1450 4815 temporis
1468 4752 1528 4803 tube
1547 4750 1626 4814 optior·

291 4820 404 4879 msonlss
415 4820 513 4873 Solsrss
530 4825 621 4887 primus
639 4823 764 4887 conspexit
773 4822 901 4874 lohannes
912 4846 948 4857 -
960 4836 1026 4873 anno
1046 4817 1110 4869 1611
1125 4842 1160 4872 ,-
1178 4836 1240 4886 quas
1259 4822 1371 4873 detectas
1384 4821 1442 4872 Vol.
1453 4822 1490 4875 Π.
1500 4838 1526 4889 p.
1539 4820 1588 4878 111
1599 4832 1626 4875 st·

291 4891 400 4968 pleribus
417 4892 552 4953 retulimus.
589 4892 712 4949 roseum
729 4893 805 4945 reiert
820 4893 897 4953 lilium
914 4900 987 4961 pater
1004 4894 1030 4946 iu
1047 4891 1206 4958 recessuro
1225 4894 1253 4945 in
1271 4906 1363 4953 111111
1382 4890 1463 4951 idid.
