3354 5504
283 315 351 387 671
883 316 924 370 D·
945 314 1027 369 nana

285 507 404 561 auctam
428 495 610 571 adhibueris,
635 495 753 576 qualern
769 494 869 578 Tyeho
894 495 1091 576 deprehendit
1113 495 1143 556 in
1167 493 1395 575 quadrantibus,
1418 493 1517 556 multo
1538 494 1625 575 major

286 598 317 650 et
338 585 538 668 prodigiosior
560 585 635 647 haec
657 585 824 666 parallaxis
848 585 965 647 evadet.
1004 585 1083 657 Quin
1113 583 1205 663 igitur
1235 584 1345 645 salsum
1368 582 1420 644 hie
1453 583 1515 646 loci
1537 583 1625 645 admi-

286 677 371 749 serit,
394 674 526 737 dubitari
549 695 607 737 non
632 675 730 736 debet.

375 763 510 845 Denique
534 783 592 825 non
616 764 692 824 levis
715 763 857 825 momenti
880 781 963 824 error
987 764 1042 826 tuit
1066 761 1144 842 apud
1169 770 1286 823 veteres
1309 759 1380 821 iude
1403 760 1445 822 ab
1463 760 1626 843 Hipparcho

288 873 381 935 usque
405 853 444 914 ad
467 852 647 933 Tychonem,
671 852 751 932 quod
774 872 841 915 eum
864 852 1028 915 diametros
1047 853 1150 914 Lunae
1175 859 1206 912 et
1227 849 1382 913 umbrae
1372 869 1403 910 ru
1429 859 1517 912 certa
1531 850 1627 932 aliqua

288 942 413 1024 epicycli
435 949 521 1022 parte
546 950 648 1004 essent
671 942 807 1014 dimensi,
832 941 941 1003 ceteris
955 941 1081 1024 epicycli
1104 940 1178 1002 locis
1192 941 1300 1001 vitiose
1323 938 1494 1002 diametros
1517 959 1626 1003 accon·

216 1062 224 1079 ··
288 1032 463 1105 moderent,
496 1049 533 1091 eo
556 1031 635 1111 quod
658 1031 791 1112 epieyclo
814 1030 936 1092 nimiam
969 1031 1135 1093 tribuerent
1158 1027 1395 1110 amplitudinem.
1444 1030 1527 1091 Fons
1549 1029 1626 1110 hujus

288 1120 333 1185 rei
355 1118 484 1182 scaturit
505 1138 544 1180 ex
568 1120 748 1182 desideratis
776 1119 1022 1222 inaequalitatum
1050 1120 1169 1193 causis,
1202 1126 1234 1180 et
1255 1117 1439 1179 redundat
1430 1138 1460 1179 m
1485 1120 1626 1201 utrimque

289 1209 443 1273 luminaris
476 1216 598 1270 motum.
644 1208 764 1270 Etenim
797 1227 862 1269 cum
893 1218 976 1271 esset
1006 1210 1036 1271 in
1069 1209 1227 1283 confesso,
1265 1206 1401 1295 tardiora
1434 1207 1532 1271 videri
1563 1227 1628 1289 quae

290 1299 408 1379 longius
432 1297 638 1370 abstitissent,
664 1298 825 1378 eademque
849 1298 995 1360 celeriora
1018 1299 1067 1360 ubi
1090 1297 1213 1378 propius
1236 1296 1456 1370 accessissent,
1487 1317 1545 1360 nec
1566 1296 1629 1360 illud

238 1426 243 1433 -
290 1388 489 1468 ignoraretur,
511 1386 666 1448 discedere
691 1387 802 1448 lumina
824 1396 856 1447 et
879 1387 1038 1460 accedere,
1067 1395 1184 1448 veteres
1212 1386 1257 1447 illi
1279 1394 1480 1466 praepostero
1504 1387 1629 1470 aequali·

291 1477 366 1539 tatis
385 1475 484 1538 studio
503 1495 620 1537 ornnem
634 1485 734 1537 motus
758 1476 899 1537 luminum
923 1476 1154 1537 diversitatem
1146 1495 1176 1537 ιι
1196 1475 1433 1537 hosabscessns
1449 1484 1481 1536 et
1498 1495 1629 1539 accessus

292 1583 392 1628 eorum
416 1565 615 1639 contulerunt,
639 1585 713 1646 quae
740 1564 863 1626 dimidia
887 1565 982 1627 solum
1002 1566 1062 1628 illis
1077 1566 1210 1638 debetur,
1234 1565 1350 1645 reliqua
1366 1583 1449 1642 pars,
1475 1585 1532 1627 nec
1555 1565 1629 1647 quic·

292 1673 381 1736 quam
403 1662 587 1733 repugnante
606 1654 782 1734 Copernieo,
805 1655 894 1735 plane
918 1673 1038 1716 cansam
1060 1654 1156 1716 hahet
1177 1653 1341 1735 physicam,
1365 1672 1405 1714 ex
1428 1654 1498 1734 ipso
1523 1654 1629 1738 quiden

231 1770 235 1776 ·
292 1763 416 1807 accessu
439 1751 471 1804 et
492 1746 613 1805 reces'su
637 1743 745 1805 sideris
768 1744 973 1819 resultantem,
999 1744 1052 1805 sed
1076 1744 1104 1804 in
1129 1743 1258 1804 secundo
1282 1751 1432 1823 respectu.

379 1833 427 1894 ric
451 1830 488 1893 in'
504 1832 601 1893 tribus
625 1831 746 1911 quidem
773 1832 975 1912 superioribus
1003 1833 1077 1895 haec
1099 1851 1193 1894 eausa
1220 1831 1347 1913 physica
1369 1851 1439 1894 sese
1463 1830 1629 1896 Ptolemaeo

259 1992 262 1997 ,
293 1920 450 1984 manifeste
472 1920 648 2002 prodiderat
661 1922 782 1996 indicio,
807 1922 884 2001 qnod
900 1920 1093 2002 amplificatio
1114 1921 1240 2003 epicycli
1256 1921 1368 2002 optica,
1381 1941 1485 2007 ,qnam
1501 1923 1629 2003 Alphen-

293 2031 344 2074 sns
368 2010 572 2072 diversitatem
596 2011 743 2083 diametri,
764 2011 941 2073 Pruteoieae
966 2030 1122 2074 excessum
1146 2010 1334 2090 appellitant,
1359 2029 1417 2072 nou
1436 2010 1635 2095 respondebat·

293 2118 434 2162 accessus
457 2108 489 2161 et
511 2118 647 2161 recessus
671 2100 878 2178 magnitudini,
903 2120 990 2180 quarn
1005 2101 1145 2180 aequatio
1164 2101 1293 2161 eccentri
1316 2099 1504 2180 requirebat,
1528 2100 1631 2183 siquis

234 2263 236 2266 Α
293 2208 360 2251 eam
389 2188 475 2250 unice
504 2207 558 2267 per
588 2198 754 2251 ceutrorum
788 2189 868 2251 orbis
900 2198 932 2251 et
959 2190 1058 2251 mundi
1088 2189 1262 2252 distantiam
1298 2188 1450 2252 niteretur
1488 2209 1631 2255 excusare.

294 2276 416 2349 Quare
440 2287 563 2340 coactus
586 2278 780 2340 Ptolemaeus
803 2286 944 2359 puuctum
973 2279 1132 2360 aequantia
1156 2278 1332 2354 introducit,
1360 2297 1426 2341 rem
1447 2282 1542 2363 plane
1563 2280 1632 2362 phy·

294 2367 404 2439 sicam,
437 2365 464 2427 si
492 2366 567 2428 bene
600 2367 824 2430 considerasset
841 2387 920 2439 ,eam
951 2376 1065 2431 auctor.
1113 2367 1297 2448 Copernieus
1330 2365 1501 2433 abhorrens
1525 2371 1563 2433 ab
1583 2369 1634 2432 lac

293 2453 509 2535 inaequalitate
530 2454 664 2536 physica,
688 2477 775 2537 quam
798 2457 925 2538 putabat
948 2458 1099 2538 indignam
1123 2457 1247 2518 coelesti
1269 2464 1388 2529 natura,
1411 2456 1633 2523 transformarit

294 2551 471 2624 aequantem
494 2542 525 2606 in
548 2544 731 2626 epicyclium,
756 2547 879 2625 gavisus
903 2547 931 2609 in
956 2546 1151 2609 luminaribus
1174 2565 1247 2627 opus
1271 2545 1323 2607 illo
1346 2566 1407 2609 non
1430 2568 1513 2612 esse.
1558 2547 1633 2627 Cave

295 2634 392 2697 lector
414 2633 615 2709 confundaris,
639 2654 696 2696 nou
721 2646 769 2697 est
791 2635 862 2698 mihi
892 2655 990 2698 sermo
1016 2637 1053 2697 de
1075 2643 1246 2698 menstruae
1274 2635 1508 2716 inaequalitatis
1530 2652 1633 2719 aequ·

294 2721 374 2786 torio
396 2731 526 2802 puncto,
560 2723 636 2803 quod
669 2724 730 2785 scio
754 2726 961 2787 Ptolemaeum
991 2724 1176 2787 adhibuisse.
1221 2725 1268 2786 De
1296 2725 1394 2804 prima
1424 2726 1633 2810 inaequalitate

295 2814 409 2892 loquor,
433 2830 509 2892 quae
534 2831 552 2873 a
575 2823 727 2877 menstruo
750 2814 874 2876 circuitu
901 2822 1035 2896 tempore
1068 2812 1257 2877 discernitur.
1303 2815 1393 2876 Hanc
1421 2816 1517 2896 igitur
1538 2814 1632 2879 Ptole-

294 2922 398 2965 maeus
420 2919 585 2982 perunum
609 2902 773 2983 epieyclum
804 2904 961 2966 excusavit
991 2923 1114 2985 euinque
1138 2911 1252 2965 tanturn
1276 2903 1402 2979 statuit,
1434 2915 1472 2969 ut
1494 2905 1633 2968 sufficeret

256 3022 260 3030 =
294 2992 353 3055 toti
376 2990 574 3072 aequationi„
603 2989 787 3072 Copemicus
819 2993 1015 3055 mutationem
1040 2993 1083 3055 illi
1106 2992 1279 3054 nonnullam
1308 2993 1436 3070 attulit,
1467 2996 1522 3058 sed
1544 2995 1586 3057 ita
1605 2998 1633 3053 ut

295 3081 403 3144 iisdem
424 3079 584 3163 principiis
603 3080 785 3156 inhaereret,
814 3090 930 3144 tanturn
953 3100 1022 3144 esse
1045 3090 1184 3162 oportere
1207 3080 1389 3163 epicyolum,
1424 3093 1542 3166 quanta
1560 3087 1632 3145 essct

295 3169 435 3251 aequatio
465 3166 569 3249 quovis
600 3178 743 3251 ternpore.
791 3169 893 3243 Quare
917 3173 975 3233 etsi
1003 3170 1179 3252 epicyelium
1211 3170 1366 3251 adjunxit,
1396 3193 1458 3256 quo
1486 3170 1630 3277 primariqa

237 3287 241 3299 ·
296 3258 445 3342 epicyclus
469 3265 628 3338 augeretur
652 3259 699 3320 vel
723 3258 920 3335 minueretur,
944 3280 979 3322 eo
1003 3270 1102 3324 tamen
1127 3260 1261 3323 nullam·
1267 3261 1432 3340 primariae
1455 3258 1629 3363 aequatiouia

295 3356 411 3430 partem
442 3345 604 3428 expedivit.
649 3348 728 3411 Nam
762 3349 834 3410 illud
858 3350 896 3411 ad
920 3359 1102 3413 menstruam
1126 3348 1339 3431 aequalitatem
1374 3361 1501 3431 spectat
1527 3360 1559 3414 et
1575 3349 1630 3411 vice

295 3436 473 3502 Ptolemaici
504 3437 649 3499 menstrui
681 3437 838 3518 aequantis
871 3439 1011 3519 iungitur.
1058 3439 1165 3502 Adhuc
1195 3458 1267 3519 ergo
1296 3437 1487 3519 Oopernicns
1518 3440 1631 3523 prtum

296 3526 542 3608 inaequalitatem
564 3545 618 3606 per
630 3526 744 3588 solam
777 3522 944 3590 ceutronum
968 3529 1151 3633 distantiam
1166 3522 1234 3601 (seu
1266 3528 1453 3610 epicyelum)
1482 3527 1631 3615 expedivit

204 3688 207 3695 ¹
297 3616 420 3679 exclusa
442 3634 535 3678 causa
557 3615 699 3699 physica;
724 3636 781 3696 quo
805 3618 921 3679 nomine
944 3627 975 3680 et
999 3617 1055 3698 ipsi
1082 3615 1174 3680 nimia
1195 3617 1225 3678 in
1249 3617 1423 3682 differentia
1447 3630 1520 3684 suut
1540 3612 1664 3682 lana·

297 3726 317 3767 a
338 3705 433 3767 Terra
455 3704 627 3779 distantiae,
651 3706 775 3786 proinde
795 3714 826 3767 et
842 3706 977 3769 diametri
1000 3706 1202 3788 aspectabiles
1216 3716 1248 3768 et
1261 3709 1411 3771 transitus
1432 3729 1487 3790 per
1501 3708 1631 3773 umbram

298 3793 400 3877 Tycha
425 3792 583 3875 (iopernici
614 3795 743 3873 vestigia
775 3796 889 3875 pressit
918 3816 1011 3877 usque
1043 3797 1082 3858 ad
1114 3807 1221 3857 annum
1255 3792 1349 3860 1000.
1395 3799 1479 3861 Nam
1509 3798 1555 3861 illi
1583 3796 1632 3859 dre

299 3882 441 3985 epicycli,
474 3902 596 3964 quorum
634 3884 759 3946 alterius
792 3885 937 3948 diameter
976 3886 1119 3949 statuitur
1153 3882 1275 3960 11000,
1309 3887 1439 3951 alterius
1466 3884 1576 3952 22000
1596 3884 1633 3957 sm

297 3971 417 4055 paginis
441 3972 634 4053 Witehergae
658 3973 799 4037 editisa.
822 3970 921 4049 1500)
944 3995 1023 4037 mere
1047 3974 1246 4056 Oopernicani
1270 3983 1356 4049 sunt;
1381 3977 1498 4040 residui
1525 3976 1583 4040 dno
1603 3971 1634 4034 ad

298 4081 392 4126 novas
411 4080 466 4123 nec
486 4063 670 4125 aveteribua
686 4064 912 4126 animadversas
935 4065 1168 4146 inaequalitates
1191 4064 1359 4131 reseruntur
1376 4065 1515 4149 nihilque
1536 4064 1635 4129 habui

299 4150 484 4232 cumprime
506 4151 721 4232 inaequalitate
744 4153 922 4216 commercii.

388 4239 476 4311 Quod
500 4249 600 4302 autem
624 4241 814 4306 Christianus
829 4241 976 4319 Severini,
1000 4241 1084 4321 cujus
1108 4260 1200 4321 opera
1214 4241 1348 4324 Tycho
1339 4262 1368 4304 ru
1395 4243 1507 4307 ultima
1528 4258 1634 4307 ωιιιι·

299 4329 382 4393 tione
404 4348 475 4391 usus
498 4337 554 4404 est,
583 4329 613 4391 in
635 4330 762 4412 primam
784 4351 899 4414 quoque
929 4331 1173 4412 inaequalitatem
1202 4339 1381 4412 aequantem
1404 4332 1578 4397 introduxit
1592 4348 1635 4395 ser

300 4438 381 4483 more
406 4415 611 4499 Copernicauo
641 4421 833 4503 epicyelium:
873 4422 903 4484 id
933 4421 960 4483 si
991 4421 1019 4482 in
1049 4421 1166 4483 Lunam
1196 4429 1330 4483 statuere
1360 4418 1452 4485 nefas
1490 4419 1636 4486 arbim

299 4508 453 4588 vallesque
477 4527 537 4570 non
568 4526 634 4571 esse
665 4511 776 4580 iactum
799 4531 818 4571 a
840 4512 1000 4594 Tychone,
1023 4509 1094 4571 mihi
1125 4509 1300 4574 adscribito.
1345 4510 1426 4573 Nam
1452 4532 1491 4575 eo
1514 4520 1636 4593 cenpm

301 4596 475 4661 Christiano
498 4607 530 4660 et
543 4607 697 4679 spectator
720 4608 752 4662 et
770 4609 875 4663 auctor
898 4601 940 4663 lui
963 4602 1001 4661 ad
1022 4599 1051 4661 id
1068 4599 1244 4662 audendum.
1282 4599 1325 4661 Et
1347 4620 1422 4662 sane
1446 4622 1510 4665 non
1533 4607 1636 4665 tanturn

301 4686 331 4748 in
354 4695 435 4749 motu
469 4688 662 4768 longitudinis
694 4690 851 4768 plurimum
875 4689 1047 4754 Christiano
1077 4708 1126 4751 res
1158 4688 1219 4751 ista
1240 4689 1378 4770 profuit,
1414 4692 1583 4764 sedetiam
1605 4685 1647 4777 ad·

301 4775 472 4854 parallaxes
496 4776 628 4858 apprime
652 4778 709 4839 fuit
732 4780 895 4842 commoda.
932 4780 1059 4859 Semper
1082 4797 1161 4859 aqua
1182 4778 1337 4854 haerebat,
1360 4781 1571 4860 parallaxihus
1592 4782 1637 4838 aut

302 4864 536 4952 repugnantibus
566 4866 725 4952 hypothesi
755 4876 808 4935 aut
838 4868 896 4932 sihi
925 4888 985 4936 uou
1016 4867 1233 4935 consonatum.
1278 4868 1416 4936 Tandem
1445 4872 1499 4937 nbi
1521 4868 1638 4935 animun
