3354 5504
535 254 707 397 affigat
744 294 826 405 cappe
844 286 932 348 sna
1337 290 1402 364 293

149 416 163 447 't

62 468 199 623 &aa
214 486 266 547 ’με
287 469 316 532 in
340 473 357 532 λ
365 490 374 544 ;
399 480 431 533 ελ
454 430 667 535 connectentur
688 466 750 550 pai
773 492 838 533 cum
857 474 886 550 β.
922 470 996 563 Qum
1013 491 1083 552 ergo
1109 476 1176 551 καβ
1200 476 1241 541 sit
1260 478 1404 554 graduum
1426 546 1429 552 ,

63 558 242 643 ’',l'grornm
264 561 409 640 angulus,
440 561 498 622 erit
522 571 553 624 et
575 560 711 625 residuus
734 564 822 640 κβα,
855 562 939 643 eique
963 563 1099 642 aequalis
1121 570 1200 639 pud
1223 565 1403 644 integrorum

61 649 219 728 graduum,
253 658 286 711 et
308 650 336 711 in
360 649 519 729 triangulis
542 653 625 729 βκα,
649 652 723 733 delo
744 650 898 751 qimilibus
921 650 1046 732 aequale
1070 653 1127 715 erit
1150 654 1229 714 latus
1255 679 1293 715 an
1318 657 1405 716 latori

60 739 111 816 λβ,
133 744 167 800 ελ
190 739 233 815 κβ
252 718 312 816 itii
335 742 391 800 λα.
436 740 495 802 Εελ
525 749 624 801 autem
652 740 696 817 λβ
717 728 805 803 sintii
824 740 924 818 anguli
948 741 1029 816 λμβ,
1053 743 1128 819 ληβ;
1157 752 1189 803 ελ
1215 743 1309 822 ipsius
1333 747 1405 821 λμβ

50 828 311 913 ‚complementum
334 840 382 890 est
404 828 594 907 λβμβλβη
612 810 839 909 'ejusqntainus
855 829 935 890 linea
957 831 1012 905 λμ,
1029 832 1083 904 λη
1108 842 1139 892 ελ
1153 831 1282 910 ipsarum
1297 858 1351 908 αμ,
1366 857 1407 894 un

51 908 229 1001 ’Miltia
251 919 304 977 λα.
349 918 443 998 Atqui
469 919 653 999 quantitates
669 921 721 992 λα,
736 904 782 995 λβ
791 919 856 996 jam
872 918 1011 980 iuventae
1027 920 1139 980 suntin
1158 922 1305 1001 triangulo
1328 925 1403 999 αβκ.

34 1004 139 1087 'Ergo
179 1005 267 1068 unine
304 1006 448 1085 trianguli
480 1026 537 1084 opo
568 1015 694 1087 quatuor
726 1007 850 1067 inveniri
880 1017 1007 1086 possunt
1035 1008 1197 1070 distantiae
1234 1012 1408 1090 aequalibus

60 1093 180 1174 agulis
208 1095 250 1156 ed
283 1120 319 1171 a,
352 1105 468 1157 remota
499 1118 518 1157 a
541 1097 620 1157 linea
644 1096 779 1174 apsidum
817 1096 939 1176 ejusque
968 1098 1204 1177 perpendiculari
1232 1095 1273 1176 ζη
1300 1120 1353 1178 per
1390 1124 1409 1162 α

59 1182 164 1247 dara:
198 1192 248 1245 est
279 1185 356 1245 enim
388 1181 461 1261 μαζ
479 1176 612 1265 aequalis
643 1184 698 1264 ipsi
731 1188 809 1246 dud
838 1195 870 1246 et
899 1207 966 1262 naq
997 1186 1055 1265 ipsi
1082 1209 1150 1248 rna.
1209 1189 1267 1249 Est
1304 1191 1405 1268 itaque

83 1272 91 1285 ‘
128 1273 137 1287 '
157 1273 237 1335 sima
260 1274 407 1336 distantia
431 1275 459 1335 in
484 1281 511 1346 δ,
534 1275 710 1335 brevissima
734 1274 761 1334 in
787 1298 810 1347 a,
835 1274 991 1335 mediocris
1005 1294 1075 1337 vero
1091 1284 1122 1338 et
1137 1275 1272 1358 aequam
1288 1278 1344 1355 ipsi
1359 1275 1408 1355 βζ,

50 1270 250 1525 βίης
273 1365 326 1425 sed
350 1383 445 1445 neque
469 1363 498 1425 in
523 1364 601 1425 linea
623 1382 678 1442 per
700 1364 729 1439 β,
754 1363 809 1442 ipsi
834 1359 874 1435 ζα
896 1364 1052 1442 parallelo,
1076 1385 1150 1446 quae
1172 1366 1213 1426 sit
1235 1360 1283 1438 ξο.
1329 1367 1410 1428 Nam

46 1462 56 1497 '-
95 1494 98 1500 -
126 1450 225 1514 minor
257 1461 306 1513 est
334 1472 422 1533 qnam
449 1450 508 1530 βζ,
539 1472 574 1513 eo
606 1452 684 1533 quod
707 1452 812 1513 minori
835 1449 907 1529 ζβα
930 1452 1128 1516 subtendatur
1152 1474 1237 1533 quam
1263 1464 1311 1515 est
1334 1452 1407 1533 ζαβ,

52 1526 67 1635 ¹⁸
129 1548 163 1602 te
188 1550 306 1616 rectns;
330 1551 363 1604 et
384 1540 427 1616 αξ
448 1542 549 1603 ducta.
563 1540 681 1620 longior
704 1552 751 1602 est
774 1561 864 1621 quam
885 1538 944 1631 βξ,
964 1561 998 1602 eo
1022 1540 1098 1625 qudd
1123 1544 1230 1622 majori
1252 1543 1320 1621 ξβα
1344 1546 1410 1617 (ut-

110 1649 128 1692 e
152 1634 253 1705 recto)
278 1631 490 1705 subtendatur,
515 1630 556 1707 ξβ
579 1649 649 1692 vern
673 1630 779 1691 minori
801 1627 917 1707 ξαβ.“““’
1105 1630 1109 1641 “

70 1714 92 1763 ’
146 1719 192 1783 Ut
215 1730 316 1782 antem
340 1720 504 1782 distantiae
530 1721 754 1781 mediae-locus
777 1720 958 1797 geometrice
976 1720 1157 1798 designetur,
1189 1722 1338 1785 bisecetur
1361 1726 1410 1801 αβ
1503 1759 1505 1764 ·

62 1808 143 1889 signo
170 1832 198 1886 σ,
224 1830 333 1890 perque
357 1810 414 1871 hoc
438 1806 691 1889 perpendicularis
716 1807 773 1887 ipsi
786 1810 844 1889 ‚ac
867 1818 975 1887 agatur
997 1832 1059 1887 πρ,
1084 1829 1191 1871 secans
1215 1812 1356 1873 circulum
1379 1813 1408 1875 in

10 1944 13 1951 .
61 1920 131 1981 ap.
171 1899 250 1962 Dico
274 1900 348 1961 haec
373 1919 439 1960 esse
464 1899 552 1976 signa
576 1878 743 1978 dtqualiter
767 1896 804 1957 ab
829 1922 849 1958 α
873 1905 904 1957 ελ
927 1918 945 1957 a
968 1900 987 1976 β
1010 1899 1165 1961 distantia.
1205 1901 1409 1964 Gonnectatur

41 1988 137 2053 -wint
161 1988 291 2051 alterurn
315 1989 469 2068 signorum
492 2007 601 2050 arcum
625 2012 645 2048 α
668 1996 700 2047 ελ
723 2006 789 2047 cunr
812 1988 846 2063 β,
871 1995 958 2047 erunt
980 2010 1041 2059 na,
1059 1990 1108 2065 πβ
1138 1990 1312 2069 aequalibus
1342 1992 1409 2063 (ut-

62 2085 129 2155 pote
151 2064 263 2152 rectis)
287 2078 405 2158 angulis
428 2099 514 2151 nno,
537 2079 617 2153 πσβ
641 2077 812 2151 subtensae,
837 2085 868 2136 ελ
892 2078 1003 2151 ασ,σβ
1026 2078 1178 2158 aequales,
1205 2088 1235 2140 et
1257 2102 1304 2140 no
1326 2099 1410 2141 com-

62 2167 165 2230 munis.
213 2167 295 2246 Ergo
323 2190 383 2243 uu,
406 2168 452 2243 πβ
486 2168 637 2247 aequales.
684 2165 726 2226 Et
756 2165 800 2225 sic
829 2165 998 2226 Reinholdo
1026 2176 1172 2246 usurpata
1195 2169 1410 2231 demonstratio

63 2256 96 2317 de
118 2264 190 2319 tota
211 2280 255 2337 og
274 2266 306 2318 et
329 2256 394 2336 ejus
415 2256 515 2317 medio
538 2265 648 2334 puncto
672 2256 700 2332 β,
726 2273 798 2315 vera
820 2256 922 2315 manet
944 2255 980 2314 de
1004 2263 1113 2334 puncto
1133 2279 1153 2318 σ
1172 2270 1203 2318 et
1216 2257 1339 2320 dimidia
1356 2261 1411 2335 αβ.

85 2360 134 2451 ᾗ
144 2346 254 2411 Possit
278 2346 369 2425 igitur
390 2345 497 2426 qliquis
519 2346 668 2423 cogitare,
694 2362 760 2404 cum
784 2343 813 2403 in
836 2362 857 2403 rr
879 2343 1025 2405 distantia
1048 2366 1098 2406 an
1120 2345 1174 2408 fiat
1197 2348 1332 2428 aequalis
1356 2348 1414 2428 ipsi

61 2426 370 2510 llae‘ffiidiametro,
395 2434 535 2513 angulum
559 2433 650 2495 etiam
673 2434 745 2509 βπα
769 2432 912 2511 majorem
936 2452 1003 2494 esse
1030 2433 1095 2513 ipso
1119 2431 1199 2510 βζα,
1226 2437 1319 2498 etsie
1343 2458 1410 2499 ma-

61 2524 174 2589 xiim
195 2524 405 2605 aequationem
428 2524 457 2585 in
481 2547 502 2584 π
524 2522 711 2601 contingere:
737 2529 912 2601 argumento
936 2541 1017 2596 usus,
1043 2526 1120 2602 quod
1136 2535 1220 2587 recta
1243 2527 1292 2603 βα
1314 2526 1411 2605 ipsiu

62 2608 204 2677 Rectius
232 2614 390 2694 objiciatur
423 2631 512 2692 quam
540 2611 598 2690 ipsi
627 2606 651 2684 ζ.
707 2610 801 2690 Atqui
831 2629 933 2671 verum
957 2629 1013 2673 non
1039 2622 1103 2685 est,
1136 2615 1213 2693 qnod
1247 2623 1312 2676 erat
1339 2634 1412 2695 pro-

61 2702 201 2782 positum.
252 2702 331 2765 Nam
360 2710 471 2783 quanto
505 2699 652 2780 obliquius
679 2701 725 2777 βα
749 2699 871 2778 respicit
892 2695 924 2773 ζ,
954 2708 1039 2762 tanto
1063 2701 1181 2781 longius
1205 2703 1339 2766 vicissim
1361 2705 1411 2766 di-

63 2801 121 2856 stat
142 2815 168 2854 π
190 2811 281 2873 quam
304 2788 327 2865 ζ,
352 2811 419 2854 cum
442 2790 551 2852 ausit
574 2788 689 2869 longior
713 2808 800 2869 quam
824 2783 882 2863 ζα,
907 2789 1002 2868 major
1026 2791 1103 2852 enim
1125 2793 1200 2869 πβσ
1224 2812 1313 2872 quam
1335 2790 1409 2871 ζβα,

48 2883 104 2943 ·cui
126 2878 172 2955 ζα
195 2881 394 2944 subtenditur.
1060 2894 1063 2901 ·

146 2972 379 3033 Demonstravit
401 2969 492 3048 igitur
513 2975 595 3028 recte
618 2966 809 3028 Ptolemaeus
834 2973 865 3025 et
888 2986 926 3026 ex
949 2985 983 3026 eo
999 2966 1184 3030 Reiuhnldus
1203 2969 1233 3030 in
1248 2971 1412 3044 Thenricis,

63 3061 224 3123 maximam
248 3060 453 3141 aequationem
479 3056 624 3129 (eoeentri
648 3054 765 3135 quidem
794 3054 960 3117 solitariam
988 3075 1042 3116 seu
1067 3057 1213 3135 opticam)
1237 3059 1410 3139 contingere
1464 3123 1465 3126 ,

63 3149 89 3211 io
116 3150 142 3226 ζ.
199 3151 277 3212 Earn
307 3159 406 3211 tamen
437 3145 722 3208 demonstrationem
753 3145 782 3205 in
812 3145 908 3206 forma
931 3144 991 3206 alia
1016 3145 1141 3208 faciliori
1165 3148 1213 3210 hic
1235 3166 1409 3227 proponam.

64 3238 108 3302 Sit
130 3242 251 3321 signnm
284 3239 486 3320 qualecunque
518 3254 609 3314 supra
632 3229 663 3308 ζ,
688 3238 857 3314 utpotae,
889 3244 920 3294 ελ
943 3235 1144 3316 qualecunque
1173 3237 1250 3298 infra
1272 3260 1290 3313 η
1312 3234 1409 3315 vell,

63 3326 163 3410 utpdte
188 3356 214 3403 r,
246 3336 277 3390 et
299 3333 516 3391 connectantur
549 3342 614 3385 cum
638 3342 675 3398 ας
706 3333 737 3383 ελ
769 3323 849 3398 exli
879 3324 1140 3403 perpendiculares
1174 3326 1284 3386 cadant
1306 3327 1336 3388 in
1358 3332 1410 3389 θα

63 3420 105 3481 rel
128 3444 167 3482 ια
189 3418 404 3489 continuatam,
429 3433 504 3496 quae
528 3413 589 3474 sint
612 3415 661 3489 βκ.
710 3411 789 3483 Quia
817 3411 908 3489 igitur
939 3413 1081 3494 aequales
1110 3425 1180 3475 sunt
1203 3410 1271 3487 ὅαζ
1292 3422 1323 3476 ελ
1344 3418 1413 3494 βκα
1521 3448 1523 3455 ,

63 3517 163 3590 utpote
188 3508 273 3582 recti,
299 3517 330 3570 et
353 3508 434 3584 κβα,
459 3504 525 3579 καβ
543 3501 640 3580 juncti
664 3501 805 3580 aequales
831 3500 881 3561 uni
904 3510 1003 3577 recto,
1028 3501 1134 3563 eodem
1156 3502 1249 3583 igitur
1268 3509 1341 3566 λαθ
1362 3507 1412 3568 vel

64 3597 128 3671 βακ
153 3597 192 3659 ab
223 3597 398 3678 aequalibus
426 3593 542 3668 ablato,
575 3591 780 3671 relinquentur·
801 3584 888 3664 θαζ,
919 3586 987 3666 κβα
1020 3592 1171 3671 aequales.
1219 3593 1260 3654 Et
1282 3594 1411 3673 primum

64 3697 148 3769 atque
175 3706 268 3768 snpra
290 3694 431 3768 punctum
453 3679 472 3755 ζ
492 3680 609 3743 ducitur
632 3679 733 3759 aliqua
755 3697 809 3756 per
832 3702 861 3750 n,
886 3685 920 3739 ut
937 3679 1002 3759 jam
1015 3684 1079 3754 dn,
1104 3701 1157 3742 seu
1180 3681 1347 3761 proximum
1370 3684 1413 3753 sit

63 3772 201 3858 tipeii
221 3796 274 3838 seu
295 3783 461 3847 remotum,
486 3770 574 3832 simul
598 3769 690 3829 etiam
713 3788 731 3827 a
754 3768 801 3844 βα
824 3767 959 3828 declinat
982 3769 1063 3830 illius
1086 3771 1343 3849 perpendicularis
1358 3774 1408 3850 βκ.

65 3866 161 3948 llajor
184 3873 286 3928 autem
309 3873 358 3926 est
379 3864 424 3943 βα
447 3880 536 3942 quam
562 3859 625 3920 ulla
654 3856 944 3936 perpendicularinm
966 3858 1022 3933 βκ,
1051 3876 1117 3919 cum
1140 3860 1185 3936 βα
1213 3861 1410 3924 subtoudatur
1439 3926 1441 3930 ,

32 3962 35 3972 “
63 3957 125 4032 dra
149 3963 251 4030 recto,
274 3956 318 4031 βκ
340 3973 410 4015 vero
446 3959 534 4011 acuto
557 3949 623 4025 βακ
646 3955 676 4007 ελ
697 3945 813 4007 minori.
862 3943 938 4007 Cum
965 3954 1066 4008 autem
1093 3943 1147 4023 βζ,
1180 3950 1242 4026 βθ,
1277 3952 1312 4027 βι
1347 3951 1411 4014 sint

65 4045 215 4128 aequales,
240 4051 272 4105 ελ
293 4039 371 4121 βαϊ,
395 4044 474 4119 βκθ,
497 4039 554 4115 βκι
578 4035 670 4109 recti;
695 4035 843 4114 quadrant
866 4034 957 4114 igitur
979 4035 1010 4096 in
1030 4036 1155 4098 eundem
1179 4038 1406 4110 semicirculum,

64 4137 144 4216 cujus
179 4133 326 4196 diameter
355 4139 404 4193 est
433 4126 568 4208 aequalis
601 4124 675 4205 ipsis
708 4119 762 4201 βζ,
794 4125 855 4200 βθ,
889 4125 934 4201 βλ.
981 4124 1088 4205 Itaque
1121 4128 1166 4204 βα
1194 4128 1243 4200 (ut
1274 4128 1406 4208 longior)

64 4225 207 4305 majorem
240 4218 509 4284 circumferentiam
540 4212 746 4296 hujuscemodi
780 4213 905 4292 alicujus
937 4212 1114 4275 semicirculi
1146 4214 1299 4279 subtendit
1321 4236 1411 4297 quam

67 4313 103 4389 βκ
125 4320 183 4375 ant
204 4327 396 4392 quaecunque
426 4301 737 4387 perpendicularium3
770 4312 801 4362 et
823 4301 946 4380 proinde
979 4303 1075 4382 major
1102 4304 1161 4365 erit
1188 4305 1252 4384 ejus
1281 4306 1409 4386 angulus

65 4397 130 4477 βζα
160 4419 251 4481 quam
273 4402 344 4477 βθκ
372 4404 425 4460 aut
455 4394 657 4475 cujuscunque
684 4391 786 4472 puncti
814 4389 939 4451 alterius
968 4410 1059 4470 supra
1081 4387 1110 4469 ζ,
1139 4401 1242 4472 utpote
1265 4415 1287 4456 a
1310 4395 1359 4456 vel
1380 4392 1408 4470 ξ,

66 4490 193 4572 angulus
215 4488 533 4569 prosthaphaereseos.
580 4478 668 4553 Quod
690 4486 757 4542 erat
779 4479 1053 4542 demonstrandum.

150 4576 239 4650 Quae
261 4577 318 4640 hoc
341 4576 440 4655 capite
472 4572 509 4636 de
531 4568 740 4651 computandis
763 4567 914 4630 distantiis
930 4565 1012 4631 Solis
1036 4575 1067 4630 et
1085 4569 1195 4632 Terrae
1219 4577 1289 4632 snut
1311 4571 1406 4648 dicta,

63 4667 206 4732 valebunt
238 4667 329 4729 etiam
351 4666 380 4728 in
399 4664 515 4738 Marte,
546 4657 719 4742 quantisper
742 4657 798 4719 erit
819 4656 849 4718 in
874 4650 1265 4741 dbppositis„plauetarum
1288 4659 1404 4722 orbitas

62 4775 129 4820 ease
152 4756 283 4821 circulos
304 4756 464 4837 perlectos.
511 4749 577 4822 Quo
601 4748 677 4809 falso
702 4746 901 4826 deprehenso,
926 4746 987 4809 alia
1009 4747 1165 4835 methodus
1190 4748 1326 4811 tradetur
1350 4769 1402 4811 eas

62 4844 268 4930 computandi.
