3354 5504
453 298 1047 357 ammanuensium
1261 378 1263 383 Ι
1378 301 1419 370 ιιι

57 486 153 540 natae
176 477 352 562 ἆιροινχιαι
372 479 613 557 observationes,
644 491 676 546 et
698 482 826 565 singulis
847 483 937 546 binae
960 481 1039 546 aliae
1063 481 1291 545 observationes
1314 482 1423 561 adjun-

60 575 176 648 gantur
205 568 253 630 sic
280 578 491 650 comparatae,
525 580 558 632 ut
585 572 709 652 planeta
737 581 809 655 post
838 573 972 653 integras
1004 570 1207 634 revolutiones
1231 573 1321 653 (quae
1344 572 1424 633 inter

60 657 134 719 data
158 660 248 730 sunt)
272 676 394 741 semper
417 659 458 721 sit
479 658 589 722 iterum
610 661 642 723 in
665 665 770 725 'eodem
793 663 860 724 loco
885 662 931 723 sni
955 660 1123 735 eccentrici,
1155 660 1236 723 linea
1259 679 1296 721 ex
1319 668 1423 723 centro

61 747 146 809 Solis
172 747 293 809 educta.
340 749 390 809 Ex
412 766 518 811 norem
542 750 586 811 sic
610 751 795 832 comparatis
823 742 1083 814 observationibus
1113 748 1254 828 planetae
1284 748 1422 830 datisque

63 835 176 897 ceteris
199 835 263 897 sint
277 836 456 918 inquirenda
472 838 582 913 omnia,
606 859 683 921 quae
697 841 808 903 nesciri
824 839 902 902 dixi:
930 838 963 913 1)
982 839 1012 901 in
1031 838 1166 920 qualibet
1180 839 1422 901 observationum

64 925 144 1005 triga
167 925 266 987 scitur
289 926 376 988 locus
398 924 453 987 snb
474 927 543 989 lixis
568 946 661 992 causa
684 929 891 1010 longitudinis.
914 928 945 990 in
968 947 1056 1010 quem
1071 927 1250 990 caditlinea
1264 947 1303 990 ex
1318 936 1422 989 centro

64 1013 202 1094 corporis
216 1013 340 1078 Solaria
360 1033 415 1096 per
435 1016 577 1096 planetae
600 1037 709 1100 eorpus
732 1019 850 1080 educta.
896 1019 974 1080 Nam
997 1017 1027 1079 in
1047 1036 1120 1078 vera
1144 1017 1332 1096 oppositione
1354 1036 1421 1079 cum

64 1102 134 1166 Sole
158 1103 249 1166 locus
273 1104 325 1166 ille
347 1112 432 1186 patet
455 1106 563 1180 oculis,
595 1108 624 1168 in
658 1108 737 1170 binis
760 1127 832 1171 vero
856 1107 946 1170 sociis
969 1106 1113 1168 beneflcio
1141 1106 1259 1185 periodi
1283 1106 1421 1186 cognitae

65 1192 193 1267 sciram,
226 1192 383 1273 planetam
412 1195 517 1256 eodem
540 1214 608 1258 esse
630 1217 802 1272 reversum,
830 1196 880 1258 ubi
911 1196 969 1257 fuit
989 1195 1020 1256 in
1044 1193 1204 1276 ἀιροιυχιῳ
1228 1196 1297 1258 situ.
1345 1195 1422 1258 Gom

66 1300 135 1362 ergo
159 1290 229 1342 tres
251 1281 313 1344 sint
334 1282 442 1362 trigae,
465 1293 513 1345 ter
536 1303 607 1364 ergo
631 1286 725 1349 scitur
747 1287 832 1347 locus
855 1286 996 1366 planetae
1019 1285 1073 1346 sub
1097 1284 1174 1346 lixis.

149 1367 190 1444 2)
225 1370 301 1434 Oum
331 1370 456 1453 planeta
493 1381 525 1434 et
555 1376 649 1437 Terra
680 1395 741 1438 non
777 1374 892 1437 faciant
925 1374 1019 1436 ullam
1055 1392 1184 1453 unquam
1221 1373 1420 1436 omnimodam

63 1459 326 1535 ἀποιαωσταση,
355 1461 390 1523 lit
418 1468 450 1522 ιιι
480 1463 604 1543 planeta
634 1473 682 1526 ter
710 1465 814 1526 eodem
844 1464 874 1525 in
904 1464 970 1526 loco
1000 1461 1046 1525 sui
1077 1461 1236 1524 eccentrici
1267 1471 1418 1537 versante,

63 1551 158 1611 Terra
182 1557 289 1611 contra
310 1549 372 1612 tria
389 1549 532 1613 distincta
550 1553 618 1615 loca
634 1553 801 1634 possideat.
839 1555 945 1634 Itaque
964 1571 1030 1614 oum
1049 1552 1136 1613 detur
1154 1552 1239 1613 locus
1258 1550 1342 1613 Solis
1366 1571 1418 1613 sen

66 1640 179 1701 Terras
197 1639 356 1719 oppositus
374 1639 413 1700 ad
429 1654 532 1702 omues
548 1648 611 1703 tres
630 1643 723 1716 vices,
743 1643 852 1704 dantur
867 1642 960 1704 etiam
978 1641 1080 1721 anguli
1095 1639 1336 1702 commutationis
1355 1642 1419 1702 veri

63 1738 91 1788 et
109 1728 205 1803 tales,
228 1728 333 1809 quales
352 1747 391 1789 ex
414 1730 533 1809 angulis
557 1732 799 1794 commutationis
821 1731 968 1812 simplicis
985 1748 1040 1811 per
1057 1730 1212 1811 utriusque
1227 1734 1258 1790 et
1277 1729 1417 1807 planetas

63 1826 92 1878 et
111 1819 232 1881 Terrae
254 1818 449 1898 aequationes
473 1819 658 1900 corrigentes
682 1829 918 1895 astrueremus,
944 1820 969 1882 si
995 1820 1060 1900 jam
1086 1818 1264 1881 haberemus
1287 1818 1416 1881 tabulas.
1482 1829 1486 1838 '

95 1923 98 1932 ’
150 1903 190 1979 3)
213 1906 262 1967 Ex
284 1906 333 1969 bis
355 1906 514 1970 habebitur
531 1927 586 1989 per
602 1910 782 1973 solutionem
796 1909 883 1972 unius
899 1909 1041 1988 trianguli
1061 1908 1141 1982 (Sol,
1156 1910 1260 1981 Terra,
1273 1906 1417 1980 Planeta)

62 1994 211 2057 distantia
233 1994 317 2058 Solis
346 2003 378 2057 et
407 1997 536 2072 Terrae,
568 2016 662 2082 eaque
693 1999 750 2062 bis.
796 2001 876 2062 Nam
906 2000 1000 2059 Terra
1033 1998 1110 2058 inter
1142 2015 1244 2058 verum
1273 1995 1355 2059 Solis
1387 1993 1419 2058 a't

60 2084 204 2166 planetae
228 2084 326 2146 locum
349 2093 506 2161 versante,
537 2088 620 2150 nulla
651 2091 687 2152 fit
716 2088 912 2168 longitudinis
941 2086 1108 2167 parallaxis
1138 2105 1190 2148 seu
1214 2086 1415 2148 commutatio.

62 2173 177 2256 Imque
189 2191 248 2254 per
266 2173 352 2236 aliud
374 2174 444 2236 hnic
466 2175 629 2256 implexum
651 2177 815 2258 problema,
839 2196 905 2239 oum
920 2177 1033 2238 sciatur
1051 2176 1136 2238 locus
1152 2174 1278 2255 apogaei
1295 2175 1416 2250 Terras,

63 2263 189 2325 stabitur
212 2263 306 2325 etiarn
328 2264 456 2344 angulus
487 2266 654 2329 anomaliae
684 2267 724 2328 ad
754 2274 910 2347 utramque
934 2265 1111 2327 distantiam
1133 2265 1216 2328 Solis
1240 2271 1271 2325 et
1293 2265 1415 2326 Terrae.
1501 2269 1508 2284 “

61 2352 106 2413 Ex
128 2353 259 2414 duorum
282 2353 391 2433 itaque
408 2353 539 2415 locorum
562 2376 582 2416 a
604 2363 745 2436 suscepto
767 2362 879 2436 puncto
903 2354 1057 2416 distantiis
1080 2361 1112 2416 et
1129 2352 1285 2434 utriusque
1307 2374 1326 2413 a
1349 2353 1416 2416 loco

62 2441 191 2522 apogaei
213 2441 379 2505 remotione
402 2442 561 2523 inquiritur
583 2444 737 2526 quantitas
761 2444 842 2505 orbis
866 2443 988 2505 Terreni
1013 2463 1065 2503 seu
1094 2443 1195 2522 magni
1217 2443 1248 2504 in
1271 2461 1308 2503 ea
1329 2461 1416 2504 men-

63 2550 141 2606 sura,
168 2530 198 2592 in
222 2550 283 2611 qna
303 2533 588 2612 praesupposuimus
611 2534 763 2614 cognitam
786 2552 854 2594 esse
876 2533 1017 2614 planetae
1036 2531 1141 2595 aSole
1159 2531 1335 2594 distantiam
1357 2552 1415 2594 uno

62 2619 126 2681 loco
150 2618 315 2682 eccentrioi
336 2619 400 2696 sui;
424 2618 583 2702 inquiritur
605 2622 737 2702 indidem
760 2621 1021 2685 etiam-distantia
1044 2622 1176 2701 suscepti
1195 2621 1300 2701 puncti
1322 2622 1416 2702 (quod

63 2718 108 2770 est
128 2718 269 2772 centrum
290 2709 359 2770 viae
373 2710 509 2785 Terrae)
533 2733 552 2772 a
574 2718 677 2774 centro
701 2711 793 2775 Solis.
840 2712 906 2773 Hoc
934 2712 977 2772 uti
1007 2712 1041 2772 tit
1069 2711 1099 2772 in
1123 2731 1182 2772 una
1205 2710 1287 2790 triga
1308 2712 1414 2773 obser-

63 2798 229 2873 vationum,
252 2798 298 2859 ita
319 2799 354 2861 fit
377 2799 469 2860 etiam
491 2801 521 2863 in
544 2801 642 2862 alters
664 2808 695 2862 et
717 2803 817 2863 tertia.
865 2800 927 2863 Sed
949 2799 980 2862 in
1012 2799 1109 2860 altera
1126 2799 1249 2879 planeta
1276 2809 1325 2861 est
1353 2800 1414 2863 alio
1534 2862 1538 2867 .

63 2887 126 2949 loco
150 2889 199 2949 soi
222 2888 372 2963 eccentri,
403 2888 433 2949 in
456 2889 561 2953 tertia
572 2898 620 2951 est
641 2890 732 2951 tertio
755 2890 822 2952 loco
847 2890 893 2951 sui
916 2889 1046 2950 eccentri
1069 2888 1218 2971 habetque
1241 2889 1415 2970 inaequales

63 2977 168 3039 aSole
191 2976 366 3052 distantias,
389 2996 464 3058 quas
488 2998 606 3060 semper
628 2978 713 3041 initio
736 2978 1001 3042 demonstrationis
1023 2977 1161 3080 ponimus
1181 2997 1248 3041 esse
1275 2976 1412 3042 100000.
1480 2992 1484 2999 ’

61 3066 117 3128 Est
137 3066 244 3147 itaque
266 3084 402 3141 necesse,
425 3074 460 3128 ut
481 3069 635 3149 quantitas
658 3067 739 3130 orbis
762 3070 874 3130 Terrae
891 3068 952 3128 alia
973 3074 1063 3149 atque
1087 3068 1149 3128 alia
1170 3068 1310 3148 prodeat,
1340 3086 1414 3148 pro-

61 3156 199 3235 portione
222 3163 324 3216 nmen
347 3156 583 3219 eccentrioitatis
605 3158 673 3218 viae
691 3158 803 3219 Terrae
827 3159 866 3218 ad
890 3157 1161 3219 semidiametmm
1157 3175 1285 3259 semper
1308 3157 1413 3218 eadem

61 3245 237 3325 prodeunte,
261 3263 337 3325 quae
361 3226 528 3308 admodum
544 3254 627 3308 certa
646 3246 787 3326 probatio
811 3247 877 3308 erit.
924 3248 969 3309 At
991 3265 1057 3308 eum
1081 3253 1195 3308 certum
1219 3246 1269 3322 sit,
1293 3265 1413 3308 manere

61 3334 176 3396 radium
200 3334 285 3396 orbis
308 3336 419 3396 Terrae
444 3335 524 3397 cirea
547 3345 680 3398 centrum
703 3335 770 3396 tiae
795 3336 936 3398 Terrae'
928 3356 959 3396 ιιι
983 3336 1088 3397 eadem
1111 3335 1289 3417 quantitate,
1313 3335 1412 3397 susci·

61 3423 176 3504 piemus
204 3424 271 3503 jam
299 3423 420 3485 huno
412 3443 442 3485 ιιι
475 3425 652 3505 quantitate-
679 3421 807 3488 100000
838 3431 870 3485 st
899 3426 1165 3504 proportionaliter
1196 3424 1411 3486 constituemus

62 3512 202 3594 pinetae
234 3512 264 3573 in
284 3511 391 3574 tribus
420 3513 495 3576 locis
527 3513 698 3581 distaritias.
746 3515 794 3576 lta
822 3523 887 3575 tres
917 3513 1057 3594 planetae
1088 3515 1260 3595 inaequales
1289 3533 1309 3573 a
1338 3513 1411 3576 Sole

63 3602 225 3665 distantias
247 3601 433 3664 babebimus.
480 3602 737 3674 Quemadmodum
760 3621 833 3683 ergo
860 3603 1007 3665 facillima
1035 3603 1150 3666 ratione
1179 3610 1350 3681 geometres
1372 3620 1412 3666 ex

62 3693 155 3754 tn'bus
177 3690 300 3775 punctis
324 3691 467 3754 circulum
490 3692 649 3766 describit,
678 3693 726 3765 ita
756 3692 964 3754 arithmeticus
994 3693 1147 3754 laboriosa
1176 3691 1226 3752 via
1256 3709 1311 3772 per
1342 3703 1410 3756 octo

62 3781 177 3853 (nescio
201 3800 241 3842 an
265 3780 410 3856 sedecim)
433 3782 626 3862 operationes
649 3781 801 3862 simplices
825 3782 980 3845 extribus
1003 3781 1096 3844 radiis
1119 3780 1286 3861 inaequalis
1309 3783 1410 3863 longi·

62 3871 171 3933 tudinis
202 3869 242 3932 ab
269 3890 327 3932 uno
354 3879 466 3951 puncto
495 3872 672 3934 exeuntibus
705 3871 831 3933 rimatur
863 3872 1061 3952 quantitatem
1094 3868 1309 3933 semidiametri
1340 3873 1409 3935 ιίιι

61 3960 245 4041 planetariae
270 3959 299 4021 in
321 3960 526 4041 proportione,
549 3961 680 4042 qualium
703 3969 752 4022 est
775 3961 996 4023 semidiameter
1019 3958 1100 4020 orbis
1126 3960 1239 4021 Terrae
1266 3957 1408 4037 10000ος

62 4049 145 4112 sirrml
169 4057 202 4111 et
224 4049 403 4111 distantiam
418 4050 514 4112 centri
535 4071 555 4111 a
567 4058 678 4131 puncto
694 4048 747 4111 illo
765 4070 823 4112 uno
842 4050 935 4132 (quod
949 4057 997 4110 est
1015 4055 1148 4111 centrum
1164 4048 1262 4122 Solis)
1285 4050 1410 4113 rimatur

63 4148 88 4200 et
108 4139 337 4202 inclinationem
367 4138 463 4200 lineas
492 4158 547 4221 per
576 4147 731 4221 utrumqne
760 4147 894 4201 centrum
922 4137 1067 4216 trajeoae
1096 4139 1135 4200 ad
1166 4138 1270 4201 radios
1298 4140 1406 4203 dictos.

61 4227 170 4291 llsbita
192 4227 418 4291 eccentrioitate
441 4230 510 4291 viae
532 4231 643 4293 mnae
667 4237 699 4292 et
720 4229 859 4310 planetae
884 4226 1026 4307 simplici,
1050 4228 1260 4291 eccentrioitas
1283 4248 1406 4310 compo-

63 4319 117 4380 sita
139 4337 194 4381 sen
219 4316 377 4400 aequantia
404 4319 435 4380 in
461 4321 556 4380 Terra
578 4327 648 4380 ante
672 4327 744 4380 nota
767 4325 824 4393 est,
847 4319 877 4379 in
899 4317 1023 4397 planeta
1045 4317 1204 4398 inquiritur
1227 4336 1264 4378 cx
1286 4318 1407 4397 angulis

63 4417 156 4471 notus
178 4406 327 4488 simplicis
351 4407 391 4470 ad
414 4409 513 4488 spatia
536 4416 703 4489 temporum
725 4406 902 4469 intermedia
925 4425 990 4466 cum
1010 4406 1074 4485 jam
1105 4407 1227 4470 inventa
1257 4407 1406 4468 eccentri·

63 4496 146 4560 citata
168 4499 240 4561 riae
263 4498 457 4578 comparatio.
504 4497 762 4570 Quemadmodum
785 4504 816 4557 et
830 4494 951 4575 cognito
966 4495 1032 4558 loco
1049 4497 1175 4578 apogaei
1192 4499 1261 4569 (sen
1276 4496 1404 4575 aphelii)

63 4588 196 4666 planetas
232 4586 424 4666 cognoscitur
459 4595 492 4650 et
525 4586 680 4667 longitudo
717 4585 844 4665 simplex
882 4583 1017 4663 ejusdem
1057 4592 1191 4649 correcta
1228 4585 1267 4646 ad
1304 4585 1402 4666 quod-

64 4676 129 4740 libet
149 4687 281 4758 tempus.

141 4769 286 4832 Alterum
306 4765 463 4846 problema
485 4765 657 4827 difficillime
680 4764 744 4826 sine
768 4763 919 4826 schemate
943 4764 1124 4847 explicatur;
1155 4780 1211 4842 ego
1242 4780 1314 4823 vero
1340 4762 1405 4842 jam

65 4855 320 4929 etinstrnrnsntis
347 4856 447 4919 careo
492 4856 642 4918 Versatur
670 4854 701 4915 ln
727 4850 936 4916 latitudinibus
962 4854 1154 4937 ἀιροιηιαις.
1204 4853 1407 4935 Praecognita
