3354 5504
403 461 479 520 Unde
500 460 600 537 globos
620 471 725 536 septem
746 470 878 536 septenae
898 482 936 519 ex
956 459 1048 521 ordine
1068 469 1180 530 mentes,

456 546 629 616 Octavusqne
650 545 754 601 animus
775 547 808 599 de
828 553 910 617 patre
929 545 1001 609 Sole,
1022 545 1140 601 vehunt:

404 625 702 697 innumerabilibusque
723 634 807 681 vacat
825 625 1057 691 naturarolntis,
1156 645 1162 656 ·

298 704 304 708 '
453 707 491 761 Et
510 714 628 776 pereunt
647 707 749 771 novies,
770 708 803 760 de
823 723 920 778 grege,
941 706 1059 778 quinque
1078 706 1140 762 Dei.

402 787 481 841 Falle
501 787 596 857 Tycha
617 787 692 842 denis
712 786 854 851 rationem,
875 786 944 841 falle
963 785 1091 842 minutis:

457 866 543 932 Quae,
564 866 617 921 nisi
636 868 686 932 lbi,
708 873 833 922 numeret
852 883 945 931 nemo;
966 883 1002 921 ea
1021 873 1120 922 cuncta
1139 875 1227 924 ruent.

405 946 427 1002 0
448 963 527 1001 curas
548 947 693 1017 hominum,
714 966 730 1002 o
751 953 880 1020 quantum
900 953 944 1001 est
964 947 991 1001 in
1011 948 1093 1002 rebus
1113 947 1211 1003 inane!

456 1027 597 1091 Quondam
616 1045 671 1083 non
690 1028 749 1084 alia
768 1027 792 1082 si
811 1026 867 1083 itur
887 1030 922 1083 ad
943 1034 1022 1082 asna
1040 1027 1093 1083 ria.

352 1193 506 1281 Ὲξὶωᾶειη
528 1195 721 1280 φίφατηηια
743 1195 782 1257 de
804 1194 920 1258 stodiis
943 1193 1104 1280 Tychom‘s
1125 1193 1258 1258 Brona:

401 1320 530 1376 lixarum
550 1322 644 1392 'lyobo
665 1320 809 1390 descripsit
828 1320 952 1392 Solisque
972 1326 1093 1383 meatum

453 1401 550 1456 Lunae
570 1401 731 1456 curriculum
747 1400 852 1471 junxit,
873 1409 903 1456 eb
921 1400 1055 1457 occubuit.

402 1481 548 1537 Luciferae
562 1481 707 1537 Phaethon
727 1481 803 1537 dolet
822 1480 976 1536 moendisse
996 1479 1159 1552 quadrigam
1236 1515 1237 1518 =

454 1562 500 1616 Nil
520 1563 614 1617 nocuit
633 1562 730 1617 sollers
750 1563 821 1617 haee
840 1561 891 1616 tibi
911 1578 978 1616 oura
997 1561 1107 1632 lycho:

401 1645 552 1697 Aeternum
571 1642 724 1714 Endymion
743 1642 836 1697 'lbiria
855 1641 1015 1698 obdormirit
1035 1648 1146 1703 amnba3

453 1725 603 1778 Aeternum
623 1723 731 1779 'lbiviae
751 1729 780 1777 te
801 1739 907 1795 quoque
928 1722 1002 1793 sopit
1021 1726 1112 1777 Amor.

562 2011 568 2016 ’
654 2031 1025 2106 Lectori

790 2151 823 2218 S.

231 2260 367 2324 Pluribus
388 2269 419 2322 te
443 2259 553 2341 alloqui
585 2251 776 2324 decreueram
800 2262 956 2336 (Lector),
987 2261 1043 2324 nisi
1067 2268 1099 2324 et
1120 2260 1346 2342 occupationum
1369 2260 1474 2342 politi-

166 2363 241 2411 orum
263 2351 368 2424 moles,
393 2349 499 2431 quibus
518 2350 601 2413 hisee
624 2350 728 2412 diebus
750 2351 817 2431 plns
839 2351 928 2413 solito
951 2351 1095 2414 distineor
1115 2360 1146 2413 et
1159 2369 1375 2431 praepropems
1389 2351 1474 2431 Kep-

165 2432 202 2499 len'
222 2439 324 2514 nostri,
348 2438 404 2501 hoc
427 2438 494 2519 ipso
517 2447 666 2502 momento
686 2440 913 2502 Franeofnrtum
932 2439 1011 2516 ituri,
1036 2440 1187 2502 discessus
1206 2440 1257 2501 vix
1279 2441 1355 2502 hanc
1378 2458 1475 2521 quan-

165 2526 349 2610 tulumcunque
373 2527 444 2591 mihi
467 2527 616 2591 scribendi
639 2528 810 2610 reliquisset
839 2529 1035 2593 occasionem.
1080 2530 1187 2612 ltaque
1210 2529 1305 2592 tribus
1322 2529 1475 2591 >duntaxat

164 2616 239 2680 verbis
262 2626 294 2680 te
317 2617 494 2680 monendum
518 2617 692 2688 censuisne
714 2625 745 2680 te
768 2627 890 2681 moveat
910 2618 1034 2700 Kepleri
1056 2616 1087 2680 in
1110 2618 1265 2699 aliquibus,
1289 2617 1474 2698 potissimum

162 2718 214 2767 tero
227 2706 360 2791 physicis
384 2707 689 2787 argumentationibus
705 2728 723 2769 a
738 2708 856 2771 Braheo
880 2706 1086 2792 dissentientis
1100 2708 1234 2784 libertas,
1259 2707 1474 2772 Tabularum

161 2787 435 2878 ludolphearnm
459 2794 552 2877 Operi
574 2797 768 2880 nequicquam
791 2798 1022 2874 incommodans,
1047 2807 1078 2860 et
1096 2797 1232 2860 omnibus
1254 2797 1323 2859 inde
1345 2796 1383 2859 ab
1404 2796 1475 2860 orbe

160 2884 256 2948 condito
279 2885 469 2966 Philosophia
497 2885 664 2949 familiaris.
715 2885 856 2950 Ceterum
879 2906 916 2948 ex
939 2886 1037 2968 Opere
1059 2887 1125 2967 ipso
1149 2887 1302 2960 rescisces,
1326 2887 1422 2966 ipsum
1445 2886 1474 2947 in

161 2969 228 3035 hodo
249 2975 376 3053 Brabei,
400 2976 430 3037 id
453 2982 614 3055 estsuper
640 2975 734 3056 ipsius
765 2976 955 3039 restitutione
984 2977 1108 3038 fixarum
1131 2983 1164 3038 et
1186 2976 1267 3039 Solis
1290 2975 1472 3048 aedificasse,

159 3063 355 3147 nsteriamqne
378 3083 494 3126 omnem
510 3064 752 3137 (observationes
775 3065 926 3141 nimirum)
941 3064 1051 3128 Brahei
1066 3083 1157 3145 opera
1176 3065 1268 3127 fnisse
1290 3072 1473 3143 congestam.

160 3147 261 3215 Interim
285 3153 343 3215 hoc
366 3153 474 3234 insigni
496 3152 620 3233 Kepleri
643 3152 743 3234 Opere
773 3155 850 3216 inter
872 3154 928 3216 hos
958 3154 1151 3217 rebellionum
1174 3164 1206 3217 et
1227 3153 1372 3216 bellorum
1400 3153 1473 3214 sub-

159 3235 208 3302 inde
230 3243 472 3322 repnllnlantinm
494 3244 656 3318 tumultus,
687 3244 755 3305 dum
778 3263 826 3305 res
850 3243 984 3307 literaria
1004 3243 1092 3324 Reip.
1116 3244 1308 3325 compatitur,
1331 3249 1474 3323 tanquam

159 3324 319 3393 Tabularum
343 3340 373 3395 et
395 3337 467 3412 post
489 3329 557 3394 illas
580 3331 832 3395 Observationum
862 3333 979 3396 tardius
1001 3333 1056 3395 hoc
1088 3333 1204 3416 nomine
1227 3332 1256 3393 in
1284 3331 1380 3393 lucem
1402 3350 1473 3412 pro-

159 3413 290 3482 deuntium
305 3419 469 3483 Prodrnmo
493 3420 610 3497 fruere;
634 3427 666 3483 et
684 3421 843 3484 alacriores
867 3423 1067 3504 inposterum
1090 3423 1187 3504 operis
1210 3428 1366 3500 tantopere
1390 3419 1473 3502 desi-

159 3503 237 3571 derati
259 3528 448 3591 progressus,
473 3517 505 3572 et
526 3518 664 3592 tempora
686 3510 839 3573 foeliciora
861 3531 880 3573 a
901 3511 967 3574 Deo
982 3510 1103 3594 Optimo
1121 3512 1205 3575 Max.
1229 3508 1381 3572 nobiscum
1403 3528 1473 3590 pre-

159 3610 218 3659 esre.

610 3688 804 3754 limae
827 3688 972 3753 oms
996 3686 1176 3772 Tenqrsoqcl
1195 3687 1232 3751 io
1255 3685 1384 3769 Oompp.

735 3776 791 3840 S⁸0
819 3776 876 3842 0⁸0
903 3779 970 3840 Mais
998 3776 1202 3840 Consiliarins.
1220 3773 1262 3850 ¹⁸)
