3354 5504
457 285 493 357 de·
506 284 697 338 domumtarlia
714 285 746 337 da
764 293 831 338 motu
850 286 938 339 stellas
955 288 1050 341 Martis.
1384 288 1429 358 89

69 458 215 523 insistere
239 479 309 524 eum
331 461 517 526 Ptolemaeo.
560 464 752 528 Ptolemaeus
774 466 901 545 primum
925 484 1027 530 crasso
1050 467 1148 542 modo,
1173 468 1329 549 supposita
1351 468 1428 532 sim·

68 549 141 632 plici
174 550 416 626 eccentricitatis
448 552 623 636 hypothesi,
657 554 775 636 quaerit
807 554 1061 640 eccentricitatem
1091 557 1261 640 invenitque
1294 557 1427 639 quintam

69 639 291 703 semidiametri
314 649 441 723 partem.
478 642 549 704 Jam
572 663 629 704 non
654 644 802 724 expeditis
826 644 961 706 omnibus
985 645 1066 707 circa
1088 648 1297 721 eccentricum,
1311 648 1428 726 statim

69 728 192 792 acedia
225 729 331 793 orbem
364 750 492 794 annuum
524 751 578 793 seu
611 734 774 815 epicyclum
808 734 837 796 in
871 751 1006 814 apogaeo
1036 743 1069 796 et
1096 736 1238 815 perigaeo
1271 737 1428 799 eccentrici

70 818 282 895 constitutum,
306 819 359 883 nbi
379 841 484 901 pamm
507 820 538 883 in
562 822 684 902 longum
698 822 862 897 aberratur,
883 823 1055 903 invenitque
1070 824 1235 904 simplicem
1252 825 1428 889 eccentrici·
1516 882 1517 888 ,
1587 818 1590 826 ’

70 915 167 972 tatem
189 909 276 991 prins
300 928 403 973 crasso
426 910 623 981 constitutam
647 930 706 974 non
727 930 818 992 posse
840 913 878 975 ab
897 912 1031 993 epicyclo
1055 914 1187 990 tolerari,
1212 913 1270 977 nisi
1290 932 1328 976 ex
1341 924 1429 996 parte

69 999 209 1079 praeciae
224 999 359 1062 dimidia.
384 1000 455 1062 Jam
470 999 690 1081 igitur'mrsom
705 1001 879 1081 aggreditur
888 1001 1105 1064 ordinationem
1117 1004 1285 1073 eccentrici,
1301 1013 1333 1066 et
1343 1004 1429 1086 qnasi

69 1106 124 1168 per
154 1089 229 1151 falsi
253 1089 388 1169 regulam
410 1089 529 1153 iteratis
553 1089 778 1171 operationibus
791 1091 822 1153 in
837 1110 897 1152 una
912 1091 1047 1173 qualibet
1069 1093 1335 1172 prosthaphaeresi
1353 1090 1429 1159 ton·

71 1177 231 1243 stituenda
246 1178 347 1252 sudat,
371 1179 464 1241 donec
488 1198 554 1241 eam
578 1187 629 1242 sat
650 1179 819 1260 praecisam
842 1199 909 1242 esse
933 1187 1029 1260 putet.
1076 1181 1176 1243 Aliter
1191 1181 1375 1262 Copsrnieus
1398 1191 1430 1246 et

70 1265 192 1344 vitiose,
217 1267 274 1330 bec
289 1276 338 1331 est
350 1268 447 1331 minus
462 1269 550 1331 docte
565 1288 653 1350 quam
668 1269 869 1332 Ptolemaeus.
918 1268 1025 1331 Credit
1047 1271 1123 1332 enim
1144 1272 1330 1354 acronychiis
1354 1272 1429 1336 solis

70 1372 129 1417 non
143 1357 285 1419 consulto
300 1358 442 1440 epicyclo,
466 1367 577 1439 putans
600 1379 634 1421 se
656 1359 688 1420 in
710 1359 766 1420 hoc
789 1358 995 1420 Ptolemaeum
1018 1360 1177 1440 corrigere,
1202 1368 1233 1422 et
1255 1370 1428 1442 suspectam

72 1444 191 1508 babens
214 1446 280 1527 ejus
304 1448 483 1510 relationem
501 1448 566 1509 sine
590 1447 895 1510 demonstrationibus
918 1449 1171 1511 observationum.

157 1535 240 1599 Puto
261 1544 294 1598 te
317 1537 347 1599 in
371 1537 470 1599 altera
492 1536 715 1616 assignatarum
738 1556 895 1599 causamn
917 1556 1071 1618 peccasse,
1097 1540 1165 1600 dum
1184 1537 1315 1600 exstmis
1330 1536 1425 1603 aemi-

73 1624 255 1689 diametrum
278 1625 368 1688 annui
402 1626 492 1688 orbis.
540 1626 669 1704 Accedit
700 1633 803 1689 tamen
837 1635 868 1689 et
900 1627 975 1689 baec
1002 1637 1087 1689 certa
1117 1630 1226 1690 erroris
1260 1647 1368 1690 cansa:
1401 1629 1428 1692 si

71 1712 173 1777 Marte
198 1715 229 1777 in
254 1722 340 1778 certo
361 1716 427 1779 loco
451 1716 610 1779 eccentrici
634 1715 827 1791 (existente),
850 1726 925 1796 puta
945 1707 978 1777 in
998 1717 1077 1797 long.
1094 1718 1203 1792 media,
1229 1717 1274 1779 bis
1296 1720 1427 1781 exstruis

71 1802 173 1866 orbem
197 1823 342 1879 annuum,
377 1803 449 1867 Sole
481 1823 540 1866 non
571 1805 601 1867 in
635 1806 741 1866 eodem
772 1805 818 1867 sui
842 1805 923 1867 orbis
947 1806 1013 1868 loco
1037 1815 1193 1882 versante,
1219 1807 1353 1869 invenies
1377 1807 1426 1870 hio

72 1911 188 1976 quoque
203 1894 296 1956 aliam
320 1901 410 1976 atque
432 1895 524 1956 aliam
548 1895 813 1967 semidiametmm,
837 1895 907 1977 quia
931 1914 961 1956 re
984 1913 1058 1957 vera
1080 1896 1231 1979 epicyclus
1244 1895 1355 1958 Martis
1378 1906 1426 1959 est

72 1983 268 2060 eccentricns,
292 1983 322 2047 h.
347 2003 374 2047 e.
398 1983 473 2046 nihil
495 1983 576 2046 aliud
599 2003 687 2064 qnam
711 1984 775 2065 ipse
793 1983 875 2046 Solis
899 1984 980 2046 orbis
1003 2002 1069 2047 cnm
1094 1985 1251 2047 dimidiato
1274 1980 1425 2049 eccentri-

71 2071 173 2136 eitate.
228 2072 396 2155 Propterea
428 2091 484 2155 ego
516 2091 555 2135 ex
586 2074 682 2135 tribus
715 2073 886 2154 hujusmodi
919 2074 1045 2136 diversis
1079 2071 1309 2143 semidiametris
1342 2074 1424 2138 orbis

72 2163 161 2226 annui
197 2181 310 2246 quaero
342 2162 598 2225 eccentricitatem
630 2163 696 2242 ejus
720 2170 751 2224 et
774 2182 956 2244 apogaeum,
983 2171 1015 2225 et
1037 2163 1155 2226 invenio
1178 2166 1235 2226 hoc
1258 2164 1337 2226 idem
1360 2183 1426 2228 cum
1527 2157 1529 2162 ¹

72 2248 220 2322 listreno.
252 2253 337 2315 illam
369 2252 556 2314 dimidiatam
589 2251 680 2314 Solis.
728 2249 817 2322 Quod
849 2261 882 2315 tu
913 2254 943 2314 in
975 2252 1126 2332 triangulo
1150 2255 1325 2334 rectangulo
1347 2254 1427 2317 inter
1466 2274 1470 2281 ’

72 2350 191 2418 tenua,
225 2342 311 2422 eqjus
341 2342 420 2403 alter
443 2342 570 2422 angulus
595 2341 741 2403 distantia
765 2355 982 2421 apogaeomm‚
1005 2342 1122 2404 invenis
1144 2343 1273 2405 vicinum
1298 2342 1426 2424 aliquem

70 2448 224 2495 numerum
244 2449 312 2493 meo
336 2449 467 2505 numero,
490 2431 520 2493 id
535 2430 626 2511 plane
641 2430 873 2493 accidentarium
890 2441 938 2518 est
952 2451 1007 2493 nec
1021 2432 1181 2512 quidquam
1195 2440 1305 2495 movet.
1342 2433 1423 2497 Nem

72 2520 96 2582 si
117 2520 336 2584 divellerentur
358 2539 495 2601 apogaea
517 2521 645 2600 longius,
675 2520 843 2583 variaretur
866 2521 913 2581 hic
934 2529 1004 2582 tuus
1018 2541 1166 2597 nnmems,
1192 2530 1333 2584 manente
1355 2542 1423 2586 mee

72 2627 107 2672 ex
128 2610 319 2693 acronychiis
343 2610 481 2685 deducto,
507 2610 584 2691 qnod
608 2609 726 2689 quidem
749 2611 814 2689 ipse
838 2610 978 2672 eliacisti.
1017 2611 1111 2674 Miror
1131 2620 1231 2674 tamen
1246 2611 1421 2694 propinqui-

71 2707 164 2763 tatem
189 2706 282 2770 (tltt,
301 2705 393 2776 85⁰0),
417 2700 472 2761 sed
495 2699 557 2761 ecio
581 2700 795 2761 connexionem
819 2701 930 2762 nullam
953 2720 1031 2762 esse.
1079 2701 1241 2782 Trianguld
1271 2703 1327 2764 hoc
1351 2718 1422 2764 usna

72 2806 123 2871 ego
157 2808 226 2853 snm
257 2790 287 2852 in
319 2789 469 2871 Mysteno
507 2790 630 2869 ejusque
667 2789 781 2851 tabella
812 2789 926 2868 majore
958 2789 1068 2872 aliqua.
1114 2790 1165 2853 Ab
1197 2790 1302 2854 eodem
1329 2792 1422 2855 etiarn

71 2877 167 2963 incepi
192 2894 269 2942 auno
296 2875 382 2943 1600
404 2878 533 2941 Martios
557 2895 641 2939 meos
665 2878 794 2961 labores,
818 2887 853 2940 ut
875 2878 991 2941 videbis
1014 2879 1044 2941 in
1069 2877 1309 2944 Commentariis.

156 2968 291 3032 Dabitur
313 2987 406 3050 opera
429 2965 549 3031 Fabrici
568 2969 690 3048 jamque
714 2986 781 3029 curn
805 2967 946 3048 'lychone
969 2978 1148 3045 conventum
1173 2979 1238 3044 est,
1263 2979 1297 3051 ut
1318 2988 1421 3033 omnes
1511 2986 1516 2998 ·

74 3056 346 3123 demonstrationes
369 3058 399 3121 iu
422 3057 519 3119 tribus
541 3057 751 3139 hypothesium
776 3056 879 3119 formis
902 3058 1109 3138 expediantur.
1134 3065 1168 3129 (v.
1187 3082 1208 3117 a
1226 3083 1251 3132 p.
1280 3064 1337 3130 85.)

156 3145 274 3211 Censes
298 3147 496 3230 acronychion
521 3146 700 3229 hypothesin
728 3146 810 3226 prius
834 3155 941 3209 exacte
962 3149 1211 3223 constituendam,
1236 3155 1300 3210 tam
1323 3149 1421 3231 quoad

71 3234 134 3300 loca
156 3236 354 3319 longitudinis
378 3256 466 3318 quam
491 3236 588 3318 quoad
612 3236 793 3311 distantias;
817 3235 885 3298 inde
907 3237 1158 3318 progrediendum
1183 3238 1221 3300 ad
1245 3238 1330 3300 varia
1353 3238 1422 3300 loca

72 3325 147 3391 orbis
172 3326 264 3389 annui
287 3344 383 3409 eaque
405 3319 597 3407 inquirenda:
621 3332 653 3385 et
675 3325 795 3406 quaeris
819 3325 889 3405 quid
913 3328 950 3388 de
973 3327 1031 3389 hac
1049 3334 1103 3389 tua
1118 3327 1259 3390 methodo
1273 3325 1422 3389 sentiam?
1460 3338 1465 3369 ²

154 3413 286 3479 Omnino
311 3414 349 3478 ab
374 3413 561 3496 acronychiis
584 3413 784 3498 incipiendum
807 3415 845 3477 ob
869 3415 1109 3496 simplicitatem,
1133 3417 1203 3497 quia
1225 3417 1292 3478 loca
1315 3417 1421 3480 atatim

73 3520 106 3567 ex
126 3505 342 3569 observatione
363 3512 482 3587 patent.
527 3502 609 3584 Ergo
639 3504 819 3566 invenienda
851 3503 1027 3587 hypothesis
1060 3525 1098 3568 ex
1129 3506 1183 3580 iis,
1217 3525 1293 3587 qnae
1325 3506 1422 3570 locum

71 3596 270 3659 eccentrienm
292 3598 441 3659 monstret
463 3592 503 3656 ad
526 3592 721 3675 quodcunque
744 3600 879 3673 tempus,
910 3595 1003 3658 etiam
1025 3613 1091 3658 cnm
1115 3615 1173 3657 non
1196 3604 1246 3656 est
1266 3595 1308 3657 ibi
1332 3613 1422 3658 acro-

70 3685 176 3767 nychis
198 3684 360 3767 oppositio.
406 3682 454 3746 De
486 3681 639 3746 distantiis
671 3702 742 3744 vero
775 3684 960 3765 acronychiis
991 3705 1049 3747 non
1081 3684 1232 3758 reddimur
1262 3685 1421 3749 admodum

70 3776 149 3853 certi,
165 3773 226 3837 nisi
240 3772 376 3838 nonnihil
390 3762 428 3838 ex'
441 3769 661 3846 latitudinibus,
676 3773 726 3835 ubi
740 3780 842 3835 tamen
857 3782 1138 3856 praesupponuotnr
1151 3774 1256 3836 multa.
1290 3772 1421 3856 Oportet

70 3878 136 3946 ergo
160 3863 328 3928 distantias
349 3862 454 3927 venari
477 3880 516 3927 ex
537 3860 752 3944 parallaxibns.
791 3863 875 3925 Atei
894 3863 1071 3945 simpliciter
1086 3862 1234 3943 procedas
1255 3883 1311 3946 per
1331 3882 1421 3929 unam

68 3950 238 4032 parallaxin
262 3952 414 4017 stlocum
437 3952 648 4025 eccentricnm,
682 3951 740 4013 duo
769 3954 1003 4035 praesupponis:
1040 3952 1073 4025 l)
1097 3952 1204 4014 locum·
1217 3953 1420 4035 hypotheseos

68 4042 166 4107 valere
189 4041 285 4107 etiam
307 4060 373 4106 cnm
395 4060 455 4105 uon
478 4039 529 4104 sit·
542 4038 693 4122 oppositio
715 4043 908 4125 acronychia,
934 4042 1011 4123 quod
1034 4048 1136 4104 tamen
1160 4041 1247 4106 initio
1271 4044 1419 4121 nescitura

69 4126 103 4207 2)
122 4132 348 4215 praesupponit
370 4128 548 4195 distantiam
571 4127 612 4209 Θ
637 4137 669 4192 et
692 4133 717 4207 ὃ
742 4150 794 4192 seu
818 4131 1074 4193 semidiametmm
1093 4131 1241 4214 ,apicycli
1266 4135 1420 4214 planetam

68 4220 215 4299 vehentia,
238 4228 388 4303 perpetue
408 4219 476 4284 esic
491 4220 628 4295 eandem,
652 4220 730 4300 quod
754 4221 862 4282 falsum
885 4228 941 4282 est.
979 4221 1086 4301 Itaque
1104 4239 1159 4301 ego
1175 4222 1272 4302 primo
1291 4223 1419 4285 omnium
1544 4284 1546 4289 ⁴

68 4327 102 4374 ex
123 4312 216 4377 trinis
238 4308 445 4392 parallaxibns
468 4316 495 4381 6
517 4310 621 4372 eodem
646 4310 805 4372 eccentrici
829 4311 894 4372 loco
918 4327 1027 4390 quaero
1058 4311 1315 4375 eccentricitatem
1339 4310 1418 4390 orbis

42 4454 45 4461 .
69 4400 170 4476 muni,
203 4409 278 4464 tnnc
298 4409 407 4482 postea
428 4417 552 4482 possum
575 4398 716 4461 adbibere
736 4399 838 4479 justas
861 4398 1033 4475 distantias,
1064 4399 1088 4462 si
1113 4418 1187 4482 opus
1211 4395 1303 4464 esset
1349 4402 1419 4466 Non

69 4490 195 4572 amplius
219 4507 291 4552 vero
320 4507 396 4571 opus
425 4495 483 4551 est.
530 4487 646 4550 Eadem
678 4488 756 4550 enim
777 4480 881 4568 'opera
903 4487 989 4550 elicio
1023 4497 1054 4551 et
1084 4489 1307 4571 proportionem
1337 4491 1419 4554 orbis

69 4580 154 4657 moui
179 4579 221 4642 ad
243 4579 328 4641 illam
351 4577 528 4641 distantiam
552 4586 578 4648 ό
600 4584 632 4638 et
655 4573 713 4655 Θε
743 4577 849 4659 quodsi
879 4586 1017 4659 quartam
1044 4586 1077 4641 et
1106 4576 1241 4660 quintam
1264 4588 1296 4643 et
1315 4582 1418 4661 plures
1507 4579 1510 4582 ’

70 4667 236 4732 maniacam
257 4669 431 4749 parallaxes
455 4667 494 4731 ad
517 4668 643 4730 eundem
666 4667 825 4730 eccentrici
849 4668 960 4737 locum,
994 4676 1080 4730 tanto
1108 4667 1206 4747 magis
1234 4668 1273 4732 tio
1296 4670 1417 4749 certior,

72 4758 194 4822 eundem
217 4757 378 4822 eccentrici
398 4758 498 4821 'locum
522 4766 553 4820 et
575 4757 701 4820 eandem
723 4757 789 4836 ejus
813 4755 990 4820 distantiam
1010 4778 1030 4820 a
1053 4754 1093 4835 Θ
1117 4758 1229 4830 valere,
1252 4758 1417 4843 ubicunque

72 4843 121 4912 Sol
144 4848 197 4924 ait,
221 4855 254 4910 et
275 4846 320 4912 sie
341 4866 377 4913 se
398 4847 466 4930 lpso
484 4855 567 4913 stare
582 4846 780 4912 eccentricum
795 4852 831 4925 ό,
855 4866 909 4910 nec
932 4847 1024 4911 olhm
1047 4845 1147 4910 subire
1169 4845 1418 4931 inaequalitatem
