3354 5504
683 302 824 355 nam
1007 291 1011 298 ’
1200 244 1205 251 ’
1358 300 1478 389 ers„

127 483 199 547 huit
221 481 285 543 vim
306 480 439 563 epicyclo
462 481 582 555 afferre,
607 480 646 542 ad
669 480 840 560 parallaxes
870 481 1132 544 examinandas
1107 503 1231 547 sancero·
1248 481 1345 545 animo
1369 503 1422 546 ac-

127 572 185 647 uit,
209 570 412 661 invenitque
405 590 434 633 ru
459 570 648 651 quadraturis
671 588 728 631 nou
752 589 819 631 esse
848 571 991 651 majorem
1022 572 1154 654 epicyclo
1186 571 1423 653 amplitudinem,

127 680 169 725 mr
193 656 214 724 6
238 651 528 723 semidiametrorum
542 660 663 721 Terrae.
702 659 875 737 cujusmodi
900 660 1016 739 quidem
1041 661 1225 741 amplitudo?
1229 681 1286 723 non
1310 661 1425 742 patitur

127 750 292 837 Jnatiouem
315 749 354 810 ad
378 745 417 813 3⁰
439 767 626 820 excrescere,
660 766 726 810 cum
748 744 878 811 maxima
900 748 931 811 in
953 751 1145 831 quadraturis
1179 750 1318 832 aequatio
1342 744 1425 834 ’ΖΨ

127 828 226 903 rtulat
264 837 403 918 ltaque
389 857 455 917 Jam
469 846 500 897 et
514 837 546 898 in
561 836 647 898 Luna
663 846 770 898 natura
791 838 877 899 uobis
892 849 1098 918 argumentum
1118 838 1297 913 monstravit
1314 858 1426 902 causae

127 927 227 1012 yaicae
249 927 493 1000 introducendae,
517 946 576 988 nou
598 927 695 987 minna
719 945 805 1007 qnam
829 927 911 1006 prius
934 927 963 989 in
978 927 1075 990 tribus
1097 928 1307 1010 superioribus.
1337 926 1424 999 Quo·
1538 933 1544 945 ’

127 1017 172 1099 do
195 1015 259 1079 id
249 1036 280 1078 ru
304 1016 421 1078 theoria
444 1014 526 1079 Solis
549 1035 664 1096 quoque
687 1015 842 1096 probetur,
870 1016 980 1097 partim
1004 1015 1077 1098 Cap.
1102 1018 1143 1082 11.
1167 1018 1289 1086 dictum
1313 1016 1363 1079 nbi
1386 1017 1424 1079 de

127 1113 252 1189 prante
266 1105 349 1170 Solis
372 1105 519 1167 diametro
542 1104 715 1185 agebamus,
737 1105 846 1184 partim
865 1105 1060 1168 differendum
1074 1115 1123 1169 est
1138 1107 1166 1169 in
1182 1115 1297 1186 partem
1321 1115 1424 1170 astro-

127 1195 202 1261 niae
228 1194 400 1277 physicam,
433 1213 522 1275 qnam
549 1213 608 1255 uua
640 1212 705 1255 cnm
736 1194 989 1256 demonstratione
1021 1204 1153 1265 motuum
1185 1196 1292 1258 stellae
1315 1195 1425 1258 Martis

127 1304 179 1349 ιο
202 1301 319 1366 quoque
342 1292 476 1365 tempore
500 1283 565 1344 Deo
590 1283 682 1344 vitam
705 1291 737 1345 et
759 1283 839 1345 vires
863 1284 1040 1364 largiente
1032 1304 1061 1345 ιιι
1085 1285 1182 1348 lucem
1204 1285 1298 1360 dabo,
1325 1273 1424 1347 hanc·

127 1392 140 1437 r
170 1372 372 1476 inaequalium
403 1381 535 1434 motuum
568 1388 689 1434 cansam
716 1372 870 1454 physicam
901 1373 1067 1436 luculenter
1095 1381 1128 1437 et
1157 1373 1274 1454 legibus
1306 1373 1426 1456 quidem
1523 1387 1526 1392 '

127 1461 284 1535 metricis,
307 1481 345 1524 ne
368 1483 427 1543 qna
448 1470 565 1524 metuas
588 1460 718 1536 calculo,
743 1462 889 1523 tractabo.
935 1462 970 1524 lu
994 1463 1165 1542 praeseutia
1186 1471 1304 1526 tantum
1325 1463 1425 1525 dicere

127 1552 186 1628 lui,
215 1559 335 1613 veteres
366 1551 447 1623 circa
479 1550 640 1612 diametros
670 1549 857 1612 luminarium
887 1558 988 1654 atque·
1005 1551 1099 1632 ipsius
1126 1552 1249 1615 umbrae
1271 1552 1302 1615 iu
1325 1551 1425 1614 errore

127 1660 154 1707 ιο
188 1641 227 1703 ob
260 1640 426 1720 neglectam
459 1641 536 1702 banc
574 1640 728 1721 physicam
760 1657 882 1702 causam
918 1640 1063 1720 nimisque
1096 1649 1214 1704 anctum
1250 1641 1423 1723 epicyclum

127 1749 214 1813 mque
238 1737 270 1791 et
292 1728 458 1792 Ptolemaei
490 1727 662 1791 methodum
684 1736 714 1789 ec
736 1747 811 1809 quae
835 1728 865 1790 in
889 1728 942 1791 illa
964 1740 1105 1811 suspecta
1135 1731 1217 1793 siut·
1225 1731 1286 1793 lere
1318 1737 1423 1835 tanes:

127 1826 226 1903 petest
248 1826 282 1880 nt
303 1820 341 1882 ad
364 1819 453 1899 hujus
476 1836 591 1899 quoque
615 1817 709 1880 libelli
732 1817 904 1879 methodum
927 1820 1076 1881 accedam.

552 2013 609 2075 De
645 2033 727 2077 mea
764 1974 962 2076 hletbodo.
1053 2064 1056 2073 .

174 2174 332 2256 Ingenium
360 2173 418 2236 tibi
445 2174 540 2236 lector
569 2173 737 2237 traditurus
766 2192 849 2239 eram
881 2174 1057 2237 contexendi
1087 2175 1187 2256 operia
1218 2175 1306 2250 talis,
1338 2174 1426 2257 quale

127 2264 281 2335 olemaeus
303 2263 438 2345 appellat
449 2265 573 2341 parator
587 2260 730 2338 canatur,
756 2282 831 2342 opus
847 2264 943 2345 ipsum
960 2264 1068 2344 majori
1086 2272 1195 2327 conatu
1218 2282 1425 2345 aggressurus.

127 2372 188 2437 flea
211 2354 303 2435 igitur
324 2354 512 2415 theoremata
534 2360 565 2413 et
586 2352 773 2433 problemata
803 2353 1001 2414 exstmendae
1032 2373 1069 2414 aa
1092 2352 1254 2433 eclipsibus
1286 2361 1427 2416 astrono-

127 2461 184 2518 ιο;
213 2460 323 2523 sparsa
344 2442 398 2503 illa
420 2461 475 2503 nec
496 2441 585 2522 plane
609 2441 819 2516 cohaerentia,
844 2443 897 2504 sed
919 2442 1139 2505 conditionibus
1171 2442 1272 2525 aliqua
1298 2442 1427 2505 circum-
1470 2510 1479 2521 ,

127 2532 214 2617 ἡιι.
260 2531 322 2595 Sed
345 2539 462 2605 ιιιιιι,
493 2530 538 2592 uti
561 2531 716 2613 qnondam
732 2531 887 2594 Daedalus
915 2551 1000 2593 snam
1024 2532 1192 2601 Venerem,
1215 2531 1260 2594 sic
1282 2550 1338 2612 ego
1361 2550 1430 2594 mea

127 2622 278 2701 ablemata
300 2629 406 2702 captus
429 2639 530 2681 amore
554 2620 763 2700 descriptionis
786 2638 895 2701 magna
917 2628 1063 2700 exparte
1087 2620 1220 2683 animata
1244 2620 1371 2695 reddidi,
1394 2627 1430 2683 ut

127 2728 231 2795 ιμιιιι
251 2718 367 2790 partem
391 2708 491 2789 operis
514 2709 751 2790 amplectantur3
774 2710 805 2770 in
827 2711 933 2792 quihus
955 2709 1125 2771 methodum
1148 2710 1225 2771 banc
1247 2710 1383 2773 notabis:

130 2848 134 2853 -
175 2798 313 2863 Primum
337 2798 515 2872 ostenditur,
538 2808 650 2879 quanta
673 2798 715 2860 sit
736 2817 885 2879 apparens
908 2798 1053 2861 diameter
1070 2798 1152 2863 Solis
1171 2798 1301 2861 adhaec
1323 2805 1429 2862 nostra

127 2908 319 3043 nmsohundo
342 2975 467 3038 eandem
490 2996 592 3039 curam
615 2979 645 3039 in
665 2978 842 3040 diametrum
860 2977 964 3040 Lunae
987 2968 1180 3058 apparentem
1201 2975 1426 3038 transferemus

136 3067 283 3131 ,Τιιιιο
306 3065 506 3128 necessarium
530 3068 588 3129 erit
610 3067 783 3147 explanare,
806 3074 947 3146 quantum
970 3084 1110 3128 accessus
1134 3072 1165 3126 et
1187 3083 1323 3127 recessus
1345 3062 1429 3127 Solis

127 3124 227 3223 thram
249 3156 360 3229 Terrae
383 3154 489 3229 variet,
514 3156 547 3216 nt
569 3165 681 3219 certum
704 3156 755 3228 sit,
778 3154 953 3217 insensibile
976 3154 1126 3236 quippiam
1148 3153 1179 3215 id
1202 3173 1279 3217 esse
1398 3210 1401 3215 .

143 3245 299 3319 ·Qnarto
333 3244 501 3306 latitudinis
534 3245 704 3326 angulum
696 3265 726 3306 ru
749 3243 824 3323 ipsis
854 3244 1093 3335 oppositionibus
1121 3252 1153 3305 et
1173 3242 1429 3324 conjunctionibus

127 3333 244 3418 lipticia
266 3333 489 3397 constituemus.

181 3422 298 3496 Quinto
318 3431 431 3485 motum
453 3422 623 3486 latitudinis
645 3431 676 3484 et
691 3422 787 3503 ipsam
810 3422 997 3486 latitudinem
1020 3423 1106 3485 novis
1119 3421 1339 3539 problematis'
1329 3419 1429 3502 unqui-

127 3534 159 3587 ιο
185 3512 367 3577 docebimus.

182 3602 290 3668 Sexto.
334 3601 412 3663 Hinc
435 3599 578 3662 diameter
606 3599 762 3663 umbrae
754 3618 783 3660 m
807 3598 899 3662 certis
928 3600 1002 3662 locis
1030 3600 1195 3664 anomaliae
1217 3601 1321 3663 Lunae
1344 3614 1429 3661 meu-

127 3690 256 3759 rabitur.

180 3780 319 3861 Septimo
341 3777 514 3859 parallaxes
538 3784 571 3839 et
592 3776 769 3840 altitudines
791 3777 895 3839 Lunae
917 3797 936 3838 a
959 3778 1054 3840 Terra
1074 3777 1157 3840 varie
1178 3776 1372 3858 inquirentur.

182 3868 315 3945 Octavo,
338 3868 406 3929 binc
430 3866 647 3929 examinabitur
667 3866 822 3948 proportio
846 3882 1011 3969 corporum.

182 3959 283 4032 Nono,
305 3957 375 4019 binc
394 3966 507 4018 motum
529 3955 680 4019 horarium
703 3955 905 4018 docebimus
896 3955 1037 4032 mvenire‚
1062 3972 1118 4034 quo
1142 3954 1313 4017 rectissime
1333 3954 1432 4036 hypo·

127 4068 199 4115 aaa·
221 4047 347 4110 aliorum
370 4045 584 4108 examinentur.

183 4135 318 4211 Decimo,
344 4153 419 4218 quae
441 4134 511 4215 binc
533 4135 573 4195 ad
599 4136 696 4215 ipsam
719 4136 744 4206 b
770 4131 948 4216 hypothesin
980 4133 1018 4195 ad
1040 4132 1186 4195 theoriam
1209 4129 1266 4210 Θ,
1295 4133 1335 4195 ad
1356 4150 1432 4213 geo-
1453 4150 1474 4210 ,⁶

127 4227 255 4311 apbiam
276 4224 330 4288 ιιι.
355 4222 531 4298 redundent,
554 4224 650 4287 obiter
672 4222 890 4286 indicabuntur.
1507 4248 1511 4255 ¹

183 4314 332 4396 Pleraque
355 4332 393 4376 ex
421 4313 605 4394 simplicibus
638 4320 669 4374 et
691 4311 779 4374 facile
811 4311 1061 4415 comparabilibus
1092 4310 1369 4397 observationibus,
1399 4318 1433 4374 nt

127 4404 260 4473 antidana
283 4404 351 4467 aliia
375 4401 519 4483 exemplis
537 4401 673 4465 reiterari
691 4410 724 4463 et
737 4402 939 4464 communiora
956 4400 1020 4463 lieri
1041 4400 1169 4483 possint,
1193 4400 1243 4483 qni
1255 4400 1432 4484 praecipuus

127 4496 185 4580 dna
208 4492 304 4557 libelli
326 4491 394 4555 linis
418 4500 475 4556 cst
