3354 5504
61 300 65 305 ’
103 332 106 337 .
158 307 223 379 342
639 311 805 403 musena
823 313 916 368 sauss
934 294 1022 368 dna·
1095 272 1101 285 ⁴

63 515 67 525 ·
157 497 215 559 lus.
263 495 370 574 Itaque
395 492 453 555 etsi
475 491 531 554 hoc
555 486 688 555 subsidio
712 495 830 570 estiis,
855 496 903 576 qui
922 497 1052 561 numeris
1070 496 1117 561 uti
1132 496 1291 567 voluerint,
1315 498 1397 580 quod
1415 498 1512 565 scium

158 588 224 664 ιβδ
256 603 324 645 essa
353 583 483 644 medium
506 582 585 644 iuter
608 589 671 644 aad
694 593 724 644 et
747 586 834 661 μβᾱ,
867 586 953 646 nobis
978 595 1094 661 tamen,
1119 585 1168 667 qui
1193 588 1412 665 geometricam
1434 590 1511 653 nan

157 675 347 748 affectamus,
373 673 429 734 hac
452 689 511 733 nou
534 679 622 752 patet
645 672 800 735 transitus.
1172 686 1175 691 '
1288 704 1294 715 ·
1503 676 1506 681 '

247 763 319 825 Alia
351 762 442 841 igitur
474 762 667 824 tentabimus.
721 762 763 823 Et
791 762 861 842 quia
888 761 917 823 in
941 761 1047 823 fictitio
1071 763 1238 826 ecceutrico
1267 768 1344 827 δθλ
1372 752 1516 851 mensur'a'

75 818 78 823 Ι
157 852 303 933 temporis
340 859 389 913 est
420 856 477 923 da,
501 847 546 924 dl
573 869 627 930 pro
664 850 847 931 inquirendis
885 851 1038 913 distantiis
1075 875 1133 922 aa,
1158 850 1221 928 αζ;
1255 862 1409 958 sectarum
1442 866 1509 921 vero

157 944 231 1020 dds,
256 938 326 1020 ὀβζ
346 941 450 1003 eadem
474 949 523 1001 est
544 940 695 1020 proportio
719 950 835 1015 mutua,
861 946 936 1020 qua'e
960 959 1080 1001 arcuum
1105 944 1160 1016 de,
1176 940 1235 1017 ὅζς
1259 964 1290 1005 ιιι
1312 952 1387 1009 vero
1412 952 1510 1009 autem

45 1029 52 1046 ⁸
156 1032 264 1095 itinere
291 1032 431 1112 planetae
459 1030 580 1109 planum
611 1030 688 1091 inter
718 1049 804 1091 arcus
827 1030 945 1091 itineris
969 1039 1000 1091 et
1023 1053 1044 1090 α
1067 1029 1169 1094 Solem
1192 1033 1383 1113 interiectum
1407 1034 1510 1099 itidem

157 1129 206 1183 est
237 1140 306 1183 vere
330 1138 469 1181 mensura
492 1118 651 1199 temporis,
682 1138 739 1198 quo
763 1119 886 1197 planeta
909 1127 1047 1180 versatur
1070 1121 1099 1181 in
1123 1140 1196 1183 arcu
1218 1123 1426 1205 superposito,
1460 1142 1510 1205 per

155 1228 223 1290 cap.
246 1210 325 1272 XL:
359 1227 430 1288 ergo
461 1227 499 1268 ex
527 1233 548 1270 α
571 1209 708 1270 diametri
731 1218 841 1287 puncto
866 1215 967 1269 rectae
991 1209 1149 1288 ejiciantur
1171 1212 1387 1287 concludentes
1411 1213 1510 1293 spatia

155 1299 295 1380 aequalia
326 1299 402 1379 ipsis
431 1298 513 1374 εβᾱ,
538 1294 622 1375 Cri&
653 1307 686 1359 ut
715 1320 784 1374 epp
807 1298 952 1376 spatium,
986 1299 1064 1379 quud
1093 1300 1213 1361 decedit
1235 1301 1336 1381 spatio
1361 1302 1443 1380 edd,
1470 1302 1510 1365 ait

155 1389 281 1467 aequale
310 1389 411 1469 spatio
443 1389 533 1465 ηαβ,
572 1387 649 1466 quod
682 1387 799 1447 accedit
832 1387 928 1447 eidem
961 1389 1036 1465 ιβδ;
1067 1387 1129 1450 siut
1159 1397 1258 1450 autem
1288 1412 1426 1467 αμμυ.
1470 1391 1510 1455 Et

98 1520 101 1525 -
155 1488 259 1540 centro
283 1501 304 1539 α
326 1477 507 1538 diastemate
531 1499 589 1549 aa,
618 1471 667 1547 αζ
700 1495 786 1536 arcus
818 1476 964 1537 ducantur
993 1500 1056 1552 ιμ,
1081 1473 1134 1549 is,
1154 1474 1302 1551 'secantes
1332 1480 1389 1542 has
1414 1481 1509 1544 lineas

115 1598 118 1603 ·
154 1556 247 1644 in'a,
266 1590 289 1631 r.
337 1568 387 1629 An
410 1566 502 1645 igitur
525 1571 636 1644 puncta
658 1588 695 1640 μ,
715 1587 744 1637 e,
768 1586 835 1638 o,n
862 1566 915 1626 irc.
947 1564 1003 1626 hoc
1030 1567 1118 1628 modo
1143 1567 1234 1629 docta
1257 1577 1341 1632 recte
1365 1569 1510 1646 habeant,

155 1657 199 1718 sic
223 1664 256 1717 ut
279 1656 403 1735 planeta
427 1654 610 1734 temporibus
633 1659 686 1728 de,
708 1650 759 1727 ὅζ,
780 1659 839 1727 ὅθ,
856 1660 897 1716 δι
919 1655 951 1716 in
975 1655 1027 1716 illa
1049 1654 1176 1718 veniat?
1222 1657 1361 1720 Proxime
1386 1658 1505 1741 quidem

155 1754 257 1807 terum
288 1747 345 1806 hoc
377 1751 438 1806 est:
473 1745 526 1805 sed
559 1753 657 1805 tamen
691 1744 750 1804 tria
773 1752 805 1805 et
827 1742 874 1804 hic
898 1744 1115 1807 desiderantur.
1161 1745 1311 1823 Primum,
1344 1756 1380 1811 ut
1404 1734 1506 1831 sipia,

156 1835 235 1916 quod
260 1835 381 1914 planum
405 1852 463 1894 non
486 1840 592 1893 exacte
615 1832 786 1912 aequivalet
808 1852 941 1895 summae
964 1834 1185 1897 distantiarum.
1229 1836 1390 1912 Alterum,
1429 1837 1506 1920 qnod

154 1924 206 1986 via
228 1924 414 2004 geometrica
435 1922 518 1984 nulla
534 1929 591 1995 est,
614 1941 690 2003 quae
715 1922 833 1996 doceat,
857 1923 960 1984 datum
985 1923 1202 1985 semicirculum
1221 1942 1259 1986 ex
1272 1924 1345 1988 dato
1365 1926 1506 2007 diametri

154 2022 265 2093 puncto
288 2019 479 2093 porrectam
503 2012 612 2073 lineam
635 2011 664 2072 in
690 2011 763 2072 data
784 2014 977 2091 proportione
1001 2031 1113 2073 secare.
1158 2013 1307 2091 Tertium,
1331 2016 1414 2095 quod
1436 2022 1505 2097 ties-
1534 2016 1536 2023 '

155 2103 242 2178 citur,
266 2122 304 2163 an
328 2101 451 2163 cuilibet
473 2101 563 2181 plano
586 2107 666 2176 aad,
680 2107 742 2161 aad
757 2101 809 2163 duc.
835 2108 951 2162 tautum
973 2101 1002 2162 in
1017 2102 1210 2187 proportione
1233 2102 1363 2166 decedat
1385 2112 1506 2187 propter

156 2191 353 2254 deflexionem
384 2214 420 2267 μ,
444 2212 461 2251 e
486 2211 505 2251 a
538 2189 795 2263 circumferentia,
827 2198 970 2271 quantum
1000 2191 1124 2271 reliquis
1154 2192 1184 2253 in
1215 2212 1270 2254 sua
1301 2188 1523 2274 proportione¹

155 2281 362 2344 Veruntamen
385 2286 417 2340 et
445 2278 520 2341 haee
548 2280 634 2341 utilia
663 2287 750 2341 erunt
781 2278 838 2352 iis,
872 2280 921 2359 qui
953 2299 1141 2342 numerorum
1172 2281 1372 2360 adminiculo,
1404 2292 1506 2347 contra

154 2374 268 2432 morem
300 2368 493 2449 geometriae,
524 2387 578 2447 per
610 2369 732 2430 minima
755 2367 798 2428 ire
827 2368 984 2430 voluerint.
1032 2366 1108 2431 Cum
1140 2369 1232 2451 igitur
1261 2372 1432 2452 geometria
1452 2390 1504 2436 nos

156 2458 318 2532 destituat,
343 2466 377 2520 ut
398 2466 500 2520 tamen
523 2457 653 2539 aliquam
674 2457 840 2519 habeamus
864 2457 1096 2538 descriptionem
1120 2460 1234 2535 lineae,
1258 2480 1335 2540 quae
1357 2461 1448 2535 nobis
1469 2478 1505 2523 ex

155 2548 362 2630 speculatione
382 2566 449 2627 cap.
464 2547 563 2609 XLV.
583 2546 733 2623 nascitur,
750 2565 824 2626 age,
848 2546 1014 2609 subsidium
1036 2547 1074 2609 ab
1089 2547 1206 2632 ἀτιχνιᾳ
1228 2558 1379 2629 petamus,
1400 2570 1504 2619 accer-

156 2637 217 2700 sita
239 2636 355 2699 vicaria
377 2644 483 2699 nostra
511 2654 577 2715 cap.
602 2635 691 2712 XVI,
716 2654 791 2716 qnae
822 2635 919 2698 lineas
942 2660 1001 2712 αμ,
1025 2658 1067 2697 ae
1088 2639 1162 2714 dra,
1195 2638 1358 2719 inquibus
1385 2640 1504 2721 planeta

155 2725 269 2800 existit,
294 2726 383 2805 justis
406 2725 589 2805 temporibus
612 2725 643 2788 in
662 2727 747 2805 justa
769 2725 884 2787 zodiaci
909 2726 975 2786 loca
997 2725 1108 2801 infert3
1134 2735 1254 2790 etcum
1277 2746 1315 2790 ea
1338 2729 1502 2793 confunda·

154 2835 221 2879 mus
248 2822 441 2895 praesentem
471 2814 609 2877 fictitium
642 2814 839 2876 eccentricum
863 2816 946 2884 ddi,
971 2834 1009 2875 ex
1031 2834 1089 2895 quo
1113 2817 1280 2897 speculatio
1314 2835 1384 2901 cap.
1407 2817 1502 2883 XLV.

39 2945 43 2960 .
151 2905 253 2986 justas
267 2904 469 2984 longitudines
484 2904 629 2966 linearum
643 2928 694 2977 aa,
709 2900 759 2977 αζ,
780 2904 839 2965 hoc
854 2912 901 2965 est
917 2927 937 2964 α
943 2928 974 2979 μ,
991 2927 1032 2965 αι
1050 2905 1183 2985 depromi
1203 2914 1390 2987 persuatom'
1402 2908 1500 2971 habet

243 2993 343 3056 Lubet
369 2994 488 3076 quidem
519 2993 609 3055 etiam
644 2994 720 3056 alias
761 2993 835 3054 lucis
868 3012 960 3054 causa
992 2994 1067 3055 duas
1109 2996 1293 3077 hypotheses
1325 2997 1409 3060 inter
1438 3014 1502 3060 aesc

155 3102 340 3164 comparare,
365 3084 395 3145 in
418 3102 506 3144 unum
530 3083 652 3143 schema
675 3084 837 3158 conflatas,
869 3091 1011 3163 utrasque
1035 3083 1153 3163 quidem
1177 3085 1285 3147 alicubi
1311 3085 1501 3167 decipientes,

60 3170 64 3185 '
155 3173 211 3235 sed
242 3173 376 3253 singulas
405 3179 505 3234 tamen
534 3173 572 3232 ad
602 3173 720 3251 singula
748 3191 820 3232 vera
850 3173 1008 3250 (quantum
1035 3172 1186 3253 hucusque
1215 3175 1285 3236 seiri
1311 3176 1429 3254 potuit)
1454 3175 1502 3239 iu·

99 3296 104 3307 ·
154 3262 337 3341 vestiganda
368 3261 476 3325 utiles:
515 3279 572 3341 quo
603 3261 757 3323 schemate
781 3260 877 3322 multa
899 3260 1044 3322 hactenus
1069 3263 1150 3325 dicta
1174 3263 1228 3325 sub
1252 3282 1342 3327 unum
1366 3265 1501 3343 intuitum

33 3428 37 3435 Ι
155 3351 340 3431 rediguntur.

86 3474 91 3481 ·
538 3437 590 3501 Sic
616 3438 646 3499 A
679 3447 816 3502 cenorum
846 3438 968 3501 Terrae
1002 3436 1067 3522 (cel
1099 3437 1188 3502 Solis
1221 3436 1434 3525 Oopmateo),
1461 3440 1502 3523 Al

138 3572 150 3615 ·.
209 3507 379 3614 [5³¹⁸1992—
448 3527 534 3592 lioec
562 3527 725 3613 apsidum,
749 3528 808 3589 AD
832 3531 1048 3617 eccerdedcitua
1069 3530 1183 3612 puncti
1210 3534 1403 3614 sequanam·
1433 3531 1503 3597 Etsi

84 3624 93 3643 '
190 3666 196 3679 .
242 3609 377 3705 syl
445 3638 517 3681 nero
540 3612 608 3701 emp.
632 3617 739 3680 XIX.
772 3626 916 3697 nepotem
938 3625 1002 3692 eat,
1026 3619 1054 3681 D
1080 3627 1233 3701 punctum
1257 3640 1356 3705 pocae
1381 3632 1502 3688 morsm

204 3705 241 3750 ’κ’
445 3705 568 3785 stabile,
591 3714 620 3769 et
632 3706 693 3771 AD
717 3707 864 3769 eandem:
887 3708 923 3768 id
944 3715 1051 3772 tomen
1074 3708 1113 3770 de
1133 3728 1169 3770 eo
1191 3707 1295 3773 solum
1317 3718 1367 3775 est
1386 3708 1501 3791 inullis

130 3764 136 3787 Ι
175 3807 204 3912 fi
231 3859 240 3896 t
443 3796 589 3879 gendum,
613 3797 644 3858 si
665 3796 725 3858 DA
748 3797 908 3858 biseceber.
955 3799 999 3859 At
1020 3800 1051 3860 oi
1072 3794 1272 3880 relinquatur
1299 3801 1393 3865 nodie
1412 3800 1501 3887 oemio

171 3920 176 3943 ι
375 3922 386 3960 ,ι
446 3886 506 3950 DA
528 3884 637 3959 libera,
661 3893 696 3948 ut
718 3904 786 3966 cup.
810 3884 911 3960 XVI,
935 3893 1009 3949 tunc
1031 3893 1137 3969 potest
1158 3908 1284 3952 marem
1312 3888 1429 3955 sintae
1504 3888 1508 3901 '

168 3986 172 4045 t
304 4033 313 4058 x
442 3983 605 4058 punctum.
660 3973 789 4037 Secetor
824 3994 898 4055 erpo
932 3974 992 4038 ΑΙ)
1024 3977 1060 4038 in
1094 3996 1133 4038 eo
1166 3978 1374 4060 proportione

313 4060 349 4164 ”rx
383 4075 387 4111 ¹·
446 4082 515 4148 cop.
539 4064 639 4130 XVI.
664 4063 788 4129 tricenta
816 4070 890 4127 est·
915 4062 967 4127 Sit
989 4065 1082 4127 sectio
1107 4064 1147 4140 G,
1171 4073 1201 4129 et
1222 4066 1280 4130 AO
1306 4028 1436 4157 11352,

360 4205 362 4208 .
447 4150 542 4217 7232.
589 4153 635 4217 Et
664 4161 767 4219 cadro
801 4152 844 4225 G,
877 4154 1063 4216 diastemate
1085 4152 1143 4218 GH
1168 4152 1313 4243 10000Ορ1
1329 4182 1338 4203 ··
1406 4160 1416 4180 '
1445 4158 1475 4239 '¹
1509 4228 1512 4233 ,

209 4269 228 4313 χ
381 4237 385 4245 ’
447 4241 794 4326 macedoniapolitanus
815 4242 1113 4326 adamiticam
1132 4245 1170 4307 H.
1207 4244 1302 4308 Haec
1321 4246 1442 4332 igiter

231 4317 257 4361 χ
446 4332 626 4415 hypothesis
649 4330 879 4414 capitium
919 4335 1069 4397 Asocmto
1084 4334 1169 4398 enim
1186 4334 1302 4418 aemule
1324 4324 1499 4404 modulata

375 4449 378 4484 ι
446 4422 571 4484 medice
593 4420 803 4506 qualitatisque
825 4428 906 4494 noto,
930 4423 1084 4485 educator
1100 4443 1140 4486 ea
1155 4423 1186 4485 D
1210 4433 1314 4487 cenae
1338 4426 1498 4512 aspernatis

446 4518 534 4573 recto
562 4517 715 4592 punctulo
737 4511 782 4573 nd
811 4512 1112 4593 ducomsmadiom,
1143 4507 1223 4595 quoe
1244 4515 1288 4576 eit
1308 4513 1387 4592 ΒΗ,
1420 4534 1496 4581 amu·

155 4600 352 4683 prehendens
379 4619 449 4663 eam
477 4598 563 4662 linea
592 4601 740 4683 apsidem
770 4598 922 4682 onmem
951 4602 1153 4684 imperatum,
1185 4622 1369 4668 mensuram
1397 4621 1496 4691 nappe

160 4692 307 4773 temporis
332 4682 543 4772 proposito&
588 4688 635 4753 Et
664 4697 862 4752 connectatur
884 4689 915 4752 H
937 4697 1090 4774 punctum
1119 4712 1189 4756 oum
1213 4693 1254 4754 A.
1299 4693 1379 4760 m
1406 4696 1496 4781 iprtee

248 4883 275 4948 ⁸)
296 4889 374 4942 Haeo
394 4893 437 4941 est
457 4886 485 4940 in
504 4885 653 4956 hypothesi
673 4885 778 4942 vicaria
798 4902 857 4958 cap.
878 4885 953 4943 XVI.
973 4903 1102 4965 mensura
1121 4891 1251 4964 temporis
1276 4876 1409 4966 propriag
1436 4891 1492 4967 qnia

160 4968 189 5025 in
209 4984 245 5022 ea
263 4968 290 5023 D
310 4973 441 5039 punctum
461 4967 606 5046 aequantia
626 4967 738 5038 ponitur
758 4984 795 5023 ex
815 4968 1106 5029 renuntiantem.
