3354 5504
164 281 229 346 'lit
703 281 970 333 1111·ῖᾶΙῦ

252 458 383 531 Quane,
407 459 434 520 si
455 459 502 520 sie
523 479 579 520 usn
600 461 717 534 veniat,
740 480 807 521 urm
828 478 954 522 numero
974 477 1120 521 annorum
1141 460 1220 522 inira
1241 457 1287 523 2⁰
1307 468 1512 542 excerpantur

164 549 304 610 similiter
331 547 365 619 1)
386 557 536 628 tempora,
559 558 590 608 et
612 549 762 610 addantur
784 550 967 630 temporibus
988 549 1147 628 prioribus
1192 547 1230 621 2)
1253 553 1361 613 Motus
1386 553 1512 632 apogaei

164 648 196 698 et
223 638 353 698 addatur
380 638 511 717 epochae
539 638 702 716 superiori,
734 640 847 717 rejecto
874 639 991 718 integro
1017 638 1140 699 circulo.
1185 637 1224 711 3)
1246 641 1354 702 bintus
1382 642 1456 702 nodi
1482 651 1511 701 et

165 727 361 790 subtrahatur
390 727 429 787 ab
456 726 572 806 epocha
598 726 769 806 superiore,
803 740 839 789 ut
866 729 925 807 ipsi
957 729 1049 790 etiam
1078 728 1159 789 tituli
1185 729 1336 807 adscripti
1368 730 1510 802 iudicant,

165 816 301 890 adscito,
324 814 350 875 si
375 834 450 894 opus
472 826 537 888 est,
560 816 678 893 integro
699 816 822 878 circulo.

252 904 366 976 Quinto
389 923 534 966 summam
556 905 671 964 dierum
693 907 806 966 mensis
833 905 989 985 completi,
1018 905 1140 984 insuper
1161 905 1227 966 dies
1250 918 1323 966 tuos
1346 907 1508 986 completos

50 1054 54 1059 .
132 1008 136 1013 ’
164 1012 231 1055 cum
253 994 336 1055 boris
358 1002 390 1054 et
412 993 560 1073 scrupulis
583 994 661 1054 adde
682 996 869 1074 temporibus
883 995 1030 1056 hctenna
1044 994 1183 1055 collectis
1197 995 1273 1056 nihil
1295 996 1432 1075 abjecto,
1455 996 1508 1056 etsi

164 1083 316 1151 modulum
339 1082 427 1142 unius
450 1083 520 1142 anni
542 1080 694 1162 superent.

251 1172 347 1235 Sexto
373 1170 448 1232 haec
478 1190 596 1232 summa
628 1183 793 1252 temporum
826 1180 1018 1253 comparatur
1043 1171 1098 1231 ad·
1116 1172 1260 1234 tabellam
1289 1173 1508 1236 revolutionum

164 1261 358 1342 integrarum.
409 1261 489 1322 Nam
520 1260 599 1322 alias
628 1262 751 1342 propior
781 1262 840 1322 erit
870 1261 1007 1341 proxime
1037 1261 1144 1323 minori
1174 1281 1299 1323 numero
1331 1271 1509 1343 temporum,

107 1370 113 1379 ·
166 1351 245 1412 alias
264 1351 400 1431 proxime
423 1351 539 1428 majori.

251 1438 303 1500 De
320 1439 416 1518 primo
439 1458 512 1500 casn
533 1439 626 1517 prius.
672 1438 752 1517 &go
775 1437 919 1500 subtrahe
940 1439 1020 1520 quod
1050 1446 1099 1499 eat
1125 1438 1263 1518 proxime
1285 1440 1388 1501 minus
1412 1461 1432 1501 a
1454 1441 1509 1505 tuis

163 1529 357 1609 temporibus,
380 1536 493 1589 motum
508 1547 579 1589 rero
600 1529 727 1608 apogaei
745 1530 836 1607 juxta
858 1528 1002 1607 scriptum
1024 1528 1112 1598 adde,
1135 1537 1249 1588 motum
1270 1529 1345 1590 nodi
1369 1531 1509 1594 subtrahe

163 1639 183 1680 a
212 1617 431 1697 superioribus,
465 1625 497 1678 ut
524 1616 607 1696 prius
639 1618 731 1678 etiam
759 1618 880 1678 lactum.
928 1616 1004 1680 Cum
1031 1616 1150 1678 residuo
1178 1617 1327 1698 temporis
1356 1620 1509 1700 ingredere

164 1706 299 1769 tabulam
320 1706 546 1787 inaequalitatis
568 1706 692 1786 primae.
737 1707 817 1769 Nam
839 1705 866 1766 si
894 1706 1045 1768 residuum
1074 1716 1158 1767 mum
1178 1707 1318 1787 praecise
1341 1707 1509 1775 inveniatur

137 1828 140 1832 ·
165 1796 220 1860 snb
243 1796 331 1857 titulo
354 1795 517 1873 temporis:
549 1796 628 1874 qnod
651 1796 742 1874 juxta
773 1794 891 1856 invenis
914 1795 945 1857 in
967 1793 1103 1874 margine
1126 1804 1175 1856 est
1197 1796 1341 1875 praecisa
1363 1799 1509 1863 anomalis

165 1884 332 1966 coaequata
354 1884 451 1945 centri
475 1884 610 1965 epicycli,
634 1885 668 1946 in
687 1885 881 1965 sequentibus
900 1884 1016 1946 duabus
1039 1883 1183 1945 columnis
1205 1894 1307 1946 motus
1331 1891 1463 1969 apogaei
1483 1898 1508 1948 et

164 1976 248 2049 nodi,
278 1993 345 2035 cnm
368 1974 473 2054 quibus
496 1993 552 2051 age
576 1973 738 2035 secundum
760 1974 914 2036 titulorum
936 1973 1097 2053 requisita,
1125 1982 1244 2035 uttam
1268 1977 1405 2056 apogaei
1429 1997 1507 2059 quam

164 2063 332 2135 anomaliae
355 2075 454 2125 motus
479 2063 607 2125 addatur
629 2064 722 2125 motui
746 2063 874 2143 apogaei
898 2063 1034 2143 superius
1056 2062 1198 2137 collecto,
1221 2073 1325 2125 motus
1349 2086 1425 2128 vero
1448 2065 1507 2127 nodi

164 2152 358 2217 subtrahatur
379 2152 473 2214 motui
496 2152 566 2214 nodi
588 2154 724 2232 superius
743 2153 879 2214 collecto.
916 2151 1065 2233 Scrupnla
1087 2170 1157 2213 vero
1180 2172 1219 2213 ex
1243 2153 1354 2215 ultima
1378 2157 1507 2218 column

164 2245 370 2305 adserventur.
417 2240 472 2304 Sin
494 2251 595 2303 autem
622 2242 775 2303 residuum
803 2252 886 2302 tuum
915 2242 1060 2322 temporis
1089 2260 1147 2302 uon
1170 2242 1308 2321 praecise
1332 2244 1504 2316 inveniatur,

164 2350 221 2412 age
244 2344 278 2393 nt
301 2331 380 2392 solet
401 2330 482 2405 fieri,
510 2331 792 2411 proportionaliter:
823 2330 961 2393 dividens
988 2332 1067 2411 quod
1096 2331 1152 2392 tibi
1174 2339 1225 2392 est
1247 2331 1415 2395 etiamnum
1438 2334 1504 2397 resi-

165 2421 254 2482 duum
277 2439 331 2500 per
353 2419 554 2482 differentiam
577 2421 719 2500 temporis
738 2421 828 2499 juxta
849 2419 1089 2499 summumst)
1123 2420 1158 2481 In
1180 2428 1263 2482 motu
1290 2441 1365 2484 vero
1389 2423 1503 2503 apogaei

125 2582 129 2589 ,
165 2520 197 2572 et
225 2510 295 2571 nodi
324 2509 498 2571 aestimatio
525 2510 574 2571 rel
604 2510 667 2571 sine
696 2509 842 2572 divisione
869 2509 1022 2587 perfacilis
1045 2517 1103 2571 est.
1147 2510 1227 2572 iiam
1254 2513 1388 2591 apogaei
1416 2523 1504 2574 motus

165 2599 335 2662 differentia
357 2617 506 2680 uunquam
530 2607 579 2660 est
601 2599 706 2678 major,
732 2618 820 2680 qnam
844 2594 909 2662 adt
932 2598 1017 2671 (nodi
1043 2595 1131 2673 16¹0,
1154 2616 1306 2678 nunquam
1329 2601 1428 2664 minor
1449 2599 1503 2662 27¹¹

129 2756 132 2763 ,
164 2689 248 2762 (nodi
276 2685 363 2761 13¹0.
999 2715 1004 2722 ·

251 2779 287 2839 In
311 2796 384 2839 casu
406 2776 583 2857 posteriore,
608 2784 697 2856 atque
721 2775 747 2837 si
771 2786 885 2837 summa
905 2782 1072 2857 temporum
1095 2775 1224 2838 collecta
1245 2776 1318 2856 plus
1342 2779 1458 2840 accedit
1477 2778 1501 2837 in

164 2868 268 2930 tabula
290 2865 508 2928 revolutionum
532 2866 572 2926 ad
593 2865 727 2946 proxime
758 2865 901 2945 majorem
924 2885 1069 2927 summam
1099 2865 1265 2944 temporis:
1296 2867 1440 2929 subtrahe
1461 2868 1500 2926 si·

164 2958 265 3020 cissim
290 2966 372 3018 tuam
396 2974 541 3017 summam
565 2976 583 3014 a
605 2955 739 3033 proxime
763 2954 882 3034 majori,
912 2973 977 3017 cum
1001 2954 1163 3035 adscriptis
1185 2973 1258 3015 vero
1280 2957 1414 3019 motibus
1436 2975 1500 3035 apo·

164 3047 232 3128 gnei
255 3056 288 3109 et
310 3045 379 3107 nodi
403 3063 459 3124 age
483 3052 516 3106 ut
538 3044 629 3124 prius.
676 3043 746 3105 Jarn
769 3063 841 3105 vero
864 3063 930 3106 cum
955 3044 1074 3105 residuo
1096 3051 1167 3124 post
1189 3044 1439 3116 subtractionem,
1460 3045 1500 3105 ubi

163 3155 200 3198 ex
219 3136 328 3198 sabula
352 3134 577 3216 inaequalitatis
600 3134 714 3214 primae
738 3134 926 3212 excerpseris
952 3134 1131 3195 anomaliam
1155 3143 1372 3213 coaequatam,
1404 3148 1501 3197 motum

163 3227 289 3307 apogaei
312 3231 344 3285 et
367 3231 479 3285 motum
507 3222 598 3284 nodi:
629 3243 696 3284 cnm
722 3221 771 3283 his
799 3222 980 3284 contrarium
1002 3222 1100 3284 titulis
1124 3222 1183 3284 erit
1206 3223 1390 3286 laciendum.
1435 3226 1501 3286 iiam

163 3318 233 3396 quia
255 3314 337 3396 prius
359 3313 427 3393 plus
450 3313 612 3374 addideras
639 3329 792 3391 apogaeo,
825 3313 892 3392 plus
920 3312 1114 3373 subtraxeras
1137 3311 1215 3373 nodo
1240 3330 1333 3391 quam
1357 3326 1410 3376 tna
1432 3323 1499 3375 tem

130 3431 138 3447 ·
162 3425 238 3487 pora
259 3403 405 3477 serebant,
424 3402 489 3482 jam
513 3400 646 3463 vicissim
670 3400 749 3480 quod
772 3399 899 3462 residuo·
915 3408 966 3461 tuo
989 3401 1027 3462 de
1049 3400 1202 3462 anomalia
1223 3410 1256 3462 et
1279 3412 1365 3464 motu
1389 3401 1501 3484 apogaei

163 3495 306 3567 debetur,
334 3491 569 3555 subtrahendum
592 3508 744 3570 apogaeo,
773 3491 850 3569 qnod
878 3490 914 3550 de
938 3499 1020 3552 motu
1043 3489 1123 3565 nudi,
1148 3489 1322 3552 addendum
1346 3493 1432 3553 nodo.
1474 3489 1502 3551 si

163 3593 194 3645 te
217 3583 305 3663 hujus
328 3581 487 3643 varietatis
511 3581 623 3653 taedet,
648 3580 737 3641 facile
761 3587 791 3639 te
811 3579 952 3659 expedies
971 3579 1174 3658 duplicatione
1197 3579 1323 3642 tabulae
1347 3581 1502 3661 inaequali·

165 3674 239 3735 tatis
260 3672 389 3752 primae,
423 3680 456 3731 ut
485 3670 629 3751 procedat
658 3687 750 3750 usque
774 3669 812 3729 ad
836 3663 910 3730 360.
956 3669 1091 3751 Utroque
1115 3687 1186 3734 vero
1209 3688 1285 3730 casu
1309 3671 1434 3750 colliges
1454 3671 1502 3730 hoc

162 3771 251 3845 pacto
276 3762 373 3824 locum
397 3778 499 3820 verum
522 3759 617 3820 centri
641 3758 767 3839 epicyeli
790 3765 821 3818 et
844 3776 947 3819 verum
977 3757 1074 3820 locum
1101 3757 1188 3831 nodi,
1217 3758 1319 3839 qualis
1345 3779 1411 3821 esse
1435 3759 1505 3821 solet

163 3853 192 3914 in
217 3850 388 3931 eclipsibus.

251 3940 395 4021 Septimo.
442 3938 556 3999 Locum
589 3954 690 3997 verum
718 3933 800 4013 Solis
833 3935 895 4007 (vel
925 3935 1057 4014 oppositi
1088 3931 1139 4010 Θ.
1190 3936 1271 3997 Nam
1304 3937 1333 3999 si
1367 3936 1504 3999 denuda

162 4038 284 4111 superat
307 4025 327 4092 6
352 4030 451 4108 signa,
484 4035 554 4087 tuno
577 4044 615 4085 ex
639 4021 658 4090 6
682 4024 711 4084 in
736 4023 935 4103 duplicatione
959 4024 1033 4086 liunt
1059 4021 1098 4086 12
1122 4032 1154 4085 et
1177 4024 1375 4103 abjiciuntur)
1400 4047 1419 4087 a
1445 4026 1503 4087 loco

161 4120 258 4183 centri
280 4117 405 4199 epicyeli
427 4115 589 4189 subtrahe,
618 4113 769 4175 residuum
792 4113 926 4191 duplica,
959 4120 993 4173 ut
1016 4114 1094 4192 apud
1118 4113 1307 4194 Tychonem,
1333 4125 1365 4177 et
1387 4136 1452 4177 oum
1472 4115 1503 4174 iis

161 4226 286 4290 excerpe
301 4226 338 4269 ex
357 4206 462 4269 tabula
477 4196 701 4284 inaequalitatis
720 4211 890 4264 menstruae
905 4201 1101 4264 variationem
1117 4210 1304 4266 menstruam
1320 4213 1353 4267 et
1366 4205 1500 4286 prosthe-

205 4384 342 4392 ...-.—--—

249 4491 277 4554 l)
295 4492 324 4541 In
342 4498 410 4541 motu
429 4491 534 4555 apogaei
552 4490 608 4539 nodi
628 4496 654 4538 et
676 4489 794 4552 scrupulis
817 4487 976 4552 longitudinis
1002 4485 1058 4551 pius
1083 4487 1270 4550 proportionalis
1288 4488 1407 4540 habetur.
1442 4488 1503 4539 Sila

159 4565 340 4630 proportionum
359 4563 445 4629 regula
462 4565 538 4626 primo
556 4563 610 4612 loco
627 4568 731 4625 ponatur
744 4560 882 4610 differentia
894 4562 1018 4624 temporis,
1029 4555 1146 4609 'secundo
1164 4559 1219 4610 loco
1237 4559 1383 4612 differentia
1401 4562 1502 4627 apogaei.

160 4636 218 4687 nodl
236 4642 262 4686 et
279 4634 454 4697 scrupulorum,
473 4636 546 4683 tortio
564 4633 617 4683 loco
637 4632 758 4681 residuum
777 4638 921 4694 temporum,
942 4631 978 4680 rel
998 4633 1019 4678 si
1037 4630 1186 4680 anomaliam
1205 4633 1285 4681 centri
1305 4634 1503 4700 coaequatamin

159 4707 260 4756 minutis
279 4713 305 4757 et
322 4705 437 4756 secundis
456 4706 591 4761 inveneris,
616 4703 663 4753 illis
681 4704 780 4752 minutis
803 4703 885 4765 primis
903 4708 929 4750 et
947 4701 1061 4752 secundis
1079 4716 1170 4767 quaere
1187 4711 1287 4766 partem
1306 4704 1502 4770 proportionalem

160 4785 355 4842 competentem,
374 4778 438 4841 qnod
457 4776 605 4825 commodius
624 4783 675 4833 est,
698 4789 770 4838 qnam
789 4775 854 4837 prior
871 4774 971 4834 modus,
998 4774 1118 4837 reperitur
1135 4789 1159 4822 n.
1179 4787 1237 4837 pars
1255 4775 1444 4849 proportionata
1460 4773 1501 4824 sal·

160 4856 212 4898 tem
230 4847 439 4912 multiplicatione.
