3354 5504
442 301 1037 372 asomsaanssenouasssuaettsrur.

38 545 44 557 ,
53 480 187 563 jundim
217 483 372 565 aequales.
418 485 465 550 At
491 483 521 546 in
554 484 689 548 omnibns
721 484 791 548 aliis
812 486 880 561 ΗΒ,

58 572 119 635 VB
151 588 271 635 summa
300 573 399 637 minor
420 593 520 654 ,quam
542 573 617 650 HA,
644 574 723 649 AV,
755 574 799 636 sic
828 572 887 639 GU
960 620 963 627 -

57 661 156 724 minor
179 681 274 743 quam
299 661 375 738 GA,
400 663 473 739 Au,
507 663 550 726 sic
572 662 625 726 FB
652 664 766 748 minor,¹
798 680 887 744 quam

147 838 222 903 Jam'
245 839 374 904 circulus
396 841 579 903 extendatur
601 841 630 903 in
651 841 774 923 planum
798 842 884 924 eique
966 806 990 911 ξ’
1064 902 1067 909 ,
1110 904 1112 911 ,

60 928 158 993 lineae
173 930 215 992 ad
228 939 332 993 rectos
354 930 585 1005 constituantur,
610 930 775 1021 distantiae
790 951 885 1013 qnae·
962 919 976 1041 (
1028 936 1034 948 ‘
1166 924 1169 935 ’

59 1019 135 1082 libet
157 1039 215 1083 ano
239 1021 322 1095 loco,
353 1027 384 1081 et
414 1021 517 1102 capita
547 1016 765 1083 connectantur
787 1020 885 1084 lineis.
939 1034 957 1075 Β
1178 1028 1181 1036 ’

61 1108 128 1171 Iirit
151 1126 232 1190 quae
254 1129 311 1191 per
331 1108 412 1170 BBB
432 1115 500 1185 (rig.
520 1115 584 1185 2⁹),
608 1129 668 1171 nna
695 1118 798 1185 recta,
831 1111 886 1172 sed

63 1217 136 1283 quae
166 1217 225 1280 per
255 1197 348 1263 AAA
382 1199 539 1265 conchoidi
575 1198 692 1262 similis.
745 1197 887 1280 Spatium

62 1306 129 1351 raro
153 1280 405 1373 comprehensum
429 1289 483 1351 snb
509 1285 618 1372 CDC‘¹
632 1297 664 1350 et
685 1287 739 1351 ΒΒ
763 1288 886 1370 duplum
977 1262 988 1308 ¹

62 1374 117 1441 erit
140 1377 182 1439 ad
196 1397 310 1457 eaream
339 1378 458 1454 circuli,
490 1376 560 1459 quia
588 1378 679 1443 ducta
711 1387 890 1442 transversa

62 1466 127 1531 a'B
151 1466 183 1529 in
209 1463 248 1531 θ’
271 1467 430 1531 constitnit
452 1466 635 1547 triangulum
656 1468 889 1531 Archimedenm
946 1482 948 1487 ’

62 1554 190 1639 'aequale
225 1555 346 1619 circulo.
392 1557 474 1636 Ergo
505 1554 737 1619 consentaneum
767 1558 883 1629 (forsan
1375 1622 1379 1633 ,

63 1654 89 1709 et
111 1646 320 1708 demonstrari
341 1649 459 1727 potest)
483 1647 577 1709 etiam
600 1647 730 1726 spatium
753 1647 809 1710 sub
832 1641 926 1710 cod
942 1652 973 1704 et
991 1640 1094 1709 AAA‘
1189 1635 1242 1702 ΠΒ·
1263 1630 1306 1685 ²⁹·

61 1735 227 1798 conchoide
266 1754 332 1799 esse
370 1737 490 1816 duplum
527 1736 567 1797 ad
606 1735 773 1815 quaesitam
809 1744 945 1799 nostram
980 1750 1092 1794 aream.

62 1825 159 1887 Vides
183 1831 296 1899 antem,
320 1826 420 1904 majus
444 1844 511 1886 esse
534 1824 591 1886 hoc
606 1824 735 1905 spatium
754 1825 816 1901 illo,
842 1825 912 1907 quia
929 1823 959 1884 in
973 1820 1093 1902 punctis
1162 1823 1182 1850 ²

62 1912 141 1976 liet
166 1911 196 1975 0
225 1906 411 1977 intermediis
433 1915 491 1977 EA
524 1914 640 1994 longior
671 1922 720 1976 est
752 1933 840 1996 quam
861 1913 935 1987 ΕΒ,
968 1919 1000 1973 et
1022 1909 1092 1973 OA‘
1131 1924 1171 1991 ε’,
1327 1955 1331 1987 .,
1358 1927 1364 1954 ²

63 2022 149 2085 quam
173 2001 241 2066 OB.
1161 2029 1165 2086 ξ

146 2092 253 2173 Atque
277 2091 352 2154 haec
376 2091 539 2173 descriptio
555 2111 628 2153 sane
642 2098 707 2153 tam
721 2098 770 2153 est
787 2089 979 2174 geometrica,
1005 2107 1093 2168 quam
1129 2090 1165 2144 s·
1326 2091 1357 2142 2³

62 2181 110 2245 illa
142 2181 350 2245 Archimedis.
401 2174 471 2245 Etsi
501 2197 573 2244 vero
605 2187 765 2244 contentus
795 2201 861 2245 sum
892 2177 1093 2244 Archimedes

63 2271 235 2352 opharmosi
256 2271 288 2332 in
311 2269 393 2335 linea
416 2264 521 2346 ODO‘,
544 2289 602 2332 non
630 2277 731 2332 tamen
761 2279 920 2353 contentus
948 2286 1012 2330 sum
1035 2267 1092 2329 hac
1125 2248 1176 2342 ¹²,
1293 2334 1300 2341 ,
1330 2315 1335 2335 .

64 2360 264 2424 delineatione
278 2359 376 2422 lineae
394 2354 507 2435 snm,
532 2359 601 2440 quia
624 2359 816 2440 praecipitur,
839 2369 874 2423 ut
895 2379 949 2441 per
972 2357 1094 2418 minima
1134 2383 1214 2461 lg„
1318 2358 1326 2396 1'

64 2470 136 2527 eam,
162 2469 242 2531 quae
265 2456 338 2511 sunt
358 2449 484 2524 infinita,
510 2457 541 2512 et
564 2450 634 2530 quia
655 2449 809 2530 proportio
833 2449 925 2530 spatii
949 2448 989 2510 ad
1010 2446 1092 2528 prius
1164 2437 1187 2470 '²‘
1355 2443 1358 2453 '

63 2538 114 2602 hoe
136 2546 232 2623 pacto
256 2538 421 2618 ignoratur.
459 2536 555 2620 Cupio
574 2546 607 2600 ut
621 2547 777 2619 geometra
795 2539 903 2619 aliquis
922 2556 968 2600 me
984 2537 1093 2600 doceat
1139 2594 1141 2601 ,

65 2629 320 2711 comparationem
351 2629 523 2709 planorum:
558 2628 664 2691 deinde
687 2636 720 2689 ut
754 2627 864 2704 sciam,
897 2634 990 2709 quota
1020 2645 1091 2707 pars
1135 2625 1160 2681 .'

65 2717 149 2800 hujus
187 2718 335 2796 incogniti
372 2717 456 2802 plani
497 2717 710 2797 superinsistat
751 2726 976 2798 quotaeounque
1012 2715 1092 2797 parti
1129 2705 1148 2756 ¹¹

66 2806 159 2871 lineae
183 2805 291 2871 0⁰0¹.
689 2859 694 2867 .

147 2898 200 2961 An
225 2914 298 2977 ergo
323 2893 384 2966 (dic
407 2896 576 2975 geometra)
599 2895 720 2974 planum
744 2896 800 2957 hoc
823 2896 905 2958 circa
927 2895 1091 2979 cylindrum
1130 2865 1218 2985 us-..
1307 2966 1308 2969 Ἴ

65 2994 210 3069 aptatum,
234 2993 270 3047 ut
291 2985 393 3065 capita
417 2983 484 3060 CA,
510 2982 588 3047 C‘A‘
612 2990 735 3062 coeant,
766 2984 876 3047 lineam
909 2985 1092 3049 conchoidea
1123 2992 1264 3063 vim.
1312 3004 1313 3007 ’

66 3073 225 3138 ordinatio
241 3073 508 3138 circumferentiam
523 3072 707 3154 ellipticam?
726 3074 856 3138 minime.
881 3073 944 3137 Sed
957 3075 1090 3156 relinquo
1158 3070 1163 3154 ξ
1320 3074 1327 3107 '³

66 3173 235 3245 geometrae
258 3163 459 3227 refutandum.
619 3162 622 3168 ’
882 3232 885 3238 ,
1006 3199 1009 3206 ,
1160 3158 1163 3237 Ξ

144 3254 277 3321 Invento
311 3253 390 3333 quod
419 3252 467 3313 hic
499 3250 626 3332 petitur,
659 3251 746 3315 simul
778 3252 967 3317 inveniuntur
1004 3272 1090 3315 arcus

67 3344 221 3426 ellipoidis.
250 3343 379 3406 Namnt
394 3342 515 3423 planum
529 3339 598 3404 AC‘
614 3340 652 3403 ad
671 3341 791 3420 planum
807 3341 884 3417 BC‘,
903 3343 1090 3406 siccircum-
1158 3375 1161 3434 ξ
1203 3354 1243 3360 “·

67 3433 191 3498 larentia
218 3433 320 3496 circuli
344 3429 409 3496 CC‘
435 3431 475 3492 ad
498 3430 768 3494 circumferentiam
798 3432 957 3512 ellipoidis.
1004 3431 1090 3503 Quae
1157 3437 1161 3479 ἲ

67 3525 117 3587 etsi
140 3523 263 3586 brevior
286 3529 335 3583 est
361 3537 451 3601 quam
474 3515 557 3603 360⁰
584 3520 701 3596 circuli,
728 3521 918 3584 nihilominus
946 3530 1046 3587 mmeu
1069 3518 1098 3584 4-
1154 3520 1160 3590 ἐ

67 3621 159 3678 recor
182 3611 358 3686 subtendit,
390 3628 450 3671 uon
473 3610 569 3672 miuus
593 3628 681 3691 quam
709 3611 947 3675 circumferentia
970 3611 1088 3674 circuli:
1152 3608 1153 3611 ’

67 3722 94 3765 co
120 3701 204 3785 quod
227 3709 260 3763 et
287 3700 408 3783 propior
430 3700 464 3761 fit
486 3708 588 3762 centro
615 3717 670 3780 per
700 3707 821 3781 partes,
850 3721 938 3783 qnam
952 3701 1088 3775 circum-

67 3791 193 3857 lerentia
216 3789 330 3853 circuli.
375 3789 461 3851 Haec
484 3798 583 3853 antem
611 3790 860 3871 appropinquatio
884 3791 923 3853 ad
946 3799 1080 3855 centrum
1109 3813 1225 3857 rursum
1249 3796 1412 3878 quaeritur,
1460 3825 1464 3832 ·

67 3881 209 3961 quomodo
242 3879 423 3961 geometrice
456 3878 632 3958 investigari
658 3880 772 3958 possit,
802 3887 837 3942 ut
860 3881 985 3960 angulus
1008 3883 1047 3944 ad
1071 3893 1242 3967 susceptum
1269 3894 1411 3967 punctum

66 3968 219 4035 habeatur.

147 4042 257 4140 Itaque
281 4055 443 4118 distantias
467 4063 493 4126 d
515 4075 535 4116 a
558 4053 598 4133 Θ
623 4075 676 4137 per
705 4065 842 4139 tempora
864 4062 1067 4123 accumulatas
1090 4070 1227 4125 numerat
1250 4056 1372 4145 planum
1392 4084 1412 4126 a

65 4171 107 4214 ne
129 4149 317 4230 expeditum,
342 4145 504 4208 distantiae
527 4146 584 4209 hae
607 4146 666 4211 iter
688 4148 829 4228 planetae
845 4149 873 4210 in
889 4148 1045 4229 ellipoides
1061 4153 1320 4229 (connumerant
1341 4152 1411 4228 sed)

65 4239 263 4313 constituunt,
296 4235 356 4297 iter
377 4253 449 4297 vero
472 4235 528 4297 boc
551 4236 795 4299 cumdistentiis
818 4236 975 4299 coustituit
1002 4240 1333 4321 angulnm'anomaliae
1355 4261 1410 4304 cn-

64 4334 221 4412 aequatae‚
245 4324 476 4406 respondentem
499 4325 628 4405 tempori
652 4326 690 4388 ab
714 4344 848 4407 apogaeo
872 4325 986 4406 elapso.
1027 4330 1248 4412 Erravi,igitnr
1265 4330 1411 4394 hacteuus

64 4417 258 4493 existimaus,
291 4414 440 4476 numerari
463 4413 624 4476 distantias
653 4435 707 4476 seu
736 4417 765 4478 in
796 4433 940 4479 summam
973 4418 1074 4500 colligi
1097 4442 1116 4482 a
1138 4422 1228 4502 plano
1252 4404 1410 4502 ellipoiffis,

63 4509 139 4591 qnod
161 4506 289 4588 planeta
311 4503 465 4567 describit.
511 4504 634 4566 Minime
663 4505 772 4568 alicubi
800 4505 878 4567 enim
907 4517 1041 4572 moratur
1063 4509 1161 4590 ibique
1184 4510 1296 4573 multas
1319 4528 1410 4571 accu-

62 4600 156 4661 mulat
178 4593 353 4658 distantias.
390 4603 488 4668 (comp.
508 4601 653 4669 Gap-ss.)

148 4684 355 4737 Deolnadouem
373 4686 570 4738 obseruationum
587 4684 791 4738 Braheanearum
809 4680 900 4750 (comp.
920 4668 985 4737 nist
1006 4687 1073 4739 (loni.
1094 4686 1127 4738 ad
1144 4691 1256 4755 tempora
1273 4684 1410 4771 aduorlptv

60 4759 148 4826 quibu
167 4771 228 4808 usus
246 4762 286 4807 sat
302 4755 435 4825 Koplsrm,
453 4757 487 4808 ad
503 4758 579 4809 tinem
595 4756 668 4821 huius
686 4756 804 4822 epistolae
821 4758 1007 4822 resonavimus,
1025 4774 1099 4826 qnam
1119 4756 1196 4810 codex
1214 4757 1411 4824 Petropolitsnu

60 4829 162 4883 umba
176 4829 237 4879 folio
254 4842 294 4890 eo,
311 4842 358 4892 quo
376 4829 500 4893 Ksplorus
519 4829 573 4879 adit
589 4830 673 4880 literas
691 4829 797 4879 Fabricii
815 4827 840 4877 d.
860 4828 884 4876 d.
906 4828 946 4877 ft.
966 4833 1032 4908 Aug.
1053 4833 1139 4902 (sopra
1155 4846 1181 4898 p.
1193 4827 1257 4903 ¹ill),
1275 4831 1412 4896 praemisa

59 4914 92 4955 es
108 4899 232 4971 qbtolw
250 4904 321 4968 Μ
340 4897 402 4963 (ndo
418 4899 596 4969 maiorm)
613 4914 688 4972 quam
704 4900 874 4975 paenorum
891 4898 978 4975 pli.
1330 4914 1340 4935 ’¹
1362 4908 1368 4929 ¹
