3354 5504
324 304 327 308 ι
445 283 1036 355 ιοιωιιιιιιοιιιιωιιαι

53 462 177 521 mane
211 457 312 531 m,
341 455 442 532 ΚἙΕ,
471 478 563 539 quare
600 468 633 521 et
671 459 808 522 residuus
843 460 935 535 EKF,
979 467 980 470 ’
1119 461 1174 529 Fla·
1195 459 1238 513 2&

55 555 88 609 et
110 555 146 610 ut
173 552 248 618 (rin.)
264 545 350 621 EKF
372 548 412 610 ad
441 546 495 611 EF
519 549 562 613 sic
588 555 659 620 (dn.)
686 548 770 612 KEF
802 550 841 612 ad
870 551 935 614 Ru.
1041 562 1224 641 ff*

55 635 126 699 Jam
165 637 196 699 iu
244 636 332 699 Rus
380 637 470 699 datur
507 637 593 699 ΚΕΛ
637 658 675 699 ex
724 638 935 701 observatione
1023 645 1039 673 ‘s
1222 683 1225 689 ι

56 733 87 788 e't
118 724 192 801 ΚΡ,
221 726 279 788 uA
305 725 417 801 latere,
447 745 539 807 quare
562 727 648 789 ΚΑΒ
670 728 798 807 angulus
821 738 853 790 et
874 728 936 790 ΚΑ

57 814 206 878 ιιῖιιιιιίι
243 824 269 885 d
307 811 358 893 Θ.
413 815 515 899 Scitpr
552 824 652 879 antem
683 817 739 880 AF
771 819 825 880 suh
857 818 934 893 fixis,

57 924 150 987 quere
173 911 207 967 et
228 904 301 967 ΑΚ.

147 991 281 1068 Quaeris
306 1000 338 1055 et
361 993 397 1054 de
420 993 552 1086 utilitate
567 992 671 1056 EGF:
697 993 767 1076 quia
789 994 854 1056 sine
877 995 955 1056 hoe‘

59 1103 117 1146 non
151 1102 278 1165 ροιιιιιιι
314 1083 446 1145 iuvenire
480 1080 520 1161 Q
556 1083 832 1159 eccentricitatem,
866 1084 935 1164 quia

36 1172 166 1254 'auguli
189 1174 221 1236 A
244 1191 303 1234 nou
331 1180 416 1234 stant
438 1171 468 1233 in
492 1181 609 1248 centro,
637 1173 691 1235 sed
719 1173 825 1253 duplus
848 1170 934 1235 EGF

60 1262 156 1325 stabit
177 1262 212 1325 in
235 1270 350 1337 senno,
371 1261 461 1340 hujus
485 1262 575 1342 igitur
602 1261 698 1324 centri
726 1260 872 1324 distantia
894 1262 932 1322 ab

59 1352 89 1414 Δ
126 1358 181 1414 ιιι
217 1350 399 1434 quaerenda.
445 1351 526 1414 Noni
563 1351 658 1413 centri
694 1351 853 1414 eccentrici
890 1346 930 1428 Q

57 1441 169 1522 positio
191 1460 252 1504 uon
275 1440 365 1503 datur
386 1440 449 1502 ulle
471 1441 533 1503 alia
554 1441 682 1503 ratione.
1139 1439 1160 1470 ¹

145 1531 195 1594 De
218 1528 300 1593 ECF
323 1539 355 1591 et
382 1529 469 1591 ΕΑΒ
500 1530 629 1610 quaeris.
674 1527 757 1592 ECF
788 1536 836 1590 est
868 1528 976 1608 duplus
1006 1528 1092 1594 EGF
1121 1532 1409 1613 circumferentialie,

61 1617 229 1702 quiaECF
250 1620 281 1681 iu
304 1627 417 1707 centro.
454 1618 496 1680 Et
519 1620 589 1702 quia
602 1616 666 1692 EC,
688 1618 739 1682 CF
767 1635 853 1679 crura
875 1619 1023 1713 aequalia,
1048 1640 1086 1682 ex
1109 1610 1314 1686 subtractione
1327 1621 1409 1685 EOF

61 1709 221 1772 aduobue
244 1707 339 1771 rectis
362 1719 393 1770 et
414 1709 527 1771 residui
554 1707 721 1770 hisectione
752 1704 879 1769 habetur
900 1706 928 1768 E
950 1709 998 1769 vel
1021 1711 1056 1772 F.
1103 1710 1170 1773 Non
1194 1711 1238 1774 sic
1262 1711 1291 1774 in
1314 1711 1410 1787 m,

62 1800 131 1880 quia
152 1798 225 1873 EA,
248 1798 305 1861 a?
328 1816 385 1859 non
409 1807 479 1859 sunt
503 1797 642 1878 aequalia
665 1812 765 1871 crura,
793 1795 943 1860 residuum
973 1798 1066 1879 igitur
1088 1817 1146 1860 non
1169 1807 1271 1881 potest
1294 1810 1408 1881 aeque-

61 1888 131 1952 liter
153 1887 298 1953 biseceri.
343 1886 428 1949 Haec
452 1894 523 1949 sunt
544 1894 620 1949 nota
641 1905 679 1948 ex
709 1886 767 1948 levi
797 1885 966 1966 cognitione
997 1888 1213 1968 triangulorum
1243 1889 1409 1953 doctrinae.

144 1977 225 2040 Tm
256 1976 429 2059 partums
462 1984 496 2048 (v.
515 1986 686 2051 smmum
708 1983 816 2034 rahnei
841 1999 866 2049 u·
886 1981 943 2043 87.)
975 1976 1104 2040 adhibeo
1134 1997 1188 2059 pro
1222 1977 1411 2060 inquisitione

60 2066 308 2142 woentricitetie
332 2074 364 2128 et
386 2065 505 2146 quidem
527 2074 590 2127 tres
613 2073 700 2127 extre
723 2065 813 2127 eitum
837 2066 1057 2149 acrouychium,
1081 2076 1114 2129 ut
1133 2087 1170 2129 ex
1183 2069 1279 2130 trihus
1293 2068 1412 2148 punctis

59 2157 187 2220 circulm
210 2155 367 2229 habeatur,
392 2156 475 2235 cnjus
500 2164 548 2216 est
571 2153 781 2217 ecoentricitas
796 2158 977 2237 quaerenda.
1010 2154 1145 2229 (Quarta
1161 2167 1209 2218 est
1227 2157 1411 2237 probationis

60 2246 122 2309 loco
144 2254 182 2309 et
203 2246 244 2308 ob
266 2244 409 2325 mojorem
433 2243 670 2317 certitudinem.)
714 2243 791 2305 Tria·
808 2255 920 2325 puncta
942 2254 1057 2328 ponunt
1079 2253 1230 2321 centrum,
1263 2246 1321 2308 dno
1350 2264 1411 2310 uon

60 2341 174 2416 ponunt
195 2344 320 2397 certum.

145 2423 184 2488 Si
206 2424 299 2487 sitnm
323 2420 532 2504 acronychium
555 2440 671 2484 sumam
695 2428 726 2484 et
748 2439 838 2483 unam
861 2421 1048 2502 percellaris,
1082 2422 1171 2485 datur
1202 2424 1320 2504 quidem
1344 2423 1411 2487 iude

61 2514 210 2578 ιὶιιιιιιίι
233 2509 274 2592 Θ
298 2534 318 2574 a
340 2513 448 2595 Terra,
483 2511 537 2572 sed
567 2509 597 2573 iu
624 2519 823 2574 unctantem
847 2511 921 2574 loco.
953 2512 1047 2575 ·Nam
1072 2513 1268 2594 acronyohins
1300 2511 1414 2577 nullam

61 2603 314 2667 mensurnam
338 2599 379 2680 Q
403 2608 436 2662 et
458 2602 495 2677 ὃ,
519 2601 590 2681 quia
612 2601 694 2663 nulla
715 2600 881 2680 parallaxis
904 2601 1108 2682 longitudinis.
1150 2600 1185 2664 Si
1208 2603 1283 2666 duas
1306 2604 1411 2684 perat-

25 2746 29 2757 .
63 2692 142 2759 lsxee
168 2711 286 2768 sumas,
318 2692 428 2753 dautur
455 2690 575 2770 quidem
597 2689 674 2751 duae
699 2689 862 2753 distantiae
887 2698 918 2752 et
940 2709 993 2770 per
1016 2690 1178 2754 distantias
1201 2693 1412 2767 eccentricitee

64 2778 108 2861 Θ,
131 2783 190 2865 sed
212 2800 269 2862 per
290 2778 526 2861 suppositionem
550 2779 608 2842 loci
631 2779 758 2859 apogaei
783 2775 822 2856 Q
846 2780 1093 2858 praecedentem
1117 2782 1234 2863 quaudo
1257 2800 1329 2845 vero
1352 2781 1416 2855 tria

64 2881 219 2936 amnentur
240 2872 316 2945 loca,
342 2887 508 2950 apogaeum
531 2888 590 2930 una
613 2868 844 2932 demonstratur.
914 2908 920 2918 ·
1401 2912 1406 2919 .

144 2959 288 3024 Omnium
312 2977 387 3042 quae
411 2957 557 3020 hactenus
581 2977 618 3019 ex
641 2976 698 3038 qno
722 2957 880 3020 scribimus
903 2957 1051 3038 objecisti,
1076 2959 1352 3024 artificiosissimum
1375 2968 1408 3023 et

63 3049 330 3132 ingeniosissimum
353 3056 401 3110 est
423 3048 459 3110 de
479 3046 560 3109 ovali
573 3047 669 3127 figure
682 3047 764 3109 orbis
778 3046 870 3109 Solis.
913 3045 1107 3129 Quod'igitur
1120 3050 1268 3113 caleulum
1284 3049 1407 3125 attinet,

64 3149 225 3221 praecepta
247 3158 321 3201 saue
345 3139 388 3201 eie
412 3144 484 3200 snut
507 3145 698 3218 comparata,
726 3145 760 3199 ιιι
789 3137 906 3198 ovalem
934 3137 1065 3200 eliciant.
1111 3137 1173 3202 Sed
1197 3140 1275 3221 qnod
1297 3139 1409 3204 attinet

66 3230 296 3293 exstructionem
326 3227 543 3310 hypotheseos,
579 3228 676 3288 fateor
708 3245 754 3288 me
785 3226 1055 3307 praesupposuisse
1086 3228 1241 3302 circulum,
1273 3236 1306 3291 ιι
1335 3227 1413 3290 nihil

66 3318 245 3383 sensibiliter
267 3318 404 3398 peccavi,
436 3315 507 3396 quia
529 3314 713 3378 insensibilis
736 3315 771 3377 tit
792 3316 840 3377 hio
864 3316 1017 3396 ingressus
1040 3317 1080 3379 ad
1102 3318 1199 3380 latera
1223 3318 1260 3380 oh
1283 3336 1408 3398 parvam

67 3408 318 3471 eoceutricitatem
343 3403 393 3483 Q.
439 3403 660 3467 Eccentrioitas
688 3411 736 3466 est
763 3406 825 3467 fere
855 3404 920 3467 loco
948 3405 1045 3493 medio
1074 3406 1306 3489 proportionalis
1328 3391 1408 3469 iuter

66 3499 176 3563 redium
198 3505 232 3559 et
254 3497 442 3559 latitudinem
469 3494 590 3556 lunulae
613 3493 693 3557 circa
723 3495 850 3557 evalem.
896 3492 931 3556 Si
964 3492 1092 3560 100000
1122 3497 1177 3559 dat
1205 3493 1305 3571 1800,
1338 3494 1409 3576 quid

70 3583 169 3653 1800?
191 3586 318 3648 veniunt
340 3577 422 3668 32²4
451 3583 486 3645 de
515 3581 652 3659 100000,
676 3583 727 3645 vix
751 3591 856 3664 quater
883 3583 1043 3647 millesima
1070 3586 1227 3666 particule.
1275 3584 1324 3647 Sit
1341 3584 1408 3665 jam

67 3675 211 3740 distantia
234 3682 259 3745 d
283 3671 323 3752 Q
352 3672 531 3736 brevissima
562 3669 706 3746 13854ος
736 3672 811 3737 haec
838 3693 947 3735 secane
976 3683 1025 3736 est
1046 3674 1147 3754 anguli
1169 3670 1232 3738 43ο
1253 3670 1308 3737 471
1331 3669 1407 3739 45”.

67 3764 104 3829 llt
146 3775 249 3829 anoem
293 3759 422 3828 100000
452 3762 491 3824 ad
523 3759 652 3826 138540
691 3762 734 3824 sie
774 3755 940 3846 10003222.
978 3763 1016 3846 ad
1050 3759 1192 3836 138585,
1233 3772 1409 3828 accrescent

66 3848 113 3930 45,
135 3874 217 3938 quae
239 3852 329 3936 paulo
351 3852 420 3935 plus
449 3850 479 3913 1‘
509 3850 692 3914 subtendent
719 3858 751 3913 et
778 3852 897 3933 quidem
923 3862 993 3915 tnnc
1017 3852 1125 3925 solum,
1153 3871 1220 3915 cum
1246 3862 1280 3916 et
1307 3850 1348 3931 Q
1376 3853 1408 3917 lu

65 3942 246 4028 longitudine
269 3941 368 4004 media
390 3941 520 4003 eccentri
545 3951 576 4002 et
598 3939 667 4010 din
690 3941 831 4022 perigneo
845 3940 1170 4022 etproethaphaeresie
1193 3949 1243 4005 est
1264 3942 1406 4006 maxima.

65 4033 106 4097 At
124 4035 195 4116 plus
222 4032 252 4095 1⁴
275 4039 391 4095 erratur
415 4030 446 4092 in
470 4029 740 4094 observationibus.

146 4125 183 4189 lu
208 4121 289 4185 ovali
310 4119 487 4200 compendia
509 4122 603 4182 multa
621 4119 727 4195 habeo,
753 4140 829 4202 quae
846 4138 938 4201 prope
956 4136 1058 4201 verum
1070 4119 1194 4185 veniunt
1207 4122 1246 4184 ad
1259 4118 1293 4186 8¹
1305 4128 1340 4184 et
1357 4110 1407 4197 6¹3

64 4232 137 4295 qnae
170 4211 292 4294 penitus
324 4227 446 4292 scopum
478 4210 642 4292 attingeret
673 4209 751 4273 ratio
785 4231 804 4271 a
835 4229 882 4271 me
915 4209 1045 4271 nondum
1074 4217 1124 4272 est
1152 4210 1284 4281 iuventa.
1330 4211 1408 4274 Utor

62 4301 179 4367 interea
199 4300 388 4384 ecana...
1497 4364 1501 4371 ,

148 4391 320 4455 Bisontio
351 4387 656 4452 eecentricitatie
680 4396 706 4457 d
729 4387 772 4451 sic
794 4385 953 4463 haheture
975 4388 1070 4467 primo
1092 4388 1208 4453 vicaria
1229 4387 1405 4473 hypothesis
1432 4454 1438 4473 ,

61 4481 196 4546 ostendit
219 4479 429 4561 aequationem
445 4478 613 4552 maximam,
637 4477 863 4558 sequentisque,
887 4476 944 4540 hoc
962 4484 1012 4539 est
1030 4484 1127 4541 totam
1150 4477 1412 4541 eoceutrioltetem'

60 4571 206 4652 proxime.
253 4569 366 4631 Postea
395 4566 445 4631 uhi
477 4567 539 4629 ΑΚ
567 4566 713 4647 superiori
735 4566 875 4628 methodo
898 4578 931 4628 et
953 4566 983 4628 in
1013 4567 1130 4648 aphelio
1154 4576 1186 4629 et
1207 4567 1238 4628 in
1259 4567 1405 4648 perihelio

60 4661 150 4725 inerit
171 4658 326 4744 inquisita,
349 4656 487 4740 jungitur
509 4666 634 4738 utraque
658 4664 691 4719 et
704 4655 856 4718 dimidium
879 4674 1011 4719 summes
1034 4663 1225 4739 comparatur
1246 4674 1314 4719 cum
1336 4655 1402 4720 els-

58 4751 169 4816 mentis
178 4769 190 4827 ς
213 4748 283 4813 hinc
300 4746 407 4812 existit
419 4764 492 4812 vera
509 4745 718 4811 eccentricitas
741 4744 947 4827 inveniturque
960 4747 1058 4810 minor
1068 4746 1157 4827 paulo
1172 4764 1261 4828 quarn
1280 4744 1405 4813 diuidis

57 4840 179 4925 prioris.
217 4838 385 4923 Unumque
406 4845 515 4922 postea
531 4836 753 4901 demonamstur
770 4836 941 4900 necessario
955 4835 1029 4913 lieri,
1053 4835 1080 4900 ei
1098 4835 1218 4919 quidem
1240 4834 1406 4904 distantiae
