3354 5504
487 278 489 283 ’
588 240 736 358 asnaa
749 289 891 344 mas
1285 314 1288 319 ·
1355 293 1420 363 ros

70 464 314 531 mmtomasio
336 484 404 531 mea
427 466 499 529 nihii
524 467 605 530 aliud
635 468 707 543 fnit,
740 488 827 550 quarn
858 469 992 549 ejusdem
1023 469 1224 534 restitutionis
1243 473 1419 554 ampliatio,

70 563 105 618 ιι
134 552 373 638 intelligeretur,
395 555 532 619 diversis
562 558 779 639 hypothesibus
808 559 886 621 idem
916 559 1074 640 praestari.
1122 562 1198 622 'lu'
1190 580 1255 641 rpse
1279 565 1419 639 affirmas,

70 645 177 723 modos
199 646 255 709 tibi
283 664 338 708 sex
361 664 528 726 superesse
575 647 652 709 Mihi
679 666 749 710 vero
779 649 817 709 ad
845 668 942 710 meum
970 649 1140 711 institutum
1168 653 1342 714 necessaria
1365 655 1421 717 fuit

70 735 310 809 transformatio,
334 744 368 797 ut
389 734 420 796 id
445 735 622 809 obtinerem,
645 737 724 817 quod
748 738 889 817 agebam,
913 739 1036 799 scilicet·
1053 745 1085 799 ut
1107 739 1255 801 calculum
1278 743 1420 823 trianguli

69 825 158 889 unius
181 826 212 888 iu
235 824 356 887 tabulas
379 824 570 904 conjicerem.
616 824 734 887 Poterit
756 827 833 889 alius
856 828 984 889 forsitan
1013 827 1091 888 idem
1121 838 1277 908 praestare
1301 841 1420 894 retenta

68 913 231 999 hypothesi
254 912 468 996 Tychoniaua:
501 933 557 993 ego
587 922 656 976 tunc
686 916 805 996 quidem
828 925 889 978 tarn
914 917 985 977 felix
1013 935 1072 978 non
1100 917 1156 989 fui,
1187 927 1218 978 et
1246 919 1419 983 inclinatum

67 1024 116 1068 me
140 1005 239 1067 fateor
262 1003 300 1065 ad
323 1004 447 1065 formam
471 1004 635 1085 physicam,
661 1024 749 1086 qnam
766 1006 931 1086 amplector
947 1024 1021 1085 prae
1041 1006 1159 1081 ceteris,
1184 1007 1300 1087 quoties
1324 1029 1418 1091 aeque

67 1114 106 1156 ac
137 1101 257 1157 ceterae
290 1092 417 1154 odicium
449 1092 530 1155 facit.
575 1092 623 1154 Ex
651 1094 838 1197 praefatione
869 1096 908 1156 ed
930 1095 1115 1156 Hervartum
1146 1095 1256 1177 aliquid
1288 1098 1418 1169 fortasse

64 1184 169 1264 possit
188 1182 318 1263 excerpi,
342 1180 419 1261 qnod
434 1181 644 1245 refutationem
663 1183 713 1245 vel
733 1184 852 1246 omnino
871 1183 1124 1245 insimulationem
1146 1185 1279 1265 aliquam
1301 1188 1416 1267 sapiat:

66 1273 158 1355 quasi
180 1272 308 1335 obscura
330 1271 372 1332 sit
386 1270 561 1352 hypothesis
577 1280 608 1332 et
626 1272 712 1353 quasi
736 1273 857 1336 tabulae
881 1292 939 1336 non
964 1272 1123 1335 sublevent
1146 1274 1293 1360 calculum
1315 1277 1418 1339 labore
1517 1294 1519 1299 ’

65 1361 258 1442 triangulari.
295 1360 340 1422 At
362 1360 487 1440 primum
511 1379 566 1440 ego
589 1360 671 1422 illam
689 1363 906 1441 praefationem
928 1363 972 1423 ita
990 1362 1164 1437 immutavi,
1180 1372 1213 1426 ut
1232 1365 1439 1445 Tengnaglio

63 1451 201 1534 placuit3
225 1449 332 1512 deiude
355 1449 429 1511 nihil
453 1469 489 1511 ex
512 1469 559 1511 me
581 1449 652 1524 dixi,
677 1451 731 1512 sed
750 1451 787 1512 ab
807 1451 923 1513 aliiset
944 1451 982 1512 ab
996 1452 1153 1513 Herwarto
1173 1454 1214 1514 ad
1232 1473 1278 1515 me
1303 1455 1419 1535 scripte

65 1540 217 1615 ιιιιιιιι,
251 1547 285 1602 ιι
316 1539 414 1601 literis
442 1547 596 1602 auctorum
623 1541 718 1601 cuivis
748 1540 854 1620 quovis
887 1551 1021 1621 tempore
1051 1541 1255 1604 demonstrare
1285 1563 1416 1624 possum.

64 1633 113 1696 Tu
135 1648 225 1704 vero,
248 1628 274 1690 si
297 1627 419 1690 dubites
443 1648 488 1689 me
512 1628 556 1690 sic
579 1629 610 1689 in
632 1629 821 1708 praefatione
844 1630 942 1712 loqui,
971 1639 1041 1709 pete
1065 1629 1146 1692 iilam
1170 1653 1189 1691 a
1211 1633 1417 1714 Teugnagli03

64 1727 172 1784 exstat
194 1719 273 1798 apud
296 1717 380 1780 illum
402 1737 490 1780 mauu
513 1716 662 1780 Matthiae
686 1726 819 1790 (Serrano)
842 1719 907 1781 sine
937 1719 1056 1800 quidem
1085 1720 1267 1795 mutatione,
1300 1723 1418 1803 qualem
1506 1725 1519 1748 '

65 1810 249 1893 scripseram
277 1826 315 1869 ex
345 1826 393 1868 me
420 1806 506 1887 ipso,
538 1827 597 1870 non
630 1809 749 1887 qualem
778 1818 830 1871 ex‘
846 1809 997 1870 sententia
1019 1810 1197 1890 Tengnagiii
1222 1811 1416 1874 immutatam.

66 1902 272 1977 Posteaquam
297 1896 459 1977 acceperis,
485 1896 594 1957 addam
618 1916 675 1977 ego
698 1917 774 1980 quae
799 1898 909 1960 fuerint
931 1904 1057 1965 ιιιιιιι.
1095 1898 1180 1960 Nihil
1202 1917 1274 1980 ergo
1297 1900 1328 1963 in
1352 1904 1418 1963 ιιι

66 1984 335 2053 ιιιιιιοιιιιιίοιι
359 1993 420 2060 ιιι,
452 1985 531 2066 quod
554 1995 702 2049 mereatur
725 2005 832 2048 nomeu
857 1985 1059 2049 refutationis.
1211 1988 1278 2050 Nou
1303 1990 1417 2070 opinor,

66 2088 99 2142 te
122 2077 153 2139 in
178 2074 318 2158 epistolio
342 2094 409 2138 mec
433 2075 559 2154 legisse,
589 2077 667 2156 quod
690 2075 883 2138 vehementer
905 2075 978 2138 mihi
1001 2077 1183 2158 applaudam
1207 2078 1243 2140 ds
1266 2079 1417 2142 transfor·

66 2174 154 2233 mata
174 2164 336 2248 hypothesi
359 2164 553 2247 Tychoniaua
575 2164 688 2226 Lunae.
735 2167 841 2246 Itaque
869 2184 926 2227 non
950 2184 1040 2245 aegre
1063 2166 1136 2228 mihi
1160 2166 1275 2247 faciunt
1295 2168 1340 2230 tui
1364 2188 1418 2229 sex

66 2255 151 2321 modi
173 2255 243 2329 alii;
273 2253 346 2316 mihi
373 2253 412 2315 ad
441 2252 614 2316 institutum
642 2274 726 2316 meus
755 2255 862 2317 modus
890 2254 1009 2317 suffecit
1031 2273 1066 2316 ac
1090 2256 1216 2318 forsitan
1240 2256 1319 2319 idem
1342 2270 1418 2320 nnus

67 2365 107 2410 ex
128 2344 191 2407 tuis
214 2362 269 2415 sax
287 2342 389 2406 luerit.
423 2341 502 2413 Quin
521 2343 578 2404 hec
597 2345 876 2406 commemoratione
894 2362 942 2405 me
962 2363 1089 2406 excusas
1114 2345 1150 2406 de
1174 2365 1211 2407 ea
1234 2366 1418 2426 supervaca-

66 2455 127 2500 nea
150 2451 251 2515 opera,
276 2432 361 2512 cujus
384 2451 432 2494 me
455 2430 694 2495 insimulaveras.
740 2435 818 2496 Nam
841 2433 868 2495 si
892 2433 948 2495 tibi
970 2433 1086 2514 placuit
1108 2454 1162 2496 sex
1187 2437 1281 2498 modis
1305 2437 1418 2513 ludere,

65 2523 184 2607 placuit
206 2521 332 2585 etmihi
354 2542 424 2585 uuo.
470 2523 536 2585 Nec
559 2531 607 2584 est
629 2524 725 2604 major
747 2522 854 2603 gloria,
880 2523 958 2604 quod
983 2531 1015 2584 tu
1039 2524 1096 2585 hoc
1119 2524 1148 2585 in
1171 2525 1295 2608 proprio
1316 2527 1418 2589 labore

65 2611 240 2693 suscepisti,
266 2630 322 2691 ego
346 2611 376 2672 iu
399 2611 508 2674 alieno.
546 2611 625 2673 Nam
650 2631 726 2691 qnae
750 2612 860 2692 publici
878 2612 957 2692 juris
981 2620 1060 2685 sunt,
1085 2613 1184 2675 aliena
1208 2616 1336 2695 amplius
1360 2635 1417 2679 nou

64 2710 148 2767 aunt.
195 2703 244 2765 lta
265 2700 432 2763 Ptolemaei
457 2700 619 2763 observata
642 2699 827 2783 Copernicus
861 2702 890 2763 iu
919 2720 1002 2763 snam
1031 2700 1212 2782 hypothesin
1243 2706 1419 2780 transfudit,

64 2796 113 2858 ita
127 2790 271 2871 Maginus
291 2789 501 2869 Ooperuicana
523 2790 552 2851 iu
576 2791 716 2872 antiquas
734 2791 935 2853 Ptolemaicas
958 2790 1152 2872 hypotheses.
1190 2793 1297 2874 ltaque
1321 2795 1349 2855 si
1370 2794 1418 2856 hic

64 2888 116 2945 ιιι
139 2879 313 2962 scriptionis
335 2887 404 2941 tuae
429 2897 547 2959 scopus,
572 2887 605 2941 ut
628 2881 720 2955 dicas,
745 2900 792 2943 me
814 2880 888 2944 nihil
912 2874 1013 2960 m'agni
1036 2880 1236 2959 praestitisse,
1259 2882 1365 2963 aequis
1388 2891 1418 2944 ιι

63 2968 190 3036 auribus
213 2969 321 3031 audio:
346 2987 498 3050 nunquam
521 2969 689 3048 magnifeoi.
726 2970 870 3049 Aliegavi
893 2970 1050 3031 Hervarto
1074 2989 1133 3033 uon
1156 2990 1246 3033 unam
1269 2971 1418 3051 privatam

63 3060 246 3132 utilitatem,
278 3077 366 3140 quam
395 3077 432 3119 ex
456 3059 512 3120 hoc
535 3059 677 3138 exercitio
700 3060 830 3140 percepi.
876 3059 945 3121 Non
968 3059 1069 3138 magni
1091 3067 1193 3121 tamen
1223 3060 1318 3136 facio,
1348 3060 1419 3142 quia

63 3170 127 3216 non
150 3148 282 3229 imprimi
306 3147 410 3210 curavi
432 3147 587 3223 hacteuus,
612 3167 667 3211 nec
690 3148 907 3221 communicavi
931 3147 1035 3210 amicis
1058 3148 1145 3210 enixe
1168 3149 1349 3229 petentibus.

155 3240 202 3301 At
222 3238 280 3300 hoc
304 3244 392 3319 pacto
415 3257 475 3299 non
496 3237 617 3317 probas,
642 3257 689 3299 ιιι
705 3238 916 3301 refutationem
930 3237 1082 3320 Tychonis
1096 3238 1276 3314 instituisse,
1300 3239 1418 3302 scilicet
1526 3241 1530 3249 ’

63 3332 125 3394 hoc
149 3326 246 3409 ipsum
270 3328 394 3390 refutas.
441 3326 520 3391 lllnd
543 3326 658 3389 enixius
682 3328 763 3407 agis,
791 3335 826 3390 ut
848 3326 920 3389 mihi
943 3345 1066 3408 scopum
1094 3327 1282 3408 potissimum
1305 3329 1417 3415 eripias

62 3416 262 3498 triangularis
289 3416 403 3479 laboris
427 3416 548 3478 sublati.
594 3415 724 3478 Primum
754 3417 817 3492 ais,
849 3416 985 3479 consulto
1018 3418 1129 3479 factum
1153 3437 1171 3478 a
1195 3416 1353 3500 Tychoue,
1384 3426 1418 3481 ut

63 3527 163 3572 cause
184 3513 284 3585 esset,
300 3526 353 3569 cnr
368 3505 576 3568 adolescentes
596 3505 755 3586 triangulis
775 3525 896 3587 operam
916 3506 1030 3568 darent.
1068 3504 1103 3568 Si
1127 3507 1338 3587 disputandum
1361 3508 1418 3570 hoc

63 3614 227 3671 sumerem,
251 3595 355 3669 credo,
379 3605 413 3657 ut
436 3603 483 3657 ιιι
504 3594 759 3676 probabilitatis
750 3595 912 3675 ingenium,
937 3584 1081 3658 dicendo
1087 3596 1176 3657 facile
1200 3598 1360 3670 efficerem,
1383 3606 1419 3660 ut

63 3698 99 3752 tu
123 3685 307 3749 contrarium
330 3684 358 3746 ei
381 3685 520 3760 sentires,
545 3684 623 3766 quod
638 3685 741 3767 Tycho
761 3683 864 3747 sensit.
903 3684 966 3747 Sed
988 3703 1047 3746 uon
1066 3693 1116 3747 est
1130 3705 1215 3765 opus,
1239 3686 1418 3767 praesertim

62 3775 148 3859 apud
160 3781 202 3851 te,
227 3774 276 3856 qui
296 3774 367 3849 scis,
391 3774 467 3837 artis
486 3782 608 3837 nostrae
625 3774 811 3854 ignoratione
827 3773 900 3849 fieri,
923 3781 958 3836 ut
971 3774 1072 3855 potins
1091 3774 1195 3836 decem
1214 3776 1418 3841 astronomiae

24 3890 26 3894 ³
61 3862 236 3928 valedicere
269 3863 382 3941 velint,
414 3880 503 3945 quam
532 3871 566 3924 ιι
598 3883 673 3927 ιιιι
701 3866 741 3927 ad
767 3862 920 3943 triangula
946 3862 1049 3926 veniat
1078 3863 1283 3927 astronomiae
1313 3884 1416 3928 causa

61 3954 148 4023 Illud
170 3952 280 4016 saltem
303 3952 410 4028 dicam,
433 3952 620 4034 propositum
643 3953 700 4015 hoc
724 3954 796 4016 mihi
819 3952 857 4014 ab
880 3952 947 4032 ipso
971 3952 1158 4033 Tengnaglio
1182 3954 1415 4035 suppeditatum.

62 4043 145 4109 Cum
166 4043 399 4120 euim'sumeret
416 4043 567 4104 Matthias
590 4062 669 4105 anno
695 4039 788 4108 1602.
814 4061 935 4123 operam
959 4040 1110 4105 scribendi
1124 4041 1328 4123 Ephemerida
1349 4062 1415 4106 mo·

60 4143 150 4199 tuom
162 4133 267 4195 Lunae
290 4132 330 4192 ad
348 4151 458 4193 annum
481 4141 664 4213 sequentem,
687 4131 880 4213 triangularis
903 4131 989 4194 labor
1010 4132 1100 4212 plane
1123 4132 1249 4195 multum
1271 4132 1416 4212 temporis

60 4220 215 4287 insumsit.
261 4222 367 4302 Itaque
391 4229 422 4282 et
444 4220 648 4301 Tengnaglius
672 4234 703 4284 et
725 4221 874 4284 Matthias
896 4220 954 4283 hoc
984 4221 1083 4302 questi
1111 4229 1199 4297 sunt,
1230 4233 1280 4297 et,
1310 4229 1416 4285 contra

59 4328 155 4397 quam
177 4319 209 4373 tu
228 4311 303 4412 jem,
328 4310 405 4372 satis
420 4311 538 4391 quidem
554 4330 586 4372 se
602 4313 784 4374 exercitatos
801 4329 868 4373 esse
887 4318 1031 4390 putarunt
1047 4312 1076 4372 in
1101 4310 1279 4391 triangulari
1300 4311 1414 4387 labore,

58 4403 118 4466 sed
141 4418 201 4463 non
224 4399 301 4463 satis
324 4399 468 4481 temporis
492 4408 522 4461 ιι
546 4400 667 4462 nimium
689 4401 782 4463 taedii
806 4420 838 4463 se
862 4399 974 4462 habere
1002 4408 1189 4480 agnoverunt
1219 4401 1258 4462 ad
1288 4400 1414 4463 eandem

57 4491 145 4554 viam
167 4490 260 4553 toties
283 4489 419 4550 eundem.
467 4489 612 4552 Dicebam
640 4509 696 4572 ego
718 4489 885 4564 Matthiae,
916 4488 1087 4553 existimare
1116 4509 1177 4565 me,
1206 4489 1294 4552 citius
1321 4509 1413 4571 posse

14 4628 21 4637 -
52 4579 156 4646 scribi
184 4579 323 4653 tabulas,
355 4598 444 4660 quam
473 4579 558 4643 nnius
587 4580 656 4641 anni
680 4579 889 4661 Ephemerida.
936 4579 1012 4655 lile,
1043 4579 1121 4641 idem
1150 4538 1209 4641 sibi
1231 4579 1346 4653 videri,
1376 4598 1412 4643 ac

55 4669 197 4757 perinde,
221 4669 248 4731 si
271 4667 403 4731 director
425 4687 492 4730 esse
516 4669 615 4747 velim,
639 4669 767 4750 abrupta
788 4669 1005 4750 Ephemeride,
1030 4688 1063 4731 se
1086 4667 1207 4731 tabulas
1229 4669 1312 4750 prius
1335 4687 1409 4731 con-

57 4760 203 4825 diturum.
250 4757 311 4822 Sed
334 4758 446 4820 facturn
470 4765 518 4819 est
540 4757 693 4821 simultate
716 4765 834 4834 nostra,
858 4766 946 4820 utet
969 4757 1172 4840 Tenguaglius
1195 4778 1249 4821 suo
1272 4758 1410 4823 ministro

56 4850 146 4916 solus
165 4846 212 4912 uti
231 4846 321 4913 malle
336 4847 488 4911 videretur
511 4846 605 4922 (idem
629 4847 705 4911 enim
728 4848 912 4929 perlibenter
934 4870 954 4911 a
976 4867 1022 4911 me
1047 4845 1151 4924 audiit,
1174 4866 1265 4929 posse
1288 4847 1409 4913 tabulas

112 4950 294 5004 ιηιηιιμιι.
315 4952 351 4994 m.
1166 4951 1199 5004 tc
