3354 5504
156 262 229 343 aaa
314 348 327 361 .
641 266 679 319 ne
697 265 805 320 mosao
823 265 917 321 sana
934 266 1031 345 nasa.

246 452 335 524 Quod
358 450 449 531 igitur
472 442 582 529 attinet
604 446 741 527 quintum
761 443 883 509 modum
905 453 936 506 et
959 445 1170 508 distantiarum
1199 445 1333 528 ipsarum
1366 464 1511 520 summas,

156 543 233 607 ratio
249 561 363 605 rursum
387 539 534 601 reclamat
550 535 692 599 methodo
717 535 926 616 aequatiouum
940 534 1009 595 hnic
1027 534 1155 596 innixae.
1194 534 1369 616 Repetatnr
1389 538 1511 600 schema

157 633 246 712 hujus
269 630 377 709 capitis
400 628 562 708 proprium,
586 631 618 685 et
633 630 809 686 revocentur
827 622 857 687 ia
870 623 1054 703 memoriam,
1079 643 1154 704 quae
1169 623 1252 686 dicta
1275 633 1349 688 sunt
1367 625 1406 688 de
1423 626 1508 688 modo

500 716 606 794 primo.
653 715 687 775 In
710 712 762 773 illo
791 713 868 803 enipi
893 711 978 776 CAD
1008 713 1158 774 anomalia
1190 713 1392 777 distantiaria
1422 733 1510 778 eoas·

284 791 289 803 '
388 824 393 836 ·
503 812 594 884 quata
618 801 806 862 dividebatur
829 800 993 881 ingradus
1021 803 1177 882 aequales,
1202 822 1239 864 ex
1263 823 1324 884 quo
1347 803 1457 878 flebat,
1480 804 1517 866 ut'

504 891 558 956 CD
583 900 735 953 secaretur
760 891 788 950 in
802 897 906 970 partes
930 890 1104 970 inaequales
1128 898 1159 952 et
1173 910 1311 971 magnas,
1338 901 1372 955 at
1386 893 1512 955 haberet

503 980 664 1043 distantias
696 998 824 1061 pancas,
857 979 934 1041 unde
966 979 1170 1041 accidentaria
1200 981 1332 1061 quadam
1363 982 1513 1044 medicina

503 1071 612 1131 erroris
636 1072 767 1148 arrepta,
791 1085 827 1127 ax
844 1087 958 1128 summa
976 1069 1187 1130 distantiarum
1201 1070 1230 1131 in
1247 1068 1304 1133 CD
1321 1070 1511 1150 collegimus,

503 1159 602 1220 distan
621 1158 637 1172 ’'
658 1150 740 1229 'jallis
773 1166 942 1236 competere
974 1157 1141 1219 breviorem
1168 1177 1269 1221 arcum
1292 1160 1373 1234 ΕΙ),
1400 1167 1435 1222 ut
1457 1157 1511 1223 Ao

503 1248 532 1309 in
552 1245 629 1313 ΑΕι,
651 1234 692 1327 ‘J'
719 1246 856 1320 ferretur,
883 1254 914 1307 et
932 1245 974 1308 sic
990 1245 1046 1309 ΕΙ)
1070 1246 1217 1326 inpartes
1240 1248 1390 1330 aequales
1414 1256 1511 1311 sectus

503 1346 535 1397 et
567 1334 699 1415 quolibet
728 1334 824 1414 gradu
855 1334 900 1395 sui
933 1355 991 1396 una
1022 1335 1168 1397 distantia
1203 1336 1373 1400 instructus
1410 1336 1511 1400 haberi

503 1432 616 1503 posset.
662 1423 720 1484 Hic
752 1441 822 1484 vero
854 1442 912 1485 non
945 1444 983 1484 ex
1013 1444 1128 1487 summa
1157 1425 1375 1490 distantiarum
1404 1424 1438 1490 in
1460 1425 1519 1495 ΟΒ.

503 1515 707 1586 inventarum,
742 1512 796 1572 sed
827 1530 864 1572 ex
896 1512 1105 1575 commixtione
1138 1514 1347 1595 hypotheseos
1379 1514 1509 1579 vicariae

502 1623 568 1665 cum
591 1600 751 1685 hypothesi
776 1600 986 1664 distantiarum
1009 1603 1109 1682 capite
1132 1603 1249 1666 XLVI.
1275 1603 1433 1679 instituta,
1453 1605 1511 1685 jam

503 1693 585 1754 iacta
617 1701 648 1752 et
676 1690 813 1771 perfecta
842 1699 891 1751 est
922 1691 1082 1754 translatio
1115 1693 1209 1772 ipsius
1232 1691 1291 1756 Ac
1322 1694 1354 1756 in
1378 1692 1454 1771 AB,
1483 1701 1510 1755 el

501 1780 669 1842 anomaliae
700 1779 814 1840 mediae
824 1774 857 1852 ¹⁸¹)
889 1777 993 1861 (quam
1026 1780 1065 1842 ad
1099 1780 1155 1843 Oa
1179 1781 1225 1842 vel
1249 1781 1310 1845 EA
1333 1781 1511 1846 distantiam

500 1869 710 1931 inveniendam
726 1869 756 1928 in
773 1867 834 1946 OD,
851 1888 921 1930 arcu
945 1869 1181 1945 numeravimus)
1203 1869 1336 1934 tributus
1355 1881 1407 1935 est
1425 1891 1510 1935 arcus

499 1958 575 2033 ED;
609 1959 652 2020 sic
676 1967 792 2032 tamen,
825 1967 859 2018 ut
881 1957 935 2020 BE
959 1966 989 2019 et
1013 1957 1069 2022 Ac
1094 1979 1150 2020 non
1187 1959 1249 2021 sint
1276 1961 1345 2040 jam
1377 1959 1510 2042 praecise

505 2048 643 2130 paralleli
667 2054 701 2109 ut
724 2047 812 2109 modo
836 2046 941 2127 primo.
984 2047 1060 2123 Hoc,
1084 2047 1214 2129 inquam,
1234 2048 1301 2128 jam
1325 2051 1444 2113 factum
1464 2067 1512 2133 per

162 2142 403 2211 commixtionem
427 2139 643 2223 hypotheseon,
667 2135 740 2196 nihil
765 2155 838 2216 opus
863 2142 911 2196 est
933 2156 1050 2198 rursum
1077 2136 1141 2199 fieri
1164 2157 1217 2218 per
1241 2139 1462 2219 operationem,
1485 2145 1512 2201 ut

48 2224 52 2232 ’
161 2234 250 2299 modo
273 2231 378 2315 primo.
417 2229 478 2292 Sed
500 2228 558 2289 hoc
582 2227 679 2288 solum
703 2225 863 2306 quaeritur,
889 2245 926 2285 an
947 2224 1111 2288 distantiae
1133 2224 1201 2304 AO,
1225 2225 1283 2288 ΑΕ
1307 2247 1438 2308 paucae,
1460 2227 1510 2291 bos

163 2325 266 2405 quinto
290 2320 377 2382 modo
400 2319 546 2381 collectae
570 2315 599 2376 in
619 2334 708 2376 onam
732 2332 886 2389 summam,
912 2312 1040 2376 efficiant
1056 2314 1180 2377 eandem
1203 2316 1419 2397 aequationem
1440 2316 1509 2400 phy·

165 2414 235 2486 sice,
260 2427 349 2492 quam
372 2406 541 2471 commixtis
565 2404 680 2466 duabus
703 2401 920 2484 hypothesibus
944 2405 1069 2466 sortitae
1093 2405 1415 2470 sunt0artificialiter?

252 2500 312 2563 Ubi
335 2498 496 2581 perpende,
521 2493 666 2575 quomodo
697 2512 730 2553 se
757 2492 889 2553 habeant
912 2492 1074 2557 distantiae
1100 2494 1156 2554 hac
1179 2493 1287 2556 ultima
1309 2495 1378 2558 vice
1397 2514 1510 2558 accom-

165 2592 318 2654 modatae.
371 2586 511 2666 Angulus
534 2583 625 2663 igitur
647 2579 748 2656 EAD,
782 2581 865 2660 cujus
895 2581 1039 2643 terminus
1061 2579 1087 2642 E
1112 2583 1206 2643 distat
1229 2604 1248 2644 a
1271 2581 1346 2646 Sole
1372 2584 1511 2648 distantia

165 2678 233 2755 AO,
257 2679 306 2741 hic
329 2675 456 2756 angulus
480 2674 507 2735 in
533 2672 674 2752 aequales
698 2670 809 2749 gradum
833 2670 889 2731 hac
912 2671 1019 2732 ultima
1043 2671 1107 2732 rice
1131 2671 1244 2733 divisus
1267 2683 1317 2734 est
1342 2681 1375 2736 et
1395 2674 1510 2736 cuilibet

156 2752 282 2833 ⁴tributa
304 2787 364 2829 nna
387 2763 542 2826 distantia.
590 2759 659 2831 Qua
688 2759 804 2820 ratione
824 2760 889 2838 jam
911 2759 967 2820 ΕΙ)
991 2779 1078 2822 arcus
1101 2760 1198 2822 ovalis
1220 2762 1304 2838 viae,
1338 2771 1510 2843 superstans

167 2860 211 2922 illi
235 2857 345 2936 angulo
368 2854 473 2923 EAD,
497 2852 562 2913 abit
584 2849 612 2910 in
636 2857 739 2928 partes
762 2848 935 2929 inaequales
959 2855 991 2910 et
1013 2849 1100 2910 nimis
1124 2869 1236 2929 paucas
1259 2851 1449 2915 nanciscitur
1470 2850 1509 2914 di·

166 2947 309 3010 stantias.
361 2945 466 3022 ltaque
490 2960 529 3003 ex
555 2957 670 3002 summa
698 2938 907 2999 distantiarum
940 2938 968 2998 in
992 2937 1079 3000 EAD
1111 2940 1214 3020 nequit
1236 2940 1343 3004 haberi
1368 2940 1510 3005 anomalia

167 3037 267 3100 media
285 3034 350 3114 jam
373 3039 594 3112 praeconcepta
617 3047 654 3089 ex
677 3027 835 3108 hypothesi
858 3027 981 3089 vicaria.

258 3121 515 3194 Quemadmodum
544 3136 613 3179 vero
638 3136 729 3196 supra
751 3117 838 3177 modo
861 3117 971 3197 primo,
1003 3136 1069 3178 cum
1100 3115 1154 3178 CD
1185 3119 1413 3183 nancisceretur
1435 3120 1509 3199 justo

169 3215 326 3298 pauciores
349 3210 520 3283 distantias,
546 3208 642 3269 diviso
666 3206 774 3284 angulo
799 3203 885 3268 OAD
908 3207 938 3267 in
962 3207 1073 3285 gradus
1098 3207 1253 3285 aequales,
1285 3227 1341 3288 pro
1367 3207 1424 3272 OD
1447 3207 1509 3269 sub

170 3304 321 3367 stituimns
352 3299 409 3361 ΕΙ)
445 3300 582 3360 idoneum
620 3313 719 3356 arcum
752 3295 814 3356 illis
851 3295 1018 3364 distantiis,
1056 3296 1100 3356 ita
1132 3296 1188 3356 hoc
1222 3296 1326 3376 quinto
1354 3289 1509 3372 ruodo,”l

168 3374 236 3457 cum
260 3390 315 3454 BD
338 3388 530 3451 nanciscatur
548 3387 632 3465 justo
656 3384 812 3464 panciores
836 3383 1005 3459 distantias,
1030 3385 1126 3445 diviso
1151 3385 1259 3463 angulo
1283 3386 1374 3449 EAD
1396 3387 1428 3448 in
1448 3405 1509 3466 gra·

171 3485 227 3545 dus
250 3481 407 3561 aequales,
432 3478 457 3538 si
481 3494 595 3538 rursum
618 3473 837 3535 inartificialem
860 3474 1038 3535 medicinam
1062 3473 1179 3534 luberet
1202 3475 1355 3556 accipere,
1386 3494 1441 3555 pro
1464 3472 1510 3537 ΕΙ)

171 3570 420 3635 substitueremus
447 3566 520 3639 ND,
549 3564 594 3626 cui
623 3570 795 3641 competant
831 3563 902 3623 illae
938 3563 1111 3624 distantiae.
1157 3561 1209 3625 Sit
1241 3584 1304 3647 pro
1336 3561 1511 3649 quassando

172 3660 328 3726 dictamina
350 3657 407 3720 CA
429 3657 535 3718 modia
558 3651 721 3716 aaoasolto
745 3648 826 3713 CBD
843 3648 980 3714 48044‘.
1017 3653 1110 3715 Dato
1133 3649 1248 3733 anpaolo
1271 3654 1298 3714 B
1325 3663 1357 3717 et
1372 3652 1438 3730 ΟΒ,
1452 3652 1508 3722 ΒΑ,

172 3752 270 3815 daea
293 3748 349 3811 CA
374 3741 503 3810 105784
526 3751 556 3805 et
579 3743 661 3806 CAB
685 3737 754 3801 45⁰.
793 3739 894 3803 Illam
915 3761 985 3804 cero
1009 3740 1066 3804 AG
1080 3743 1173 3827 jabet
1193 3743 1361 3805 accisos
1493 3741 1499 3757 ⁸

172 3839 347 3921 manascere
368 3836 404 3899 io
424 3832 492 3897 An.
537 3832 584 3894 Et
604 3831 749 3913 aosjom
771 3830 835 3909 ΕΙ),
860 3851 954 3912 queam
982 3831 1104 3894 indicat
1132 3831 1254 3894 nicoma
1280 3853 1348 3894 esse
1398 3826 1434 3893 1⁰
1456 3827 1509 3898 22¹,

174 3928 347 3992 dividimas
368 3925 403 3987 in
422 3923 546 4008 madae
572 3918 734 4002 aequales,
759 3939 878 4002 perque
900 3917 975 3982 illae
1005 3918 1185 4003 collepimas
1206 3940 1271 3983 aon
1288 3919 1403 4003 pleom
1425 3936 1509 4005 quast

161 4013 213 4081 ‘41
241 4017 412 4080 diammiaa
443 4021 473 4075 et
496 4019 622 4094 partem
645 4010 683 4070 de
705 4004 757 4070 42.
803 4007 888 4070 Illae
914 4030 985 4071 saro
1011 4012 1046 4072 ia
1076 4029 1230 4071 summam
1258 4012 1417 4096 conpoctas
1444 4028 1509 4074 aaa·

172 4108 277 4184 rident
299 4101 493 4167 nicomediam
518 4100 658 4163 mediam
689 4099 815 4160 minime
837 4119 914 4161 eoae
941 4098 1104 4180 aequalem
1129 4100 1235 4180 primo
1266 4106 1433 4183 susceptae
1452 4093 1508 4167 Dc.

174 4198 232 4261 oea
253 4193 354 4258 otiosa
374 4189 443 4261 Do,
467 4211 548 4274 qaae
571 4185 835 4252 distantiamAO
859 4188 980 4252 eabibet
1001 4188 1257 4270 hamserendam
1279 4189 1314 4251 ia
1335 4189 1408 4254 AN.
1440 4189 1506 4252 Am·

268 4423 296 4497 ⁸)
317 4428 391 4482 Nota
411 4443 463 4497 quo
484 4430 610 4492 respectu
631 4421 675 4474 hic
696 4421 792 4474 media.
834 4419 902 4472 Vide
923 4419 1060 4491 margines
1081 4421 1244 4489 superiores.
1266 4446 1305 4460 -

161 4515 165 4524 '
255 4506 295 4575 ⁸)
316 4510 347 4562 In
368 4507 419 4559 hoc
440 4505 533 4575 quinto
555 4505 632 4556 modo
653 4508 696 4555 est
721 4500 826 4570 quidem
857 4501 995 4553 anomalia
1025 4500 1109 4553 tertia
1129 4501 1218 4563 ΕΑΒ,
1245 4509 1275 4554 et
1295 4499 1358 4570 ejus
1379 4499 1506 4556 anomalis

177 4590 266 4645 media
286 4585 388 4659 (prima
407 4581 514 4644 ordine)
536 4584 582 4635 (Ἰ)
604 4582 648 4635 vel
670 4582 749 4643 CBD,
772 4589 855 4649 atque
877 4582 971 4633 cadom
992 4580 1075 4633 ctiam
1103 4581 1277 4634 distantiaria
1298 4583 1385 4651 ipsius
1407 4584 1453 4636 CA
1471 4578 1506 4631 rel

177 4669 228 4725 ΕΔ
247 4669 404 4725 distantiae.
444 4667 496 4719 Sed
518 4665 628 4732 planusn
648 4663 724 4715 EAD
746 4661 856 4713 metitur
876 4660 994 4730 aliquam
1015 4676 1145 4713 summam
1166 4657 1359 4716 distantiarum
1374 4662 1435 4724 EA.
1455 4664 1505 4718 DA.

178 4751 294 4805 alienam
317 4751 352 4802 ab
373 4748 425 4800 hac
446 4750 600 4813 coaequata
619 4743 702 4804 ΕΔΒ,
725 4749 923 4809 competentem
943 4740 1048 4793 seilicet
1067 4741 1195 4810 temporis
1215 4756 1373 4799 memorans
1391 4743 1444 4814 ipsi
1462 4739 1505 4798 DN

179 4831 262 4896 ueni,
283 4836 313 4882 et
331 4827 408 4882 DAN
430 4830 608 4894 coaequatae.
649 4819 766 4874 Rursum
786 4836 854 4890 ergo
873 4829 1031 4875 monstrum.
