3354 5504
755 325 797 383 n·
817 326 898 386 am
1435 314 1502 391 ιιι

155 509 340 587 efficiemus,
368 519 403 574 ut
426 519 616 592 augmentum
646 513 700 576 liat
729 514 825 593 mains
850 513 877 574 in
902 511 1034 594 copulis,
1067 529 1124 573 non
1151 510 1206 571 liat
1234 506 1333 588 majus
1362 503 1443 580 bin
1467 511 1502 576 ,52
1573 520 1577 527 ’

154 601 321 664 versante?
343 604 393 664 An
418 602 616 681 ingrediemur
638 623 691 684 ρετ
714 603 782 666 dist
807 604 832 674 b
855 599 927 679 εΘ
953 601 1090 681 amplius,
1115 619 1203 681 quam
1225 617 1279 678 ρετ
1296 595 1502 675 1εετίειίοττεττι

155 689 340 753 incitatam?
363 689 444 752 Tunc
467 691 637 753 vitiabimus
662 693 715 754 lat.
739 693 764 764 b
788 693 815 753 in
831 697 872 763 52.
910 693 973 754 Nec
998 710 1090 752 causa
1112 687 1229 770 patebit
1252 686 1323 748 talis
1347 684 1501 766 augmenti

152 781 181 853 J
207 800 228 840 a
251 776 291 857 Θ
311 779 381 842 (11ει.
407 798 497 861 supra
520 801 630 855 verum.
668 782 750 861 Ergo
774 781 906 843 videmur
929 800 964 843 eo
988 780 1093 858 redigi,
1118 787 1150 840 ut
1167 776 1283 858 prosth.
1307 775 1379 837 nodi
1403 775 1502 837 facia-

154 888 222 931 mus
255 879 456 945 menstruam,
489 870 681 932 inclinatione
715 870 816 933 limitis
849 879 987 932 manente
1019 889 1126 930 annua.
1183 865 1285 930 Causa
1318 872 1366 926 est
1395 864 1501 945 procul

154 956 247 1021 dnbio
269 957 300 1019 in
318 957 494 1021 variatione.
532 959 611 1020 Nam
634 960 764 1022 maxima
785 960 898 1040 prosth.
923 958 992 1021 nbdi
1017 967 1063 1020 εει
1085 957 1156 1019 mihi
1183 952 1218 1019 1⁰
1232 952 1296 1029 39‘,
1321 953 1350 1015 id
1370 961 1419 1015 est
1433 950 1499 1027 99⁴,

153 1045 279 1128 duplum
301 1065 372 1108 vero
394 1047 570 1111 variationis
594 1057 641 1109 eet
664 1046 726 1112 81‘.
774 1049 834 1114 Sed
857 1048 985 1110 variatio
1010 1066 1047 1108 ex
1069 1040 1129 1129 5¹l,
1157 1043 1371 1125 appendicibus
1395 1042 1501 1104 diebus

155 1136 290 1198 deducta
312 1143 361 1197 εει
374 1132 427 1210 51,
451 1136 573 1223 duplum
591 1136 662 1213 102,
685 1138 773 1220 plane
798 1138 923 1219 aequale
946 1138 1012 1199 huic
1035 1133 1311 1216 prosthaphaeresi.
1346 1129 1379 1194 Si
1397 1139 1500 1193 tamen
1573 1200 1576 1211 ‚

155 1224 340 1306 duplicanda
362 1224 513 1287 variatio?
551 1227 615 1288 lrno
639 1247 696 1289 non
720 1236 769 1290 est
796 1227 989 1309 duplicanda,
1020 1224 1149 1287 variatio
1172 1245 1202 1285 n.
1227 1229 1276 1284 eet
1303 1230 1420 1284 tantum
1444 1238 1501 1282 ex-

156 1332 266 1377 cessus
288 1314 385 1376 trunci
416 1315 591 1397 quadrantis
622 1336 710 1396 super
738 1325 894 1378 sectorem.
940 1317 987 1379 Ac
1010 1334 1078 1377 cnm
1109 1311 1390 1394 quadransvaleat
1415 1306 1500 1383 1292

156 1409 261 1466 sector
287 1411 394 1465 octans
423 1404 480 1465 erit
503 1399 599 1488 64¹1„
631 1406 708 1467 adde
738 1407 933 1468 variationem
964 1405 1124 1466 maximam
1157 1396 1265 1484 40¹l2‘,
1299 1419 1389 1480 coges
1415 1396 1501 1466 105¹,

154 1493 175 1555 i.
203 1510 232 1555 ε.
258 1487 295 1555 1ο
316 1488 379 1566 45’,
405 1512 470 1555 curn
494 1495 608 1573 prosth.
638 1495 706 1557 nodi
731 1497 772 1557 sit
798 1495 869 1557 mihi
895 1492 931 1556 1⁰
954 1491 1007 1557 39‘
1031 1488 1080 1571 †·
1097 1502 1128 1554 ει
1149 1490 1283 1575 Tychoni
1311 1486 1345 1552 1⁰
1367 1486 1422 1554 481
1447 1485 1498 1565 -l-.

153 1580 238 1644 Ecca
262 1580 489 1663 aequalitatem.
535 1583 616 1664 Ergo
639 1585 725 1646 Luna
751 1604 805 1666 ρετ
833 1582 1029 1645 variationem
1056 1583 1183 1644 incitata
1210 1580 1293 1642 venit
1322 1581 1361 1641 ad
1390 1578 1500 1641 nodum

153 1671 281 1753 perinde
304 1690 339 1732 ac
363 1670 389 1732 ei
413 1672 503 1753 duplo
527 1673 622 1754 magis
645 1694 698 1755 ρετ
714 1673 911 1749 variationem
935 1673 1117 1746 incitaretur,
1141 1678 1211 1733 tunc
1228 1670 1356 1751 quidem,
1381 1666 1500 1747 qnando

153 1765 188 1832 Ω
212 1766 262 1821 εει
283 1759 313 1821 in
338 1768 469 1836 octante,
492 1761 523 1824 h.
548 1783 575 1823 ε.
599 1783 656 1824 non
681 1763 822 1824 incitatur
851 1770 967 1825 tanturn
991 1761 1021 1823 in
1045 1760 1183 1840 longum,
1213 1760 1266 1821 sed
1290 1759 1386 1822 flectit
1409 1756 1500 1818 etiam
1573 1761 1577 1769 '

154 1846 275 1913 cur'snm
298 1868 382 1912 suum
406 1849 435 1911 in
460 1851 538 1913 latus
568 1860 724 1932 utrumque
758 1852 861 1913 eodem
893 1851 1078 1913 incitationis
1111 1851 1230 1931 vigore:
1262 1849 1399 1912 simodo
1428 1862 1501 1908 vera

156 1946 231 2001 eunt
253 1938 391 2019 exempla
413 1939 583 2002 latitudinis
606 1942 635 2004 in
659 1941 830 2003 octantibus
853 1942 931 2022 apud
955 1940 1136 2022 Tychonem.
1368 1996 1371 2001 ,

244 2024 321 2093 Cum
345 2028 435 2108 igitur
459 2029 532 2091 haec
556 2031 626 2092 nodi
648 2030 845 2110 reciprocatio
869 2031 910 2092 sit
933 2038 1049 2092 tantum
1072 2036 1199 2109 propter
1218 2026 1391 2090 latitudines
1414 2027 1441 2099 b
1466 2026 1498 2089 in

153 2117 223 2199 ipso
245 2116 334 2192 nodo,
358 2137 415 2179 non
435 2136 509 2198 opus
524 2127 572 2181 est
590 2119 686 2198 ipsum
710 2127 864 2182 menstrua
886 2119 1045 2181 libratione
1070 2136 1189 2199 semper
1212 2117 1330 2197 aequali
1353 2135 1499 2198 aequare;

154 2205 275 2278 sufficit,
299 2206 381 2267 illum
405 2226 424 2267 a
446 2207 532 2268 Luna
555 2209 679 2270 inveniri
703 2209 754 2283 ibi,
779 2210 827 2271 ubi
841 2217 890 2271 εει
911 2228 965 2288 ρετ
987 2227 1116 2270 annuam
1140 2215 1273 2270 nostram
1297 2205 1495 2269 librationem.
1573 2262 1576 2269 .

153 2293 281 2360 Nam?
314 2294 417 2357 diebus
445 2296 532 2359 Luna
564 2298 646 2359 venit
672 2319 691 2359 a
719 2299 832 2380 quadra
861 2300 890 2360 in
923 2297 1078 2377 copulam,
1112 2306 1219 2360 octavo
1243 2301 1275 2366 ll
1305 2296 1332 2356 iu
1366 2301 1497 2368 uetante,

152 2383 249 2465 igitur
273 2383 402 2463 septimo
425 2404 461 2445 ex
485 2394 571 2447 tanta
594 2386 750 2448 libratione
775 2387 878 2451 vitium
902 2386 1085 2458 estuullum,
1109 2387 1187 2468 quod
1209 2385 1302 2466 probo
1322 2405 1360 2447 ex
1375 2382 1498 2464 eclipsi-

154 2473 223 2548 bus,
247 2481 354 2555 quarto
379 2473 481 2536 itidem
504 2476 624 2552 nullum,
649 2477 718 2556 quia
731 2478 818 2538 Luna
840 2486 909 2538 tunc
924 2475 1039 2537 invenit
1062 2475 1202 2537 libratum
1226 2494 1330 2539 annue.
1370 2470 1498 2546 Quatri-

153 2560 215 2625 dno
238 2569 309 2623 ante
331 2560 457 2643 primurn
479 2572 511 2624 et
533 2573 603 2644 post
625 2566 781 2646 septimum
804 2566 890 2627 Luna
917 2565 1049 2627 venitin
1074 2563 1200 2639 limites,
1225 2564 1266 2626 ibi
1291 2565 1349 2626 etsi
1372 2562 1498 2626 vitiatus

154 2659 205 2715 ast
236 2651 351 2726 nodus,
390 2654 628 2715 contemtissima
659 2664 757 2716 tamen
789 2657 822 2717 fit
851 2655 975 2717 mutatio
1010 2653 1195 2727 latitudiu's:
1236 2662 1267 2715 ει
1302 2662 1350 2715 εει
1379 2652 1499 2734 quidem

152 2739 284 2803 vitiatus
305 2741 411 2803 nodus.
455 2742 534 2804 Nam
557 2742 583 2804 is
606 2745 721 2806 Lunam
752 2745 828 2823 fugit
849 2745 878 2806 in
910 2745 990 2806 latus
1019 2751 1175 2822 utrumque
1204 2743 1233 2803 in
1258 2762 1293 2803 eo
1322 2743 1498 2824 quadrante,
1557 2798 1560 2804 .

153 2830 205 2912 qni
229 2829 321 2891 habet
342 2832 461 2892 nodum.
500 2831 576 2896 cum
599 2833 689 2911 igitur
713 2842 760 2895 est
782 2835 807 2906 1)
829 2834 857 2895 in
878 2826 921 2907 [J.
947 2833 1041 2907 nodus
1064 2840 1114 2893 est
1137 2832 1270 2906 medius;
1293 2831 1347 2892 illa
1371 2836 1499 2892 exeunte

154 2938 264 2981 versus
288 2921 406 2995 nodum,
430 2921 525 2982 nodus
551 2923 627 3001 fugit
648 2942 752 2985 versus
777 2921 888 2998 Solem,
913 2933 945 2983 et
968 2920 1081 2984 recedit
1105 2921 1142 2983 ab
1166 2921 1232 2996 illa,
1256 2919 1307 2982 ubi
1330 2920 1384 2982 illa
1406 2918 1504 2998 traje-

154 3007 234 3072 cerit
255 3008 365 3070 nodum
388 3027 495 3072 versus
518 3009 619 3072 Solem
630 3032 639 3088 ;
664 3020 697 3074 ut
719 3013 782 3091 ipse
806 3020 975 3097 revertatur
997 3012 1036 3072 ad
1058 3011 1156 3072 locum
1178 3010 1317 3086 medinm,
1341 3009 1392 3071 nbi
1415 3008 1502 3070 Luna

155 3099 185 3161 in
211 3100 242 3175 ό
267 3095 305 3175 (⁰)
331 3099 455 3160 venerit.
501 3099 583 3180 Ergo
616 3121 680 3164 curn
703 3103 728 3174 b
755 3108 803 3162 est
834 3110 904 3163 ante
928 3094 963 3166 [l
991 3101 1021 3163 in
1044 3099 1156 3175 limite,
1194 3099 1290 3162 nodus
1327 3118 1385 3161 unu
1425 3095 1504 3176 fugit

152 3206 263 3250 veram
288 3184 340 3264 Θ,
363 3187 411 3250 ubi
437 3197 485 3250 est
506 3208 560 3269 per
583 3209 677 3253 meam
703 3191 891 3253 librationem
920 3210 1064 3265 annuam,
1097 3191 1152 3252 sed
1175 3208 1192 3250 e
1215 3190 1366 3251 contrario
1397 3182 1504 3248 annuit

153 3271 272 3341 lunae
286 3286 317 3336 ει
345 3276 423 3357 sugit
440 3277 546 3358 ¹ipsum
572 3277 622 3358 Θ.
671 3279 745 3344 (lum
778 3280 869 3360 igitur
898 3280 1124 3343 observationes
1155 3279 1310 3359 eclipsium
1341 3282 1501 3348 testentur,

154 3366 205 3429 die
221 3364 350 3447 septimo
367 3367 499 3447 copulari
523 3370 634 3431 nullum
653 3369 715 3432 lieri
735 3369 848 3445 vitium,
874 3378 993 3451 oportet
1010 3388 1104 3450 neque
1119 3369 1147 3431 in
1163 3367 1278 3452 quadra
1300 3366 1362 3428 lieri
1385 3364 1500 3426 vitium.

154 3455 239 3521 sane
263 3455 321 3517 etsi
343 3456 447 3524 lieret.
476 3457 506 3519 id
529 3458 690 3522 difficulter
711 3468 795 3521 esset
817 3459 1023 3530 observabile,
1048 3478 1114 3523 cum
1137 3459 1173 3523 ob
1196 3458 1396 3540 parvitatem,
1424 3470 1501 3535 quae

154 3543 332 3608 destituitur
355 3543 470 3607 Solaria
494 3549 626 3628 corporis
655 3549 818 3622 evidentia,
842 3557 904 3611 turn
928 3549 966 3615 ob
989 3548 1145 3610 raritatem
1172 3547 1376 3620 occasionum,
1400 3542 1497 3612 ubi)
1591 3544 1593 3549 ’

154 3634 320 3697 observata
337 3634 366 3695 iu
381 3627 426 3709 [l‚
441 3640 473 3705 li
498 3635 526 3697 in
551 3647 681 3699 uetante.
719 3636 852 3700 Restant
865 3638 930 3701 dies
947 3637 1111 3699 obviationi
1129 3640 1155 3710 b
1173 3643 1205 3709 Ω
1228 3634 1366 3717 proximi.
1397 3634 1500 3715 Atque

155 3722 181 3788 ei
204 3722 344 3806 proximi,
369 3723 426 3786 ετ1ι
449 3724 540 3786 etiam
562 3728 676 3807 prosth.
698 3727 766 3790 nodi
785 3726 920 3806 proxime
940 3727 1053 3801 eadem,
1078 3734 1110 3788 ct
1128 3728 1171 3790 sic
1189 3726 1324 3809 proxime
1348 3729 1500 3792 correcta3

153 3822 189 3878 nt
211 3814 258 3879 ita
280 3812 365 3878 solae
389 3814 521 3894 quadrae
545 3825 686 3881 maneant
708 3816 739 3880 in
762 3834 919 3896 suspenso,
941 3822 976 3878 ut
998 3815 1121 3880 dictum.
1280 3806 1288 3819 ’

283 4303 389 4369 Libri
415 4323 503 4386 pare
531 4306 662 4370 altera
709 4304 762 4369 De
785 4305 954 4369 doctrina
981 4305 1185 4388 eclipsium.
1220 4305 1304 4390 Cap.
1327 4309 1383 4374 XI.

152 4411 238 4475 (Rue
261 4411 397 4478 miride
415 4425 445 4464 eo
468 4413 608 4477 eemcripta
629 4413 725 4465 ridetur
747 4420 872 4478 tempore,
895 4427 943 4478 qno
965 4414 1071 4478 primurn
1087 4413 1118 4463 de
1137 4414 1311 4480 „lanqueum
1334 4406 1502 4470 meditabatur
1576 4416 1585 4425 “

757 4481 902 4549 Keplarua.)

242 4608 353 4671 Eorum
373 4627 449 4690 quae
466 4609 504 4670 ad
520 4608 685 4673 doctrinam
704 4609 872 4691 eclipticam
896 4609 1065 4672 accuratius
1087 4609 1315 4674 examinandam
1337 4611 1498 4693 pertinent,

152 4698 351 4764 fundamenta
378 4698 479 4779 optica
509 4697 652 4761 hactenus
677 4708 746 4762 sunt
769 4699 985 4762 demonstrata.
1030 4698 1148 4777 Restat,
1169 4698 1257 4763 nobis
1287 4721 1361 4783 opus
1389 4702 1498 4783 ipsum.

151 4788 197 4854 Ut
219 4795 324 4871 autern
341 4788 463 4869 juvetur
486 4789 583 4850 lector
604 4788 635 4850 in
658 4789 854 4853 discernendo
884 4790 1023 4852 instituto
1046 4796 1169 4866 nostro,
1198 4790 1285 4857 simul
1308 4798 1340 4854 ει
1362 4793 1498 4859 necessi-

151 4886 249 4941 tatem
273 4884 378 4941 cernat
400 4894 510 4952 eorum,
533 4896 609 4964 quae
622 4877 670 4942 hic
683 4887 867 4963 repetuntur,
890 4878 1112 4968 praemittenda
1128 4887 1178 4944 est
1192 4879 1332 4965 synopsis
1353 4881 1505 4963 methodi·
1581 4920 1584 4925 -
