3354 5504
143 340 147 350 ·
178 304 244 382 430
659 316 699 370 na
717 317 824 368 nonan
843 314 936 368 serras
953 316 1041 368 uara.

180 493 234 570 Gl,
258 496 347 575 paulo
371 502 471 557 tamen
495 514 627 575 vergens,
646 497 675 557 in
700 498 914 579 consequentia
938 496 1023 576 (quia
1042 495 1112 557 clim
1135 495 1222 555 limes
1240 492 1349 555 Martis
1373 492 1430 555 sub
1450 492 1519 557 linis

179 591 245 646 erat
267 585 356 679 paqlo
380 585 542 664 promotior
565 576 787 671 qnlb'rj.jlrodie)‚
812 595 843 649 et
865 587 1054 648 continuetur·
1077 585 1156 645 ultra
1171 584 1196 658 1,
1221 593 1251 645 et
1275 584 1360 647 exA
1383 570 1520 645 circellns

180 674 339 746 scribat-ur}
370 694 478 734 secans
501 675 555 737 ΡΟ
573 672 670 748 tn'lt,
705 684 735 736 et
759 674 803 737 Gl
832 676 862 736 in
886 676 923 736 ll.
970 674 1019 735 Sit
1042 683 1143 735 autem
1174 673 1311 734 circellus
1335 681 1460 746 tantus,
1488 679 1521 734 nt

180 764 277 843 major
301 764 341 825 sit
365 763 419 826 OF
443 782 529 842 quam
554 762 606 825 Ill.
643 762 685 826 Et
707 774 837 844 ponatur
859 765 945 845 polus
964 764 1077 837 circuli,
1101 761 1156 823 snb
1175 781 1232 842 quo
1247 761 1357 822 Martis
1381 760 1520 822 circuitus

178 853 343 925 ordinatur,
369 852 459 913 hodie
483 854 512 912 in
534 855 569 927 F,
594 853 664 914 olim
687 853 717 913 in
741 856 779 916 H.
826 854 895 916 Erit
917 853 1061 914 hodierna
1085 838 1342 932 obliquitas5,seu
1366 848 1520 912 inclinatio

177 942 258 1023 plani
282 940 388 1002 Martii
421 941 460 1002 ad
490 942 659 1021 eclipticam
688 941 742 1004 OF
773 944 884 1023 major,
916 942 1102 1005 Ptolemaica
1134 940 1179 1001 IH
1210 940 1326 1013 minor;
1356 947 1389 1001 et
1420 946 1520 1001 tamen

177 1028 307 1113 bipptiae
340 1030 457 1092 orbitae
490 1031 576 1110 polus
600 1033 638 1105 ll,
662 1033 688 1093 F
710 1032 790 1093 circa
812 1034 840 1097 A
865 1031 1016 1094 constanti
1046 1030 1206 1091 intervallo
1229 1029 1302 1103 AH,
1326 1028 1385 1091 AF
1415 1026 1521 1088 ivisset

178 1138 217 1189 ex
237 1121 267 1181 Il
289 1119 320 1180 in
344 1122 379 1182 F.
428 1117 561 1199 Cumque
585 1121 671 1199 polus
700 1120 815 1182 orbitae
839 1120 969 1183 Martiae
993 1121 1069 1181 satis
1097 1138 1205 1199 magno
1233 1136 1305 1180 arcu
1328 1118 1366 1179 ab
1391 1116 1422 1179 Η
1444 1116 1522 1179 inl*

178 1210 276 1282 inerit,
302 1228 356 1271 sen
381 1209 409 1269 in
434 1211 648 1289 consequentia
672 1229 724 1271 seu
747 1210 776 1270 iu
801 1209 1028 1293 antecedentia:
1053 1208 1123 1291 quia
1145 1215 1245 1269 tamen
1269 1214 1335 1289 una'·
1357 1205 1521 1291 ivit-polus

180 1298 338 1378 eclipticas
364 1298 402 1358 ab
418 1297 433 1358 Ι
449 1296 528 1381 ¹inO
553 1298 642 1359 circa·
656 1299 734 1360 idem
757 1309 896 1378 puuctum
913 1301 953 1372 A,
975 1298 1126 1360 videretur
1148 1297 1234 1379 polus
1253 1288 1365 1358 Mariis
1387 1293 1520 1376 proxime

183 1388 350 1468 quievisse,
377 1385 446 1465 quia
468 1389 512 1448 ΙΗ
535 1397 566 1448 et
589 1387 642 1450 OF
665 1389 726 1448 fere
750 1389 894 1467 paralleli.

266 1478 411 1555 Magnam
448 1477 555 1556 quippe
585 1475 830 1557 inaequalitatem
863 1485 961 1540 motus
985 1477 1130 1538 uodomm
1152 1473 1290 1552 consequi
1315 1490 1442 1534 necesse
1465 1479 1518 1546 est,

175 1565 208 1626 si
231 1566 287 1627 hoc
312 1583 413 1643 requi
438 1574 494 1639 est,
517 1566 605 1645 polos
631 1565 816 1645 singulorum
846 1568 1033 1648 planetarum
1059 1564 1160 1646 polum
1183 1562 1313 1643 aliquem
1336 1578 1518 1623 communem

181 1664 315 1735 tempore
340 1674 397 1714 non
421 1655 523 1714 eodem
547 1655 711 1718 circumire.
753 1656 831 1717 Nam
854 1663 885 1717 et
907 1656 1001 1735 ipsius
1023 1651 1242 1736 praecessionis
1265 1650 1517 1730 aequinoctiorum

179 1744 248 1805 hinc
272 1743 373 1821 aliqua
404 1744 539 1827 adscit&
556 1744 716 1819 ariomalia
741 1745 824 1825 cujus
847 1745 999 1825 negotium
1023 1742 1093 1806 huic
1114 1743 1203 1824 plane
1226 1740 1323 1803 simile
1346 1746 1407 1801 est.
1452 1737 1518 1800 Dixi

179 1832 248 1912 quid
272 1832 313 1892 sit
335 1841 564 1894 consentaneum
587 1833 740 1912 principiis
763 1834 819 1895 hoc
843 1854 932 1913 opere
956 1832 1138 1906 constitutis,
1163 1840 1193 1893 et
1216 1830 1324 1910 quibus
1342 1825 1516 1910 hypothesi·

180 1922 234 1982 bus
257 1920 354 2001 possit
378 1921 432 1981 hoo
454 1922 620 2000 praestari,
657 1933 690 1983 ut
712 1922 921 1985 inclinationes
940 1923 1100 2005 planorum
1122 1920 1191 1982 aliis
1214 1918 1324 1980 seculis
1347 1918 1411 1979 sint
1433 1916 1515 1978 aliae.

181 2011 345 2070 Videamus
375 2029 451 2070 nuuc
474 2010 633 2071 observata
656 2008 829 2075 Mamaea
877 2011 952 2076 Cum
975 2011 1053 2073 euim
1076 2009 1185 2073 Martis
1208 2007 1335 2071 latltndo
1360 2007 1455 2069 borea
1481 2004 1517 2069 sil

179 2118 244 2160 cum
268 2099 355 2159 corde
378 2098 504 2172 Leonis,
529 2100 589 2160 fixa
611 2100 738 2174 boreali;
769 2100 903 2162 austrina
925 2120 992 2161 cunr
1009 2100 1107 2162 stellis
1126 2097 1303 2179 Capricorni
1318 2095 1515 2158 australibus:

178 2198 410 2273 consentaneum
433 2196 488 2259 est,
514 2188 592 2249 idem
616 2188 761 2250 accidisse
784 2189 993 2252 latitudinibus
1017 2188 1154 2250 maximis
1177 2185 1299 2260 Martis,
1322 2185 1403 2266 quod
1422 2183 1514 2246 stellis

179 2270 252 2369 ΗΜ,
275 2285 307 2336 ut
330 2285 453 2355 utraque
478 2277 614 2351 ereverit,
638 2279 707 2359 quia
729 2279 847 2340 illorum
870 2277 1044 2340 latitudines
1060 2287 1228 2350 creverunt,
1251 2292 1358 2355 nempe
1380 2270 1514 2336 borealea

179 2365 259 2429 cir'cn
293 2364 456 2426 solstitium
493 2366 654 2442 aestivum,
690 2367 839 2430 australes
866 2368 946 2430 circa
981 2367 1145 2428 hibernum.
1198 2364 1392 2426 Ptolemaeus
1428 2362 1514 2443 igitur

181 2450 341 2533 mstmam
362 2454 472 2515 Martis
494 2453 643 2518 borealem
667 2457 854 2519 latitudinem
878 2456 1069 2518 observatam
1092 2456 1136 2517 ait
1158 2450 1197 2517 4⁰
1218 2450 1286 2528 20¹,
1324 2471 1401 2533 quae
1431 2448 1514 2515 bodio

179 2550 228 2605 est
250 2536 289 2607 4ο
311 2540 374 2605 32’.
413 2542 577 2606 Confirmat
600 2545 690 2624 igitur
711 2546 760 2607 hic
783 2554 917 2607 nostram
931 2544 1109 2625 opinionem,
1128 2545 1198 2625 quia
1216 2542 1406 2604 latitudinem
1420 2541 1514 2605 maai·

182 2649 261 2694 mam
287 2628 338 2694 12‘
360 2631 503 2693 minorem
527 2633 648 2694 exbibet
670 2635 825 2709 bodiema,
847 2635 934 2696 nodis
956 2635 985 2696 in
1010 2635 1113 2695 eadem
1137 2653 1202 2695 cum
1225 2632 1371 2693 hodierna
1384 2633 1515 2712 proxime

181 2709 325 2783 distantia
349 2721 386 2782 ab
409 2720 529 2802 aphelio
552 2723 800 2802 permanentibus.
845 2725 889 2788 At
919 2732 1023 2785 eontra
1050 2723 1236 2784 latitudinem
1258 2721 1425 2815 austqinam
1447 2710 1516 2785 facil

182 2807 220 2874 7⁰
240 2811 389 2892 proxime,
421 2829 487 2872 cum
510 2819 542 2872 et
563 2810 651 2873 hodie
675 2820 760 2874 tauta
783 2833 850 2875 esse
872 2813 980 2893 possit,
1006 2812 1121 2874 scilicet
1143 2806 1182 2875 6⁰
1204 2804 1311 2891 5²¹},t
1350 2809 1449 2889 Igitur
1466 2828 1516 2893 per

182 2900 262 2983 ejus
279 2899 505 2961 observationes
537 2900 567 2961 in
597 2919 742 2981 suspenso
771 2901 971 2984 relinquimur.
1023 2902 1101 2963 Nam
1129 2901 1206 2982 quod
1235 2898 1310 2960 haec
1335 2898 1388 2961 12⁴
1412 2898 1516 2963 attinet

183 2989 215 3050 in
284 2988 396 3049 'tudine
419 2988 543 3062 boreali,
569 2989 729 3062 sciendum,
755 2992 820 3069 ejus
843 2990 1029 3053 instrumenti
1053 2999 1157 3071 partes
1180 2987 1318 3051 minimas
1342 2988 1445 3049 valere
1471 2985 1515 3052 pqr

179 3087 210 3138 et
231 3096 255 3158 p
283 3096 395 3156 mnque
418 3077 455 3138 ab
479 3076 545 3157 ipso
567 3079 654 3140 unius
678 3079 845 3159 hujusmodi
871 3079 1069 3160 quantitatem
1092 3079 1121 3139 in
1146 3096 1245 3140 errore
1259 3076 1341 3156 poni.
1380 3077 1424 3139 Et
1443 3077 1516 3139 inter

180 3165 316 3231 Graecas
339 3175 443 3242 notas,
467 3186 541 3246 quae
566 3165 620 3231 20‘
644 3176 676 3229 et
699 3187 774 3248 quae
798 3166 852 3231 40¹
875 3168 1058 3248 significant,
1089 3167 1226 3247 exiguum
1250 3174 1282 3226 et
1304 3165 1451 3228 lubricum
1473 3172 1516 3227 eat

181 3256 352 3326 dhcrimcn,
377 3274 466 3335 saepe
490 3256 659 3335 neglectum
683 3256 720 3317 ab
743 3257 954 3338 interpretibus
962 3276 972 3331 ;
999 3257 1056 3319 etsi
1079 3257 1180 3318 Arabs
1203 3255 1252 3318 bic
1274 3256 1369 3317 vertit
1391 3251 1456 3318 20¹.

267 3344 351 3407 Nibil
374 3351 532 3424 praeterea
555 3354 656 3406 exstat
679 3347 707 3407 in
724 3346 917 3421 Ptolemaeo,
941 3347 1018 3427 quod
1042 3365 1096 3408 nos
1119 3365 1207 3407 manu
1231 3346 1338 3407 ducere
1363 3345 1463 3425 possit
1481 3341 1515 3406 ad

177 3433 371 3513 judicandum
394 3433 430 3494 de
455 3441 537 3495 statu
560 3435 681 3514 antiquo
704 3435 809 3497 harum
832 3454 939 3498 rerum.
968 3436 1046 3498 Nam
1066 3434 1237 3496 observatio
1258 3430 1358 3514 capite
1379 3434 1522 3514 sequeno*

181 3522 296 3586 LXIX.
327 3521 500 3583 examinata
529 3523 639 3585 erroris
671 3524 814 3604 arguitur.
869 3526 948 3587 Dum
978 3524 1070 3604 igitur
1099 3525 1296 3586 destituamur
1322 3522 1442 3585 idoneis
1464 3520 1522 3589 ob.

181 3608 402 3693 servamus
425 3612 628 3691 antiquitatis,
655 3612 737 3692 cogit
759 3633 814 3674 nos
838 3613 904 3694 ipsa
926 3612 969 3675 rei
993 3613 1130 3687 conditio,
1155 3613 1232 3674 hanc
1255 3612 1292 3674 de
1316 3621 1400 3674 motu
1424 3610 1512 3675 nodo·

179 3720 242 3762 rum
274 3699 521 3779 disputationem,
557 3710 592 3765 ut
615 3703 710 3764 multa
742 3700 816 3776 alia,
846 3703 1012 3785 relinquere
1044 3703 1230 3782 posteritati3
1272 3701 1427 3785 siquidem
1455 3678 1523 3763 itur

172 3790 325 3877 placuerit
348 3789 463 3869 justam
494 3789 622 3852 humano
651 3786 752 3869 galeri
782 3792 909 3873 spatium
931 3791 1075 3873 ¹temporis
1098 3792 1128 3853 iu
1151 3792 1208 3853 hoc
1231 3790 1342 3854 mundo
1365 3788 1523 3875 indulges,

72 3934 79 3949 ,
177 3879 215 3961 ad
240 3878 359 3941 residua
382 3879 443 3940 ista
465 3868 665 3958 perdiscenda
681 3873 749 3954 Μ”).
810 3872 813 3877 ’
840 3880 859 3969 '¹
928 3878 950 3917 '³'
1409 3904 1419 3925 -·
1489 3870 1523 3943 θ.

1400 3940 1523 3985 ·“ἠ·

1375 4010 1511 4093 &a

1332 4118 1450 4261 aa

180 4445 515 4514 neocaesariensium
539 4444 866 4513 Ptolemaicarum
894 4449 1161 4512 adamationem:
1191 4456 1220 4510 et
1242 4452 1395 4514 omerio
1416 4336 1513 4514 ml

514 4535 613 4598 medii
634 4544 793 4620 nactasque
815 4537 935 4620 opterit
957 4546 986 4601 et
1006 4538 1169 4601 nodosam.
1368 4564 1415 4645 θ,
1494 4558 1520 4587 .-

159 4244 193 4321 ἶῇ
704 4285 822 4386 Caput
852 4284 988 4361 LXIX.

235 4677 317 4761 'ER
343 4678 525 4760 antiquitate
555 4677 633 4738 omni
666 4676 891 4741 observationes
919 4681 1026 4742 stellae
1050 4678 1157 4740 Martis
1184 4634 1507 4830 uou‘plure'tl'llquiuque

178 4788 215 4830 ex
238 4758 420 4846 consignatis
444 4775 620 4846 supersunt;
644 4773 676 4826 et
699 4785 757 4828 uua
779 4769 989 4849 antiquissima
1011 4768 1049 4829 ab
1071 4767 1238 4830 Aristotele
1275 4770 1443 4857 onsfipta,
1466 4766 1507 4850 qni

177 4860 309 4923 Martem
339 4876 358 4917 a
381 4856 484 4918 Lunae
512 4851 685 4918 dimidiatae
712 4866 800 4936 parte
828 4856 956 4922 obscura
984 4857 1046 4941 tegi
1068 4857 1153 4921 vidit
1199 4858 1321 4922 Atuec'
1344 4879 1439 4925 annus
1459 4876 1507 4923 uec
