3354 5504
726 288 768 340 12.
788 288 844 342 ona
863 287 941 341 1606.

513 470 646 526 Reductio
667 473 702 525 ad
722 469 897 525 meridianum
918 468 1157 540 Uraniburgioum.

531 584 641 634 Hondius
660 585 770 634 Londino
789 584 833 633 dat
850 584 915 648 long.
936 578 984 631 27ο
998 580 1041 632 32’
1060 584 1116 632 circ.

765 656 918 719 Uraniburgo
937 653 980 703 41.
999 653 1033 702 ln

769 744 918 794 Ditierentia
936 744 977 791 11.
1000 740 1040 792 13.
1076 744 1161 807 Temp.
1181 739 1233 791 57¹.

505 817 569 882 Ergo
588 816 652 881 quod
669 822 708 866 est
725 816 830 866 Londini
843 804 872 864 lu.
895 815 917 863 l.
936 812 978 933 ἐξ.
998 811 1032 862 30
1112 879 1114 882 y

575 976 600 1024 id
619 977 665 1025 erit
682 975 829 1040 Urauiburgi
847 975 871 1023 h.
892 973 916 1022 2.
937 973 980 1023 22.
1000 972 1034 1023 30

511 1045 625 1096 Calculus
643 1046 765 1111 Tychonis
783 1047 827 1095 dat
843 1046 868 1094 h.
888 1043 913 1093 2.
935 1042 975 1093 13.
996 1043 1037 1094 37.
1067 1043 1162 1093 Tabula
1179 1057 1236 1093 mea
1253 1054 1347 1107 magna
1359 1041 1506 1091 Germaniae

160 1115 239 1164 habet
262 1115 326 1164 inter
350 1115 529 1182 Uraniburgnm
555 1124 580 1166 et
605 1116 717 1168 caletum
742 1114 784 1166 40.
820 1117 885 1166 Hinc
911 1132 987 1181 usque
1014 1116 1152 1165 Loudiuum
1178 1120 1291 1164 numerat
1313 1113 1434 1177 Ouganus
1455 1110 1503 1168 153

160 1200 260 1234 summa
279 1182 320 1235 tt.
357 1186 406 1236 Sed
426 1186 548 1253 Origauus
566 1203 704 1252 perperam,
723 1191 781 1254 quia
798 1204 846 1237 uon
863 1196 922 1237 runt
938 1189 1004 1238 ultra
1021 1183 1076 1238 12⁰.
1110 1180 1175 1238 'Mon
1191 1185 1333 1238 universalis
1350 1183 1426 1234 habet
1442 1184 1507 1233 inter

160 1257 312 1323 Uraniburg.
332 1264 357 1308 et
375 1259 513 1312 Londinum
535 1255 582 1310 12ο
599 1259 642 1311 15’
662 1262 771 1319 circiter,
790 1274 853 1326 quae
870 1266 928 1311 suut
946 1259 998 1310 51‘.

747 1485 923 1500 m

251 1697 280 1746 In
302 1696 378 1747 litoris
403 1695 435 1745 ad
453 1695 648 1747 liautouncrium
671 1702 697 1746 ct
716 1695 860 1760 Coignetum
879 1696 945 1746 datis
962 1695 1083 1760 Koplerus
1101 1695 1197 1760 propius
1215 1694 1268 1743 adit
1286 1707 1325 1751 ea,
1344 1707 1407 1757 qnae
1425 1691 1507 1741 libello
1537 1740 1543 1765 Ι

161 1782 207 1817 sno
226 1770 381 1831 spectaverit.
400 1782 473 1832 quam
492 1768 522 1816 ob
540 1783 591 1817 rem
608 1769 693 1818 literas
707 1768 738 1817 ad
751 1775 879 1832 utrumque
892 1767 964 1817 datas
977 1767 1154 1833 subjungimus,
1173 1766 1266 1815 omissis
1284 1765 1321 1822 iis,
1341 1777 1404 1829 quae
1417 1780 1440 1830 p.
1454 1760 1506 1813 457

161 1855 193 1888 ex
212 1840 287 1888 literis
306 1840 337 1888 ad
355 1838 551 1888 Nautonnerium
570 1840 740 1904 excerpsimus.

252 1928 322 1978 Haec
340 1929 415 1994 igitur
432 1929 530 1992 scripsit
546 1928 668 1994 Kepleros
686 1927 871 1978 Nautounerio:

252 1999 460 2061 illustrissime
482 1999 629 2062 Domine!
665 1999 758 2062 Liber
780 2006 848 2060 tuns
872 1998 1014 2060 idiomate
1030 1996 1148 2061 Gallico
1171 1997 1358 2077 conscriptus
1376 1997 1506 2076 Pragam

165 2107 281 2170 quoque
303 2088 482 2168 importatas
504 2098 562 2161 est,
586 2089 665 2150 etin
685 2085 883 2150 bibliothecas
902 2087 1142 2149 doctissimorum
1160 2088 1299 2161 virorum,
1323 2104 1397 2166 quos
1415 2084 1507 2146 habet

164 2179 236 2239 aula
252 2177 413 2251 Caesarea,
439 2177 613 2260 acquisitus.
646 2178 722 2257 Ejus
743 2177 817 2239 mihi
839 2177 957 2256 legendi
980 2176 1096 2256 copiam
1119 2177 1191 2237 iecit
1209 2174 1256 2237 Ill.
1273 2178 1311 2238 D.
1331 2176 1374 2256 Μ.
1389 2174 1505 2236 Wack-

161 2266 266 2328 herius
288 2287 307 2327 a
328 2266 543 2343 Wackeniels,
575 2266 608 2329 S.
634 2264 669 2330 C.
693 2267 737 2328 M.
768 2287 786 2327 a
816 2265 949 2329 consiliis
977 2267 1064 2328 aulae
1087 2265 1285 2346 Imperialio.⁴
1312 2263 1379 2335 Quo
1408 2263 1526 2324 miuus⁵

160 2357 227 2436 jam
258 2363 354 2417 totum
382 2356 545 2419 evolverim
576 2356 787 2438 impedimento
815 2355 873 2417 fuit
905 2355 1057 2417 idiomatis
1087 2354 1239 2434 pertenuis
1277 2353 1425 2433 cognitio,
1458 2351 1506 2413 vel

164 2444 238 2507 olim
260 2444 393 2507 aGallis
414 2444 514 2524 pueris
536 2443 565 2507 in
583 2444 746 2509 Germania
764 2444 873 2506 hausta
894 2445 943 2506 vel
966 2464 1022 2506 usu
1045 2445 1185 2506 librorum
1209 2445 1325 2505 interea
1348 2441 1504 2523 acquisita.

163 2535 261 2596 Lecta
284 2533 422 2614 epistola,
444 2534 474 2594 in
498 2553 556 2614 qua
579 2535 707 2596 lectores
730 2534 901 2614 alloqueris,
924 2533 1013 2595 valde
1037 2533 1079 2595 iui
1102 2534 1287 2595 exhilaratus
1311 2530 1505 2611 similitudine

165 2622 266 2697 studii,
292 2642 349 2703 quo
373 2642 458 2684 suum
480 2631 604 2705 uterque
627 2623 779 2702 negotium
802 2623 932 2704 agimus,
955 2630 988 2686 tu
1011 2623 1223 2702 magneticum‚
1247 2640 1303 2700 ego
1327 2620 1505 2700 eclipticum.

164 2713 270 2793 ltaque
293 2720 325 2772 et
348 2711 467 2790 dignam
486 2720 568 2775 tuam
586 2713 764 2793 petitionem
782 2711 926 2791 judicavi,
949 2712 995 2773 cui
1019 2720 1160 2793 quantum
1184 2711 1214 2772 in
1236 2730 1283 2773 me
1307 2718 1390 2771 esset
1412 2709 1506 2771 satis-

163 2802 263 2873 fieret,
294 2808 325 2861 et
348 2801 474 2862 maxime
498 2811 528 2862 te
551 2802 705 2874 idoneum,
728 2801 776 2862 cui
799 2800 930 2862 vicissim
954 2820 1051 2862 meum
1073 2801 1224 2880 negotium
1248 2799 1505 2860 communicarem.

165 2890 234 2961 Quo
257 2889 376 2970 quidem
398 2909 436 2950 ex
459 2890 548 2951 animi
572 2891 722 2953 sententia
744 2891 895 2966 consecto,
917 2891 986 2970 plns
1009 2891 1047 2951 ad
1071 2899 1151 2951 tuurn
1175 2890 1280 2950 afferre
1304 2896 1408 2967 potero
1433 2887 1506 2948 s'ub-

164 2978 242 3050 sidii,
267 2997 355 3058 quam
378 2979 405 3039 si
420 2979 555 3040 Lunares
578 2999 677 3041 meras
700 2998 834 3041 curarem
857 2987 889 3040 et
911 2998 1051 3061 sequerer
1074 2979 1213 3057 eclipses.
1232 3009 1272 3019 -
1290 2977 1375 3040 Petis
1398 2977 1505 3038 obser·

163 3067 300 3129 vationes
327 3062 492 3129 Lunarium
525 3069 698 3148 eclipsinm;
731 3086 784 3129 eas
816 3087 854 3128 ex
883 3068 942 3130 lide
973 3068 1236 3131 instrumentorum
1269 3076 1300 3128 et
1332 3064 1505 3146 diligentiae

163 3156 317 3217 adhibitae
340 3156 442 3236 accipe
465 3157 522 3219 hac
545 3158 724 3231 conditione,
748 3165 782 3218 ut
800 3158 960 3220 earundem
979 3157 1206 3221 observationes
1229 3155 1363 3218 vicissim
1385 3160 1505 3216 vestras

163 3254 196 3307 et
219 3263 274 3323 ego
298 3246 464 3307 nanciscar.

251 3336 341 3396 Auno
365 3331 457 3397 1603.
487 3333 536 3398 18.
555 3335 633 3396 Nov.
657 3336 775 3414 Prsgae
798 3335 997 3396 Bohemomm
1020 3337 1058 3397 ad
1081 3336 1255 3398 Muldavam
1278 3333 1407 3407 fluvium,
1431 3350 1506 3412 qnae

163 3424 193 3483 in
207 3422 310 3484 Albim
334 3424 456 3484 incurrit
479 3424 612 3505 (quidam
635 3422 797 3503 Casurgirrt
809 3425 974 3487 Ptolemaei
1000 3444 1066 3487 esse
1090 3425 1272 3494 existimant,
1295 3423 1346 3483 alii
1361 3412 1505 3501 negant),

163 3511 284 3590 eclipsis
318 3511 416 3591 coepit
448 3511 506 3575 10.
527 3520 686 3592 postquam
716 3513 910 3574 culminasset
939 3514 1043 3576 dexter
1070 3514 1208 3577 humems
1237 3511 1382 3593 Aquarii3
1416 3509 1507 3570 desiit

163 3599 195 3663 3⁴
218 3607 377 3679 postquam
400 3601 595 3664 culminasset
622 3610 712 3681 caput
734 3602 964 3677 Andromedae;
995 3603 1110 3666 initium
1141 3621 1211 3681 ergo
1235 3601 1264 3662 h.
1289 3599 1319 3664 6.
1344 3597 1408 3676 21’,
1440 3617 1506 3660 me-

162 3690 242 3751 dium
265 3690 295 3751 h.
321 3689 351 3749 7.
380 3687 444 3763 19‘,
469 3692 536 3752 linis
559 3691 589 3752 h.
613 3687 643 3752 8.
674 3690 737 3764 17¹,
766 3700 799 3752 ut
820 3700 995 3753 annotatum
1018 3693 1150 3755 invenies
1173 3694 1202 3754 in
1227 3689 1339 3771 Optica
1365 3689 1416 3751 fol.
1440 3684 1505 3751 412
1597 3718 1602 3727 .

162 3779 223 3852 (11,
256 3773 345 3851 384).
391 3779 480 3840 Anno
514 3775 605 3843 1605.
636 3775 667 3841 3.
697 3780 773 3859 Apr.
807 3780 928 3860 eclipsis
958 3782 1061 3844 Lunae
1093 3789 1232 3844 accurate
1265 3781 1426 3841 observata
1457 3786 1507 3838 eet

161 3867 392 3929 dnobuslocis:
421 3870 539 3949 Pragae
563 3868 646 3929 etin
670 3868 784 3931 Frisiae
808 3870 963 3933 orientalis
986 3889 1064 3952 pago
1088 3871 1224 3943 Ostelae,
1247 3886 1339 3951 prope
1362 3866 1506 3933 eunoun

161 3956 279 4017 comitis
305 3956 454 4036 oppidum.
501 3962 610 4022 initium
630 3968 741 4039 Progne
761 3970 788 4023 h.
810 3968 836 4025 7.
859 3964 914 4026 38‘.
957 3964 1189 4027 ostelee7.1l¹

504 4048 624 4102 Medium
679 4089 693 4111 „
765 4089 779 4113 „
812 4044 908 4106 9.17.
1012 4091 1025 4113 „
1092 4045 1119 4108 8.
1141 4045 1188 4118 52,

164 4202 172 4219 ⁰
504 4128 577 4182 Finis
682 4169 695 4191 „
767 4124 838 4193 ..10.
860 4123 905 4183 56.
1009 4171 1023 4193 „
1074 4128 1187 4187 1030.
1222 4127 1393 4192 Consensus
1413 4147 1506 4190 causa

159 4215 323 4288 annotavi,
351 4216 429 4295 qnod
458 4216 548 4295 paulo
571 4225 641 4277 ante
663 4215 692 4277 h.
718 4212 747 4279 9.
773 4214 827 4280 20‘
850 4217 929 4278 linea
952 4237 989 4279 ex
1017 4218 1178 4298 superstite
1201 4220 1267 4281 loco
1291 4218 1504 4281 circumferen-

159 4304 222 4365 tiae
244 4323 298 4383 per
321 4312 453 4366 centrum
476 4306 580 4366 Lunae
604 4306 694 4367 ducta
721 4305 859 4367 inciderit
889 4307 918 4367 iu
950 4309 1132 4386 praecedens
1162 4327 1240 4387 genu
1262 4307 1393 4369 Bootis.
1425 4304 1504 4368 Hinc
1557 4350 1559 4356 ·

159 4391 329 4454 differentia
347 4393 578 4455 meridianorum
595 4395 632 4455 ad
653 4413 797 4456 summum
816 4388 876 4478 6¹i4
886 4391 906 4454 ⁰.
937 4398 973 4459 In
988 4397 1098 4477 Optica
1115 4397 1202 4477 posui
1225 4397 1327 4476 plures
1350 4395 1504 4475 eclipsium

160 4481 387 4544 observationes
412 4485 460 4553 (nt
479 4490 511 4543 et
526 4483 606 4555 illas,
631 4504 704 4564 quas
720 4485 810 4564 petis,
835 4506 863 4545 a.
884 4481 974 4547 1601.
995 4484 1024 4549 9.
1041 4489 1127 4560 Dec,
1150 4486 1278 4546 medium
1294 4485 1323 4546 h.
1338 4481 1369 4547 6.
1386 4480 1450 4559 59¹,
1474 4492 1506 4547 ct
1609 4498 1611 4503 '
1671 4458 1672 4462 ¹

159 4592 188 4631 a.
217 4567 309 4634 1603.
336 4567 387 4634 24.
411 4572 504 4651 Maji,
535 4572 663 4634 medium
686 4574 716 4635 h.
744 4569 839 4655 12¹i2.
886 4575 947 4636 Sed
971 4575 1021 4635 fol.
1047 4571 1111 4637 372
1134 4580 1210 4644 (360)
1238 4584 1286 4635 est
1308 4573 1504 4634 hallucinatio

159 4660 286 4734 calculi,
318 4679 355 4721 ex
385 4662 447 4723 suis
471 4660 622 4740 principiis
654 4663 814 4723 etiamnum
831 4662 1049 4748 ‚restituenda3
1083 4666 1199 4725 duratio
1231 4663 1308 4725 enim
1332 4662 1520 4743 Tychonioa=

160 4758 210 4810 est
231 4749 391 4811 etiamnum
414 4751 511 4812 minor
533 4757 623 4822 (comp.
643 4759 677 4816 11,
696 4757 768 4821 139).
814 4752 855 4813 Et
878 4753 929 4813 fol.
955 4749 1019 4814 374
1043 4758 1136 4823 oeli:
1167 4753 1216 4814 hin
1244 4754 1328 4814 locus
1352 4748 1372 4828 ii
1395 4759 1444 4812 est
1467 4770 1504 4813 ex

158 4837 294 4917 Msgiuo.
341 4840 419 4903 Nam
438 4859 480 4923 ,ex
501 4839 604 4919 posita
627 4838 838 4905 observatione
861 4840 995 4928 seqnitur
1018 4838 1058 4906 0⁰
1079 4839 1111 4905 4’
1135 4847 1194 4918 s),
1226 4841 1317 4904 etiam
1339 4839 1504 4909 Solarium.
