3354 5504
541 287 573 343 de
591 288 778 341 Commentariis
797 287 828 339 de
845 293 914 339 motu
932 287 1020 339 muas
1038 287 1135 339 Martis.
1470 283 1513 353 29

159 476 241 541 labor
265 482 324 536 est.
364 475 407 536 Et
428 480 531 534 tamen
552 488 608 553 per
628 470 781 533 biennium
804 467 999 531 Theoriae
1023 467 1167 531 Martis
1191 468 1344 549 insudavi,
1367 490 1423 536 uec
1440 495 1516 557 poe-

159 570 248 645 nitet;
273 564 392 627 obtinui
415 561 494 625 euim
517 563 585 638 hoo,
609 568 643 624 ut
664 561 778 642 possim
802 566 976 640 computare
991 558 1090 620 locum
1105 559 1226 637 Martis,
1251 573 1393 644 quantum
1413 587 1516 631 omues

160 660 219 739 ejus
245 654 481 719 observationes
503 659 671 726 testantur,
701 659 765 713 tam
785 649 940 732 praecise,
963 667 1051 730 quam
1075 648 1178 731 Tyoho
1203 651 1301 716 locum
1324 655 1408 721 Solis
1431 678 1516 722 com-

158 756 261 831 putare
285 751 393 826 potest
424 742 540 817 (omnia
571 742 707 804 adhaec
730 740 1029 820 nostratempora).
1074 739 1240 823 Praeterea
1272 747 1381 825 agnovi
1413 769 1517 812 voram

160 847 296 901 naturam
322 838 472 908 (motuum),
504 832 582 913 quod
613 830 795 910 magnifacio
828 836 859 891 et
885 827 1104 908 iucundissime
1137 834 1332 916 contemplor.
1379 840 1516 921 Denique
1601 856 1604 862 ’

160 928 260 991 Solem
284 922 316 986 in
341 922 464 985 theoria
484 922 594 987 Martis
621 928 765 1002 tauquam
796 919 826 981 iu
859 919 982 999 specula
1014 938 1080 980 sum
1113 923 1350 1003 contemplatus,
1383 927 1454 1008 quid
1486 938 1518 993 et

160 1024 300 1099 quantum
326 1013 353 1076 is
378 1006 486 1074 efficiat
508 1013 539 1075 iu
563 1010 700 1073 omnibus
722 1008 871 1091 planetis3
896 1028 934 1070 ex
948 1009 1049 1070 Marte
1066 1027 1136 1070 vern
1153 1014 1320 1093 exemplum
1344 1018 1409 1098 eepi
1422 1025 1517 1082 -trac-

162 1106 320 1170 tandorum
343 1110 521 1165 ceterorum.
565 1103 612 1164 De
636 1098 845 1180 praesentibus
869 1098 970 1178 itaque
994 1098 1179 1179 temporibus
1202 1120 1256 1182 per
1280 1123 1384 1168 ornnes
1414 1115 1516 1172 astro-

161 1197 276 1261 nomiae
299 1200 408 1274 partes
437 1192 549 1272 optima
578 1209 712 1271 quaeque
745 1207 849 1270 spero,
881 1205 957 1269 quae
987 1206 1059 1249 vero
1090 1188 1126 1249 de
1156 1193 1329 1271 praeteritis
1353 1202 1385 1258 et
1409 1197 1516 1263 intruis

161 1306 272 1359 moues,
296 1302 373 1344 vera
394 1302 442 1344 me
465 1299 581 1363 quoque
604 1277 779 1341 existimare
801 1285 875 1359 puto
898 1284 929 1339 te
954 1276 1040 1338 scire.
1079 1277 1125 1339 At
1150 1299 1209 1341 non
1233 1281 1301 1344 ideo
1325 1285 1431 1355 omnis.
1445 1307 1518 1351 cura

162 1373 348 1455 deponenda,
374 1372 400 1433 si
425 1391 569 1433 summam
592 1367 812 1451 praecisionem
836 1365 958 1447 assequi
981 1366 1146 1447 nequimus.
1193 1370 1378 1437 incertitudo
1409 1375 1515 1439 ohser-

162 1465 315 1527 vatiouum
338 1469 474 1537 veterum
495 1480 555 1525 uon
577 1466 664 1521 tanta
688 1466 751 1532 est,
784 1466 817 1521 ut
847 1456 937 1537 plane
970 1454 1045 1518 nihil
1084 1455 1146 1519 illis
1174 1458 1266 1522 tribui
1296 1464 1412 1542 possit,
1445 1466 1516 1546 quin
1546 1471 1550 1479 '

162 1554 269 1635 potius,
292 1551 338 1613 uti
360 1550 476 1632 antiqui
497 1557 619 1612 nostras
641 1555 774 1610 motuum
796 1545 1003 1627 apparitiones
1024 1545 1240 1626 praedixerunt
1262 1550 1363 1615 latiori
1386 1556 1516 1636 quodam

164 1645 246 1706 modo
270 1660 327 1703 nee
350 1641 472 1702 omniuo
495 1639 565 1701 falsi
589 1646 672 1712 sunt,
702 1637 747 1699 ita
778 1636 853 1699 nihil
885 1643 934 1698 est
964 1635 1043 1717 quod
1074 1655 1131 1699 nos
1160 1644 1264 1701 teneat
1286 1641 1451 1720 sollicitos,
1484 1645 1516 1707 iu

164 1724 291 1795 futurum
312 1748 370 1792 nos
392 1737 478 1792 tauto
500 1728 624 1809 propius
648 1724 864 1801 collimaturos,
888 1732 999 1806 quanto
1022 1724 1201 1808 exquisitius
1217 1729 1257 1791 ad
1272 1736 1408 1812 tempora
1422 1753 1516 1813 prae-

164 1823 258 1884 sentia
282 1828 457 1899 computare
481 1817 682 1881 didicerimus.
720 1815 889 1895 Distinguit
909 1814 951 1876 M.
968 1814 1003 1877 T.
1028 1815 1106 1876 iuter
1128 1815 1289 1880 luminaria
1311 1828 1343 1881 et
1363 1822 1515 1902 planetas,

164 1920 192 1973 et
211 1910 288 1973 illud
312 1928 401 1970 uuum
425 1916 563 1988 spectare
586 1906 716 1994 videtu,
741 1914 775 1967 ut
798 1926 816 1965 a
838 1904 970 1985 planetis
994 1904 1103 1966 ceteris
1125 1906 1255 1968 animum
1268 1929 1366 1973 meum
1380 1912 1419 1973 ad
1433 1911 1516 1975 Solis

165 2009 193 2062 et
211 2001 319 2063 Lunae
342 2005 441 2060 motus
464 1997 637 2059 transferat.
685 1995 784 2057 Video
815 2000 967 2074 exparte
997 1993 1117 2055 consilii
1146 1995 1235 2075 hujus
1259 1998 1415 2063 rationem.
1461 2001 1515 2064 Sol

167 2096 195 2152 et
206 2091 297 2152 Luna
320 2086 584 2166 chronologiae
600 2084 744 2158 serviunt,
760 2082 852 2146 ceteri
867 2083 994 2164 quinque
1009 2084 1263 2164 astrologiae,
1277 2108 1365 2170 quam
1380 2090 1514 2152 damnas.

164 2180 205 2242 At
225 2177 287 2240 etsi
312 2184 409 2239 tecum
433 2175 554 2239 omnino
576 2175 714 2236 damnem
736 2172 821 2235 illam
844 2173 968 2246 (damno
991 2178 1092 2235 autem
1115 2181 1232 2237 tantum
1255 2177 1286 2239 iu
1304 2196 1349 2252 ea,
1374 2186 1516 2261 quantum

165 2269 285 2342 Picus),
318 2273 418 2327 tamen
443 2275 534 2345 tpera
556 2264 614 2326 Dei
637 2263 729 2343 digna
753 2269 822 2325 suut
845 2261 1095 2324 consideratione.
1140 2263 1182 2325 Et
1210 2284 1271 2327 non
1299 2268 1517 2337 omuinonihil

166 2358 200 2419 ad
221 2353 450 2435 chronologiam
474 2361 505 2415 et
528 2354 597 2416 aurii
619 2352 769 2415 rationem
792 2351 907 2413 iaciunt
923 2351 1069 2432 planetae
1100 2352 1203 2414 ceteri.
1249 2355 1316 2435 Ego
1350 2357 1446 2432 enim,
1479 2377 1517 2419 ex

165 2466 217 2528 quo
239 2445 391 2508 rationem
414 2440 626 2524 aequationum
647 2440 804 2524 physicam
827 2461 865 2502 ex
888 2440 1005 2503 theoria
1027 2441 1139 2503 Martis
1163 2442 1269 2518 didici,
1304 2445 1391 2508 simul
1425 2445 1517 2510 didici

165 2536 314 2598 rationem·
324 2531 537 2607 necessariam,
553 2551 612 2613 qua
627 2552 734 2607 annus,
744 2551 802 2593 uon
820 2530 954 2611 tropicus
964 2538 1091 2606 tantum,
1107 2530 1159 2592 sed
1175 2531 1240 2613 ipse
1256 2535 1393 2597 sidereus
1409 2556 1517 2599 ueces-

166 2624 242 2687 sario
264 2622 424 2684 variabilis
447 2621 586 2697 efficitur,
619 2629 651 2682 et
681 2641 758 2683 unus
791 2620 851 2681 alio
883 2619 1015 2700 longior,
1049 2628 1138 2681 aucta
1168 2623 1391 2687 eccentricitate
1424 2625 1516 2700 Solis,

167 2713 274 2777 ceteris
296 2730 369 2773 vero
393 2709 529 2773 omnibus
551 2710 751 2772 manentibus.
798 2711 913 2791 ltaque,
948 2709 974 2770 si
998 2716 1153 2772 constaret
1185 2712 1319 2789 aliunde,
1353 2715 1517 2778 auctiorem

167 2802 233 2864 olim
255 2801 354 2864 fuisse
384 2800 653 2874 eccentricitatem,
685 2800 870 2862 necessitate
901 2816 1032 2861 summa'
1048 2799 1202 2875 inferrem,
1233 2800 1399 2883 longiorem
1423 2805 1517 2867 fuisse

167 2910 286 2966 muum,
309 2890 421 2971 itaque,
444 2897 478 2951 ut
500 2889 544 2951 ita
567 2888 673 2962 dicam,
699 2889 904 2951 essentialiter
926 2908 984 2951 non
1009 2886 1248 2952 accidentialiter
1270 2893 1299 2954 h.
1325 2911 1350 2953 e.
1375 2913 1445 2954 vere
1463 2894 1517 2957 Sol

166 2980 201 3042 ad
222 2988 366 3063 punctum
389 2998 470 3040 mere
493 2980 584 3041 lixum
605 2978 722 3040 tardius
746 2984 959 3052 reverteretur,
984 2985 1014 3041 et
1036 2999 1095 3040 nou
1118 2985 1236 3042 tantum
1259 2982 1298 3043 ad
1314 2991 1456 3064 puuctum
1479 2984 1516 3046 ab

165 3068 213 3132 dio
235 3069 368 3149 fugiens,
391 3068 487 3149 magis
510 3088 598 3149 quam
620 3067 739 3157 hodie..

252 3157 351 3218 Quibus
369 3157 438 3206 addit
449 3156 573 3221 Keplerus'
591 3170 702 3216 eausam,
722 3171 765 3208 cur
783 3170 832 3204 nou
852 3155 928 3206 adeat
946 3155 1125 3206 restitutionem
1144 3155 1294 3208 theoderum
1308 3156 1370 3209 Solis
1382 3166 1408 3210 et
1420 3158 1516 3216 Luam.

166 3231 273 3281 mudum
290 3229 429 3279 comtitnta
445 3230 471 3277 iu
488 3228 595 3291 planetis
623 3231 718 3290 majore
745 3227 910 3284 certitudine.
938 3241 1012 3291 quam
1037 3227 1190 3279 exhibuimus
1215 3230 1271 3278 Vol.
1291 3230 1329 3287 II,
1354 3247 1379 3295 p.
1399 3227 1440 3279 77.
1478 3231 1516 3281 lix

166 3301 330 3352 Hernici
357 3302 513 3364 responsione
532 3298 568 3359 (d.
589 3300 612 3348 d.
632 3297 676 3349 2⁰.
697 3298 752 3349 Oct.
773 3296 854 3353 1602)
882 3299 944 3349 haec
973 3299 1151 3349 desumimus:
1179 3301 1237 3351 dass
1259 3301 1299 3351 ich
1318 3302 1366 3351 deu
1384 3302 1464 3351 Herm
1483 3303 1515 3352 ab

166 3374 356 3438 mvestigatione
373 3378 484 3421 motuum
501 3371 647 3436 reliquorum
665 3370 821 3434 planetarum
840 3366 981 3421 ahmahuon
999 3370 1093 3428 volite,
1113 3373 1186 3430 absit,
1206 3373 1257 3422 und
1275 3373 1328 3421 weil
1347 3373 1387 3423 ich
1405 3373 1515 3423 dissidia

166 3444 313 3499 vernoune,
341 3440 398 3492 ont
416 3442 451 3493 Er
468 3444 493 3492 iu
517 3442 692 3493 consutuenda
719 3443 860 3506 quantitate
880 3443 939 3492 anui
958 3439 1050 3494 Solaria
1068 3441 1186 3502 laborlrt,
1205 3444 1275 3493 weiss
1293 3443 1333 3493 ich
1352 3445 1405 3499 uit,
1423 3445 1453 3494 oh
1473 3444 1517 3494 der

167 3516 227 3567 liert
251 3515 302 3564 deu
331 3528 436 3565 emerem
454 3514 479 3563 iu
506 3513 600 3565 calculo
627 3514 758 3570 observirt.
786 3528 812 3561 so
832 3513 916 3575 Tycha
942 3515 967 3563 in
992 3511 1220 3579 Progymnasmatis
1246 3512 1401 3565 einhommen
1423 3515 1516 3567 lusson.

168 3587 235 3648 Ques
255 3584 372 3636 adhaec
399 3586 551 3649 responderit
568 3582 605 3646 (d.
625 3582 667 3632 12.
686 3584 749 3634 Noe.
771 3580 851 3645 1102)
879 3583 1046 3649 Keplerus
1063 3585 1180 3652 leguntur
1197 3586 1251 3635 loco
1275 3586 1370 3642 citato.
1397 3589 1517 3652 equibus

169 3664 280 3724 apparet,
300 3656 485 3707 Commentario
503 3654 576 3717 (‚,ueu
594 3655 659 3721 quod
677 3656 759 3723 aliud,
770 3656 877 3706 futumm
896 3664 935 3707 est
958 3654 1079 3719 uomeu“)
1104 3660 1212 3722 proxime
1229 3671 1256 3707 se
1275 3656 1441 3719 perlectum·
1459 3662 1515 3724 spe·

172 3754 254 3797 mm
275 3738 362 3803 quino
381 3737 466 3788 more:
496 3727 573 3791 cum
601 3747 647 3790 me
678 3727 727 3790 his
759 3727 928 3791 carceribus
962 3734 1075 3798 (eronus
1100 3736 1190 3801 operes
1212 3735 1517 3801 accommodaretur)

172 3817 382 3883 adstrinxerim
405 3818 487 3899 ipse,
517 3816 662 3898 intelligis
687 3837 776 3892 sane,
807 3817 949 3898 quidquid
980 3827 1066 3881 extra
1092 3818 1149 3879 has
1179 3823 1277 3877 metas
1300 3815 1358 3878 erit
1386 3819 1518 3900 positum

176 3916 283 3985 (speetu
296 3914 338 3967 his
357 3916 437 3966 verbis
454 3917 610 3981 quaestiones
627 3914 751 3965 Henarti
771 3912 967 3983 chronologicas)
982 3908 1047 3989 jam
1063 3926 1122 3969 non
1135 3904 1263 3985 amplius
1278 3926 1297 3966 a
1311 3925 1358 3968 me
1374 3906 1405 3971 in
1412 3910 1516 3991 Magn.

171 3998 249 4063 Tuae
282 3994 415 4079 gratiam
447 3997 558 4078 suscipi
588 4014 696 4078 posse,
729 3996 823 4059 donec
854 4016 946 4078 opera
969 3997 1038 4073 illa,
1062 3998 1128 4060 Deo
1152 3995 1281 4071 favente,
1311 3997 1517 4075 absolventur,

171 4104 346 4171 qumquam
368 4085 505 4168 utrinque
530 4085 560 4148 in
582 4085 633 4147 via
655 4085 739 4166 regia
762 4104 829 4149 sum
851 4086 890 4148 ad
907 4087 966 4149 hoc
983 4088 1090 4169 ipsum,
1114 4083 1194 4167 quod
1216 4086 1428 4166 peragendum.
1469 4089 1516 4151 De

172 4176 307 4261 Optice
330 4181 462 4251 condat,
486 4175 522 4237 de
546 4174 710 4237 Theoria
731 4174 866 4238 Martis
885 4174 978 4257 jubeo
1000 4176 1075 4238 bene
1095 4180 1127 4235 te
1150 4192 1282 4255 sperare.
1328 4176 1408 4240 Nam
1432 4183 1463 4239 et
1486 4176 1517 4238 iu

171 4264 221 4331 illa
241 4264 400 4349 generalia
431 4266 593 4347 quaedam,
625 4282 732 4346 nempe
753 4282 864 4345 magna
885 4267 983 4347 partis
1012 4262 1216 4327 astronomiae
1246 4263 1390 4347 physicae
1417 4264 1516 4346 portio

172 4362 327 4431 casaur,
349 4352 401 4417 nbi
425 4360 529 4417 sterno
551 4354 630 4416 viam
651 4352 692 4415 ad
713 4372 818 4417 veram
834 4354 940 4417 Lunae
962 4351 1182 4435 aequationem,
1204 4359 1240 4417 ut
1260 4352 1335 4429 ndril
1359 4353 1457 4416 dicam
1479 4355 1516 4433 de

173 4444 355 4527 longitudine
379 4443 465 4518 auni,
490 4463 565 4526 quae
588 4461 626 4505 ex
649 4462 741 4507 causa
762 4441 890 4525 physica
911 4462 977 4507 cum
1000 4434 1224 4505 ecoentricitate
1250 4442 1386 4505 variatur
1408 4462 1516 4505 neces-

174 4535 257 4610 sario,
273 4535 347 4596 item
364 4533 443 4614 quod
457 4532 646 4595 verissimam
661 4530 745 4597 Solis
759 4532 1015 4596 eoceutricitatem
1029 4531 1203 4595 demonstro
1222 4530 1276 4593 illo
1290 4531 1355 4611 ipso
1370 4530 1399 4592 in
1414 4550 1515 4611 opere.

255 4623 450 4673 Hervurtus
479 4619 514 4681 (d.
537 4620 577 4670 18.
596 4621 668 4670 Febr.
688 4616 769 4683 1103)
795 4621 860 4671 haec
886 4620 1028 4685 respoudit:
1056 4620 1113 4671 Vou
1141 4621 1197 4673 dem
1219 4618 1310 4675 Werk·
1338 4633 1366 4668 ¹⁰
1392 4618 1436 4669 der
1454 4619 1518 4671 Hert

175 4696 265 4745 atione
293 4692 407 4744 theodae
426 4693 513 4743 Martis
532 4690 744 4751 numennumen,
769 4690 820 4743 heb
838 4692 878 4743 loh
904 4690 1057 4743 audentem
1083 4697 1160 4743 etvu
1179 4690 1330 4755 Audentuug
1353 4689 1447 4755 gethan
1466 4692 1517 4743 und

176 4767 285 4817 umerus
305 4780 337 4815 uu
355 4764 432 4814 seben
450 4763 560 4814 dadureh
587 4778 683 4829 museo
701 4762 843 4829 Verluugsn
861 4762 993 4828 pmaoht.
1011 4764 1058 4815 vie
1076 4778 1103 4814 es
1120 4762 1174 4814 siah
1191 4762 1259 4812 daun
1277 4760 1369 4813 ommni
1386 4762 1432 4812 mit
1450 4760 1516 4813 Nutu

177 4848 200 4886 ot
216 4853 273 4888 cnm
292 4836 405 4902 proiectu
423 4835 486 4886 wohl
499 4836 558 4885 vird
570 4835 646 4886 tehen
664 4835 757 4893 lmen,
773 4834 826 4885 und
837 4834 907 4885 lhme
919 4835 976 4887 dem
986 4834 1068 4887 Hem
1085 4836 1158 4885 einen
1170 4832 1271 4884 sulthen
1281 4830 1381 4884 Numen
1399 4833 1516 4891 mathan.

174 4909 230 4961 taus
247 4923 309 4961 mnu
328 4905 451 4959 uuumehr
467 4922 515 4958 von
526 4906 599 5002 lbure·
613 4906 729 4973 dulenig
746 4920 778 4957 un
795 4912 930 4971 gemm.
948 4920 1054 4995 uum
1066 4920 1117 4979 ,von
1134 4902 1249 4973 'mind
1264 4902 1350 4969 mono
1360 4902 1444 4958 Bnhe
1463 4920 1515 4958 ver·

957 5002 960 5009 .
1038 4998 1097 5059 ,f
