<?xml version="1.0" encoding="UTF-8"?>
<!DOCTYPE html PUBLIC "-//W3C//DTD XHTML 1.0 Transitional//EN"
    "http://www.w3.org/TR/xhtml1/DTD/xhtml1-transitional.dtd">
<html xmlns="http://www.w3.org/1999/xhtml" xml:lang="en" lang="en">
 <head>
  <title>
</title>
<meta http-equiv="Content-Type" content="text/html;charset=utf-8" />
  <meta name='ocr-system' content='tesseract 3.04.00' />
  <meta name='ocr-capabilities' content='ocr_page ocr_carea ocr_par ocr_line ocrx_word'/>
</head>
<body>
  <div class='ocr_page' id='page_1' title='image "./joanniskepleria14frisgoog_0310.png"; bbox 0 0 3354 5504; ppageno 0'>
   <div class='ocr_carea' id='block_1_1' title="bbox 172 246 1079 351">
    <p class='ocr_par' dir='ltr' id='par_1_1' title="bbox 172 246 1079 351">
     <span class='ocr_line' id='line_1_1' title="bbox 172 246 1079 351; baseline -0.007 -7"><span class='ocrx_word' id='word_1_1' title='bbox 172 282 237 351; x_wconf 80' lang='grc'><strong>306</strong></span> <span class='ocrx_word' id='word_1_2' title='bbox 431 246 433 251; x_wconf 19' lang='grc' dir='ltr'><strong><em>Δ</em></strong></span> <span class='ocrx_word' id='word_1_3' title='bbox 654 286 695 337; x_wconf 88' lang='lat' dir='ltr'><strong>De</strong></span> <span class='ocrx_word' id='word_1_4' title='bbox 713 286 820 339; x_wconf 84' lang='lat' dir='ltr'><strong>Motibus</strong></span> <span class='ocrx_word' id='word_1_5' title='bbox 839 285 932 338; x_wconf 86' lang='lat' dir='ltr'><strong>Stellae</strong></span> <span class='ocrx_word' id='word_1_6' title='bbox 950 286 1038 339; x_wconf 78' lang='lat' dir='ltr'><strong>Martia</strong></span> <span class='ocrx_word' id='word_1_7' title='bbox 1076 313 1079 319; x_wconf 94' lang='lat'>·</span> 
     </span>
    </p>
   </div>
   <div class='ocr_carea' id='block_1_2' title="bbox 70 450 1560 4930">
    <p class='ocr_par' dir='ltr' id='par_1_2' title="bbox 152 450 1551 816">
     <span class='ocr_line' id='line_1_2' title="bbox 166 450 1551 547; baseline -0.001 -18"><span class='ocrx_word' id='word_1_8' title='bbox 166 463 351 541; x_wconf 89' lang='lat' dir='ltr'><strong>humillimo,</strong></span> <span class='ocrx_word' id='word_1_9' title='bbox 379 464 477 528; x_wconf 90' lang='lat' dir='ltr'><strong>inesse</strong></span> <span class='ocrx_word' id='word_1_10' title='bbox 501 464 563 527; x_wconf 87' lang='lat' dir='ltr'><strong>viru</strong></span> <span class='ocrx_word' id='word_1_11' title='bbox 585 467 771 531; x_wconf 83' lang='lat' dir='ltr'>materialem</span> <span class='ocrx_word' id='word_1_12' title='bbox 795 487 862 529; x_wconf 88' lang='lat' dir='ltr'><strong>sese</strong></span> <span class='ocrx_word' id='word_1_13' title='bbox 887 464 1057 547; x_wconf 84' lang='lat' dir='ltr'><strong>explicandi</strong></span> <span class='ocrx_word' id='word_1_14' title='bbox 1080 463 1216 527; x_wconf 92' lang='lat' dir='ltr'><strong>nonnihil</strong></span> <span class='ocrx_word' id='word_1_15' title='bbox 1239 483 1278 526; x_wconf 87' lang='lat' dir='ltr'><strong>ex</strong></span> <span class='ocrx_word' id='word_1_16' title='bbox 1300 464 1374 528; x_wconf 88' lang='lat' dir='ltr'><strong>orbe</strong></span> <span class='ocrx_word' id='word_1_17' title='bbox 1398 464 1519 529; x_wconf 85' lang='lat' dir='ltr'><strong>virtutis</strong></span> <span class='ocrx_word' id='word_1_18' title='bbox 1543 450 1551 475; x_wconf 71' lang='lat'><em>‘</em></span> 
     </span>
     <span class='ocr_line' id='line_1_3' title="bbox 167 554 1519 638; baseline -0.001 -20"><span class='ocrx_word' id='word_1_19' title='bbox 167 554 293 618; x_wconf 86' lang='lat' dir='ltr'><strong>Solaris.</strong></span> <span class='ocrx_word' id='word_1_20' title='bbox 346 554 432 618; x_wconf 88' lang='lat' dir='ltr'>Unde</span> <span class='ocrx_word' id='word_1_21' title='bbox 466 554 631 629; x_wconf 81' lang='lat' dir='ltr'><strong>evincitur,</strong></span> <span class='ocrx_word' id='word_1_22' title='bbox 664 554 781 618; x_wconf 84' lang='lat' dir='ltr'><strong>Solaria</strong></span> <span class='ocrx_word' id='word_1_23' title='bbox 816 556 953 638; x_wconf 86' lang='lat' dir='ltr'><strong>corporis</strong></span> <span class='ocrx_word' id='word_1_24' title='bbox 982 555 1170 635; x_wconf 84' lang='lat' dir='ltr'><strong>gyrationem</strong></span> <span class='ocrx_word' id='word_1_25' title='bbox 1202 554 1295 616; x_wconf 91' lang='lat' dir='ltr'><strong>multo</strong></span> <span class='ocrx_word' id='word_1_26' title='bbox 1328 561 1519 617; x_wconf 80' lang='lat' dir='ltr'><strong>antevertere</strong></span> 
     </span>
     <span class='ocr_line' id='line_1_4' title="bbox 168 642 1520 725; baseline 0 -18"><span class='ocrx_word' id='word_1_27' title='bbox 168 642 298 707; x_wconf 87' lang='lat' dir='ltr'><strong>omnium</strong></span> <span class='ocrx_word' id='word_1_28' title='bbox 326 644 514 725; x_wconf 89' lang='lat' dir='ltr'><strong>planetarum</strong></span> <span class='ocrx_word' id='word_1_29' title='bbox 545 643 698 725; x_wconf 78' lang='lat' dir='ltr'><strong>periodica</strong></span> <span class='ocrx_word' id='word_1_30' title='bbox 726 654 876 725; x_wconf 82' lang='lat' dir='ltr'><strong>tempora3</strong></span> <span class='ocrx_word' id='word_1_31' title='bbox 910 645 1036 725; x_wconf 90' lang='lat' dir='ltr'><strong>ideoque</strong></span> <span class='ocrx_word' id='word_1_32' title='bbox 1066 644 1105 705; x_wconf 88' lang='lat' dir='ltr'><strong>ad</strong></span> <span class='ocrx_word' id='word_1_33' title='bbox 1137 643 1290 706; x_wconf 90' lang='lat' dir='ltr'><strong>minimum</strong></span> <span class='ocrx_word' id='word_1_34' title='bbox 1319 643 1410 706; x_wconf 91' lang='lat' dir='ltr'><strong>citius</strong></span> <span class='ocrx_word' id='word_1_35' title='bbox 1434 663 1520 725; x_wconf 88' lang='lat' dir='ltr'><strong>quam</strong></span> 
     </span>
     <span class='ocr_line' id='line_1_5' title="bbox 152 732 1070 816; baseline -0.003 -20"><span class='ocrx_word' id='word_1_36' title='bbox 152 733 315 796; x_wconf 80' lang='lat' dir='ltr'><strong>trimestri</strong></span> <span class='ocrx_word' id='word_1_37' title='bbox 339 732 437 814; x_wconf 88' lang='lat' dir='ltr'><strong>spatio</strong></span> <span class='ocrx_word' id='word_1_38' title='bbox 461 733 564 796; x_wconf 88' lang='lat' dir='ltr'><strong>Solem</strong></span> <span class='ocrx_word' id='word_1_39' title='bbox 590 735 682 795; x_wconf 90' lang='lat' dir='ltr'><strong>semel</strong></span> <span class='ocrx_word' id='word_1_40' title='bbox 706 737 734 796; x_wconf 94' lang='lat' dir='ltr'><strong>in</strong></span> <span class='ocrx_word' id='word_1_41' title='bbox 759 756 813 797; x_wconf 94' lang='lat' dir='ltr'><strong>suo</strong></span> <span class='ocrx_word' id='word_1_42' title='bbox 837 735 937 814; x_wconf 83' lang='lat' dir='ltr'><strong>spatio</strong></span> <span class='ocrx_word' id='word_1_43' title='bbox 961 734 1070 816; x_wconf 82' lang='lat' dir='ltr'><strong>gyrari.</strong></span> 
     </span>
    </p>

    <p class='ocr_par' dir='ltr' id='par_1_3' title="bbox 168 820 1534 1623">
     <span class='ocr_line' id='line_1_6' title="bbox 258 820 1534 904; baseline 0 -20"><span class='ocrx_word' id='word_1_44' title='bbox 258 824 305 884; x_wconf 82' lang='lat' dir='ltr'><strong>Ac</strong></span> <span class='ocrx_word' id='word_1_45' title='bbox 329 842 395 884; x_wconf 89' lang='lat' dir='ltr'><strong>eum</strong></span> <span class='ocrx_word' id='word_1_46' title='bbox 418 822 448 884; x_wconf 94' lang='lat' dir='ltr'><strong>in</strong></span> <span class='ocrx_word' id='word_1_47' title='bbox 472 842 537 884; x_wconf 91' lang='lat' dir='ltr'><strong>meo</strong></span> <span class='ocrx_word' id='word_1_48' title='bbox 557 823 741 903; x_wconf 89' lang='lat' dir='ltr'><strong>Mysterio</strong></span> <span class='ocrx_word' id='word_1_49' title='bbox 766 823 1085 904; x_wconf 87' lang='lat' dir='ltr'><strong>Cosmographico</strong></span> <span class='ocrx_word' id='word_1_50' title='bbox 1109 822 1283 896; x_wconf 89' lang='lat' dir='ltr'><strong>monuerim,</strong></span> <span class='ocrx_word' id='word_1_51' title='bbox 1307 821 1436 884; x_wconf 88' lang='lat' dir='ltr'><strong>eandem</strong></span> <span class='ocrx_word' id='word_1_52' title='bbox 1459 820 1534 885; x_wconf 81' lang='lat' dir='ltr'><strong>iere-</strong></span> 
     </span>
     <span class='ocr_line' id='line_1_7' title="bbox 170 909 1519 993; baseline 0.001 -19"><span class='ocrx_word' id='word_1_53' title='bbox 170 911 395 993; x_wconf 90' lang='lat' dir='ltr'><strong>proportionem</strong></span> <span class='ocrx_word' id='word_1_54' title='bbox 409 931 477 973; x_wconf 91' lang='lat' dir='ltr'><strong>esse</strong></span> <span class='ocrx_word' id='word_1_55' title='bbox 501 912 578 973; x_wconf 89' lang='lat' dir='ltr'><strong>inter</strong></span> <span class='ocrx_word' id='word_1_56' title='bbox 598 912 838 975; x_wconf 88' lang='lat' dir='ltr'><strong>semidiametros</strong></span> <span class='ocrx_word' id='word_1_57' title='bbox 858 913 992 993; x_wconf 91' lang='lat' dir='ltr'><strong>corporis</strong></span> <span class='ocrx_word' id='word_1_58' title='bbox 1016 910 1098 975; x_wconf 86' lang='lat' dir='ltr'><strong>Solis</strong></span> <span class='ocrx_word' id='word_1_59' title='bbox 1115 918 1145 971; x_wconf 90' lang='lat' dir='ltr'><strong>et</strong></span> <span class='ocrx_word' id='word_1_60' title='bbox 1170 909 1250 971; x_wconf 93' lang='lat' dir='ltr'><strong>orbis</strong></span> <span class='ocrx_word' id='word_1_61' title='bbox 1266 909 1421 985; x_wconf 86' lang='lat' dir='ltr'><strong>Mercurii,</strong></span> <span class='ocrx_word' id='word_1_62' title='bbox 1446 930 1519 992; x_wconf 82' lang='lat' dir='ltr'><strong>quae</strong></span> 
     </span>
     <span class='ocr_line' id='line_1_8' title="bbox 169 999 1520 1081; baseline 0.001 -20"><span class='ocrx_word' id='word_1_63' title='bbox 169 1009 218 1064; x_wconf 90' lang='lat' dir='ltr'><strong>est</strong></span> <span class='ocrx_word' id='word_1_64' title='bbox 239 1000 317 1063; x_wconf 92' lang='lat' dir='ltr'><strong>inter</strong></span> <span class='ocrx_word' id='word_1_65' title='bbox 341 1001 580 1063; x_wconf 90' lang='lat' dir='ltr'><strong>semidiametros</strong></span> <span class='ocrx_word' id='word_1_66' title='bbox 604 1003 737 1081; x_wconf 91' lang='lat' dir='ltr'><strong>eorporis</strong></span> <span class='ocrx_word' id='word_1_67' title='bbox 760 1005 871 1065; x_wconf 82' lang='lat' dir='ltr'><strong>Terrae</strong></span> <span class='ocrx_word' id='word_1_68' title='bbox 896 1011 927 1064; x_wconf 88' lang='lat' dir='ltr'><strong>et</strong></span> <span class='ocrx_word' id='word_1_69' title='bbox 950 1002 1030 1063; x_wconf 89' lang='lat' dir='ltr'><strong>orbis</strong></span> <span class='ocrx_word' id='word_1_70' title='bbox 1053 1001 1171 1063; x_wconf 89' lang='lat' dir='ltr'><strong>Lunae:</strong></span> <span class='ocrx_word' id='word_1_71' title='bbox 1206 999 1276 1060; x_wconf 92' lang='lat' dir='ltr'><strong>hinc</strong></span> <span class='ocrx_word' id='word_1_72' title='bbox 1304 1019 1363 1061; x_wconf 91' lang='lat' dir='ltr'><strong>non</strong></span> <span class='ocrx_word' id='word_1_73' title='bbox 1393 999 1520 1062; x_wconf 85' lang='lat' dir='ltr'><strong>absurde</strong></span> 
     </span>
     <span class='ocr_line' id='line_1_9' title="bbox 169 1088 1520 1170; baseline 0 -18"><span class='ocrx_word' id='word_1_74' title='bbox 169 1089 369 1166; x_wconf 90' lang='lat' dir='ltr'><strong>concluseris,</strong></span> <span class='ocrx_word' id='word_1_75' title='bbox 403 1090 447 1152; x_wconf 90' lang='lat' dir='ltr'><strong>sic</strong></span> <span class='ocrx_word' id='word_1_76' title='bbox 471 1109 538 1152; x_wconf 91' lang='lat' dir='ltr'><strong>esse</strong></span> <span class='ocrx_word' id='word_1_77' title='bbox 561 1091 717 1169; x_wconf 90' lang='lat' dir='ltr'><strong>periodum</strong></span> <span class='ocrx_word' id='word_1_78' title='bbox 747 1093 827 1154; x_wconf 93' lang='lat' dir='ltr'><strong>orbis</strong></span> <span class='ocrx_word' id='word_1_79' title='bbox 850 1091 992 1154; x_wconf 84' lang='lat' dir='ltr'><strong>Mercurii</strong></span> <span class='ocrx_word' id='word_1_80' title='bbox 1021 1091 1059 1151; x_wconf 91' lang='lat' dir='ltr'><strong>ad</strong></span> <span class='ocrx_word' id='word_1_81' title='bbox 1086 1088 1243 1170; x_wconf 89' lang='lat' dir='ltr'><strong>periodum</strong></span> <span class='ocrx_word' id='word_1_82' title='bbox 1270 1089 1407 1168; x_wconf 90' lang='lat' dir='ltr'><strong>corporis</strong></span> <span class='ocrx_word' id='word_1_83' title='bbox 1430 1089 1520 1165; x_wconf 87' lang='lat' dir='ltr'><strong>Sulis,</strong></span> 
     </span>
     <span class='ocr_line' id='line_1_10' title="bbox 170 1178 1518 1262; baseline 0 -21"><span class='ocrx_word' id='word_1_84' title='bbox 170 1187 205 1243; x_wconf 90' lang='lat' dir='ltr'><strong>ut</strong></span> <span class='ocrx_word' id='word_1_85' title='bbox 228 1188 276 1241; x_wconf 90' lang='lat' dir='ltr'><strong>est</strong></span> <span class='ocrx_word' id='word_1_86' title='bbox 297 1179 437 1260; x_wconf 88' lang='lat' dir='ltr'><strong>periodus</strong></span> <span class='ocrx_word' id='word_1_87' title='bbox 462 1180 543 1241; x_wconf 92' lang='lat' dir='ltr'><strong>orbis</strong></span> <span class='ocrx_word' id='word_1_88' title='bbox 565 1181 669 1242; x_wconf 90' lang='lat' dir='ltr'><strong>Lunae</strong></span> <span class='ocrx_word' id='word_1_89' title='bbox 693 1182 732 1242; x_wconf 90' lang='lat' dir='ltr'><strong>ad</strong></span> <span class='ocrx_word' id='word_1_90' title='bbox 755 1182 910 1262; x_wconf 90' lang='lat' dir='ltr'><strong>periodum</strong></span> <span class='ocrx_word' id='word_1_91' title='bbox 933 1180 1068 1260; x_wconf 90' lang='lat' dir='ltr'><strong>corporis</strong></span> <span class='ocrx_word' id='word_1_92' title='bbox 1091 1180 1212 1240; x_wconf 86' lang='lat' dir='ltr'><strong>Terrae.</strong></span> <span class='ocrx_word' id='word_1_93' title='bbox 1260 1180 1308 1240; x_wconf 87' lang='lat' dir='ltr'><strong>Ac</strong></span> <span class='ocrx_word' id='word_1_94' title='bbox 1338 1197 1406 1240; x_wconf 90' lang='lat' dir='ltr'><strong>cum</strong></span> <span class='ocrx_word' id='word_1_95' title='bbox 1425 1178 1518 1255; x_wconf 32' lang='lat' dir='ltr'><strong>,semi-</strong></span> 
     </span>
     <span class='ocr_line' id='line_1_11' title="bbox 169 1267 1519 1350; baseline 0.001 -21"><span class='ocrx_word' id='word_1_96' title='bbox 169 1268 315 1330; x_wconf 89' lang='lat' dir='ltr'><strong>diameter</strong></span> <span class='ocrx_word' id='word_1_97' title='bbox 330 1268 410 1330; x_wconf 90' lang='lat' dir='ltr'><strong>urbis</strong></span> <span class='ocrx_word' id='word_1_98' title='bbox 425 1269 529 1331; x_wconf 89' lang='lat' dir='ltr'><strong>Lunae</strong></span> <span class='ocrx_word' id='word_1_99' title='bbox 546 1270 586 1330; x_wconf 91' lang='lat' dir='ltr'><strong>sit</strong></span> <span class='ocrx_word' id='word_1_100' title='bbox 603 1272 822 1350; x_wconf 85' lang='lat' dir='ltr'><strong>sexageeuplus</strong></span> <span class='ocrx_word' id='word_1_101' title='bbox 846 1269 1061 1332; x_wconf 80' lang='lat' dir='ltr'><strong>semidiametri</strong></span> <span class='ocrx_word' id='word_1_102' title='bbox 1084 1267 1219 1347; x_wconf 89' lang='lat' dir='ltr'><strong>eorporis</strong></span> <span class='ocrx_word' id='word_1_103' title='bbox 1236 1268 1357 1340; x_wconf 87' lang='lat' dir='ltr'><strong>Terrae,</strong></span> <span class='ocrx_word' id='word_1_104' title='bbox 1382 1268 1519 1346; x_wconf 88' lang='lat' dir='ltr'><strong>periodus</strong></span> 
     </span>
     <span class='ocr_line' id='line_1_12' title="bbox 168 1355 1518 1440; baseline -0.001 -21"><span class='ocrx_word' id='word_1_105' title='bbox 168 1377 239 1419; x_wconf 89' lang='lat' dir='ltr'><strong>vero</strong></span> <span class='ocrx_word' id='word_1_106' title='bbox 256 1357 336 1419; x_wconf 91' lang='lat' dir='ltr'><strong>orbis</strong></span> <span class='ocrx_word' id='word_1_107' title='bbox 349 1359 454 1421; x_wconf 91' lang='lat' dir='ltr'><strong>Lunae</strong></span> <span class='ocrx_word' id='word_1_108' title='bbox 472 1359 540 1431; x_wconf 90' lang='lat' dir='ltr'><strong>(seu</strong></span> <span class='ocrx_word' id='word_1_109' title='bbox 558 1359 685 1432; x_wconf 85' lang='lat' dir='ltr'><strong>mensis)</strong></span> <span class='ocrx_word' id='word_1_110' title='bbox 702 1360 886 1440; x_wconf 89' lang='lat' dir='ltr'><strong>trigeeuplus</strong></span> <span class='ocrx_word' id='word_1_111' title='bbox 909 1360 998 1440; x_wconf 91' lang='lat' dir='ltr'><strong>paulo</strong></span> <span class='ocrx_word' id='word_1_112' title='bbox 1013 1358 1110 1419; x_wconf 92' lang='lat' dir='ltr'><strong>minus</strong></span> <span class='ocrx_word' id='word_1_113' title='bbox 1125 1355 1240 1436; x_wconf 89' lang='lat' dir='ltr'><strong>periodi</strong></span> <span class='ocrx_word' id='word_1_114' title='bbox 1252 1355 1394 1437; x_wconf 75' lang='lat' dir='ltr'><strong>corporis</strong></span> <span class='ocrx_word' id='word_1_115' title='bbox 1410 1358 1518 1418; x_wconf 84' lang='lat' dir='ltr'><strong>Terrae</strong></span> 
     </span>
     <span class='ocr_line' id='line_1_13' title="bbox 172 1444 1520 1530; baseline 0 -21"><span class='ocrx_word' id='word_1_116' title='bbox 172 1450 241 1520; x_wconf 88' lang='lat' dir='ltr'><strong>(sen</strong></span> <span class='ocrx_word' id='word_1_117' title='bbox 273 1447 347 1521; x_wconf 87' lang='lat' dir='ltr'><strong>diei)</strong></span> <span class='ocrx_word' id='word_1_118' title='bbox 379 1448 476 1509; x_wconf 90' lang='lat' dir='ltr'><strong>etsie</strong></span> <span class='ocrx_word' id='word_1_119' title='bbox 499 1448 652 1528; x_wconf 84' lang='lat' dir='ltr'><strong>proportio</strong></span> <span class='ocrx_word' id='word_1_120' title='bbox 683 1449 909 1530; x_wconf 90' lang='lat' dir='ltr'><strong>amplitudinnm</strong></span> <span class='ocrx_word' id='word_1_121' title='bbox 933 1448 1025 1528; x_wconf 89' lang='lat' dir='ltr'><strong>dupla</strong></span> <span class='ocrx_word' id='word_1_122' title='bbox 1049 1446 1086 1508; x_wconf 90' lang='lat' dir='ltr'><strong>ad</strong></span> <span class='ocrx_word' id='word_1_123' title='bbox 1110 1444 1331 1526; x_wconf 84' lang='lat' dir='ltr'><strong>proportionem</strong></span> <span class='ocrx_word' id='word_1_124' title='bbox 1356 1452 1520 1526; x_wconf 86' lang='lat' dir='ltr'><strong>temporam</strong></span> 
     </span>
     <span class='ocr_line' id='line_1_14' title="bbox 168 1534 1519 1623; baseline 0.001 -26"><span class='ocrx_word' id='word_1_125' title='bbox 168 1536 402 1623; x_wconf 73' lang='lat' dir='ltr'><strong>periodieornm:</strong></span> <span class='ocrx_word' id='word_1_126' title='bbox 429 1535 455 1598; x_wconf 93' lang='lat' dir='ltr'><strong>si</strong></span> <span class='ocrx_word' id='word_1_127' title='bbox 478 1536 569 1616; x_wconf 90' lang='lat' dir='ltr'><strong>igitur</strong></span> <span class='ocrx_word' id='word_1_128' title='bbox 584 1538 674 1599; x_wconf 90' lang='lat' dir='ltr'><strong>etiam</strong></span> <span class='ocrx_word' id='word_1_129' title='bbox 698 1540 728 1600; x_wconf 94' lang='lat' dir='ltr'><strong>in</strong></span> <span class='ocrx_word' id='word_1_130' title='bbox 742 1539 813 1601; x_wconf 85' lang='lat' dir='ltr'><strong>Sole</strong></span> <span class='ocrx_word' id='word_1_131' title='bbox 829 1548 861 1600; x_wconf 90' lang='lat' dir='ltr'><strong>et</strong></span> <span class='ocrx_word' id='word_1_132' title='bbox 874 1538 1023 1599; x_wconf 87' lang='lat' dir='ltr'><strong>Mercurio</strong></span> <span class='ocrx_word' id='word_1_133' title='bbox 1040 1543 1145 1615; x_wconf 83' lang='lat' dir='ltr'><strong>regnet</strong></span> <span class='ocrx_word' id='word_1_134' title='bbox 1167 1535 1322 1614; x_wconf 90' lang='lat' dir='ltr'><strong>proportio</strong></span> <span class='ocrx_word' id='word_1_135' title='bbox 1336 1534 1441 1615; x_wconf 90' lang='lat' dir='ltr'><strong>dupla,</strong></span> <span class='ocrx_word' id='word_1_136' title='bbox 1457 1554 1519 1599; x_wconf 88' lang='lat' dir='ltr'><strong>eum</strong></span> 
     </span>
    </p>

    <p class='ocr_par' dir='ltr' id='par_1_4' title="bbox 73 1623 1519 1884">
     <span class='ocr_line' id='line_1_15' title="bbox 73 1623 1519 1709; baseline -0.002 -20"><span class='ocrx_word' id='word_1_137' title='bbox 73 1647 80 1663; x_wconf 92' lang='lat'><strong>·</strong></span> <span class='ocrx_word' id='word_1_138' title='bbox 169 1626 252 1689; x_wconf 84' lang='lat' dir='ltr'><strong>Solis</strong></span> <span class='ocrx_word' id='word_1_139' title='bbox 281 1625 416 1706; x_wconf 91' lang='lat' dir='ltr'><strong>corporis</strong></span> <span class='ocrx_word' id='word_1_140' title='bbox 439 1625 585 1689; x_wconf 88' lang='lat' dir='ltr'><strong>diameter</strong></span> <span class='ocrx_word' id='word_1_141' title='bbox 609 1628 650 1688; x_wconf 93' lang='lat' dir='ltr'><strong>sit</strong></span> <span class='ocrx_word' id='word_1_142' title='bbox 672 1629 862 1709; x_wconf 84' lang='lat' dir='ltr'><strong>sexagesima</strong></span> <span class='ocrx_word' id='word_1_143' title='bbox 885 1627 1004 1689; x_wconf 89' lang='lat' dir='ltr'><strong>circiter</strong></span> <span class='ocrx_word' id='word_1_144' title='bbox 1027 1624 1166 1687; x_wconf 84' lang='lat' dir='ltr'><strong>diametri</strong></span> <span class='ocrx_word' id='word_1_145' title='bbox 1190 1623 1270 1684; x_wconf 91' lang='lat' dir='ltr'><strong>orbis</strong></span> <span class='ocrx_word' id='word_1_146' title='bbox 1287 1623 1442 1700; x_wconf 87' lang='lat' dir='ltr'><strong>Mercurii,</strong></span> <span class='ocrx_word' id='word_1_147' title='bbox 1465 1625 1519 1686; x_wconf 88' lang='lat' dir='ltr'><strong>erit</strong></span> 
     </span>
     <span class='ocr_line' id='line_1_16' title="bbox 169 1709 1518 1795; baseline -0.001 -18"><span class='ocrx_word' id='word_1_148' title='bbox 169 1724 288 1795; x_wconf 90' lang='lat' dir='ltr'><strong>tempus</strong></span> <span class='ocrx_word' id='word_1_149' title='bbox 311 1713 517 1777; x_wconf 86' lang='lat' dir='ltr'><strong>conversionis</strong></span> <span class='ocrx_word' id='word_1_150' title='bbox 545 1715 627 1794; x_wconf 88' lang='lat' dir='ltr'><strong>globi</strong></span> <span class='ocrx_word' id='word_1_151' title='bbox 651 1716 769 1779; x_wconf 88' lang='lat' dir='ltr'><strong>Solaris</strong></span> <span class='ocrx_word' id='word_1_152' title='bbox 792 1716 946 1779; x_wconf 90' lang='lat' dir='ltr'><strong>tricesima</strong></span> <span class='ocrx_word' id='word_1_153' title='bbox 969 1717 1005 1777; x_wconf 91' lang='lat' dir='ltr'><strong>de</strong></span> <span class='ocrx_word' id='word_1_154' title='bbox 1029 1714 1134 1776; x_wconf 90' lang='lat' dir='ltr'><strong>diebus</strong></span> <span class='ocrx_word' id='word_1_155' title='bbox 1158 1709 1216 1787; x_wconf 84' lang='lat'><strong>88,</strong></span> <span class='ocrx_word' id='word_1_156' title='bbox 1240 1720 1352 1793; x_wconf 85' lang='lat' dir='ltr'><strong>quanta</strong></span> <span class='ocrx_word' id='word_1_157' title='bbox 1376 1722 1426 1775; x_wconf 88' lang='lat' dir='ltr'><strong>est</strong></span> <span class='ocrx_word' id='word_1_158' title='bbox 1448 1733 1518 1777; x_wconf 92' lang='lat' dir='ltr'><strong>con·</strong></span> 
     </span>
     <span class='ocr_line' id='line_1_17' title="bbox 169 1800 1518 1884; baseline 0 -19"><span class='ocrx_word' id='word_1_159' title='bbox 169 1805 269 1866; x_wconf 88' lang='lat' dir='ltr'><strong>versio</strong></span> <span class='ocrx_word' id='word_1_160' title='bbox 285 1805 367 1867; x_wconf 90' lang='lat' dir='ltr'><strong>orbis</strong></span> <span class='ocrx_word' id='word_1_161' title='bbox 383 1803 539 1866; x_wconf 91' lang='lat' dir='ltr'><strong>Mercurii:</strong></span> <span class='ocrx_word' id='word_1_162' title='bbox 565 1806 639 1866; x_wconf 90' lang='lat' dir='ltr'><strong>adeo</strong></span> <span class='ocrx_word' id='word_1_163' title='bbox 654 1813 689 1867; x_wconf 91' lang='lat' dir='ltr'><strong>nt</strong></span> <span class='ocrx_word' id='word_1_164' title='bbox 711 1806 874 1869; x_wconf 88' lang='lat' dir='ltr'><strong>verisiniile</strong></span> <span class='ocrx_word' id='word_1_165' title='bbox 898 1807 948 1881; x_wconf 92' lang='lat' dir='ltr'><strong>sit,</strong></span> <span class='ocrx_word' id='word_1_166' title='bbox 972 1805 1076 1867; x_wconf 89' lang='lat' dir='ltr'><strong>Solem</strong></span> <span class='ocrx_word' id='word_1_167' title='bbox 1098 1802 1198 1864; x_wconf 92' lang='lat' dir='ltr'><strong>triduo</strong></span> <span class='ocrx_word' id='word_1_168' title='bbox 1218 1801 1338 1863; x_wconf 90' lang='lat' dir='ltr'><strong>circiter</strong></span> <span class='ocrx_word' id='word_1_169' title='bbox 1353 1803 1464 1884; x_wconf 88' lang='lat' dir='ltr'><strong>gyrari.</strong></span> <span class='ocrx_word' id='word_1_170' title='bbox 1477 1800 1518 1876; x_wconf 79' lang='lat'><strong>⁸⁰)</strong></span> 
     </span>
    </p>

    <p class='ocr_par' dir='ltr' id='par_1_5' title="bbox 170 1890 1552 2242">
     <span class='ocr_line' id='line_1_18' title="bbox 259 1890 1518 1976; baseline 0 -21"><span class='ocrx_word' id='word_1_171' title='bbox 259 1894 313 1956; x_wconf 91' lang='lat' dir='ltr'><strong>Sin</strong></span> <span class='ocrx_word' id='word_1_172' title='bbox 338 1902 438 1954; x_wconf 87' lang='lat' dir='ltr'><strong>autem</strong></span> <span class='ocrx_word' id='word_1_173' title='bbox 461 1893 557 1955; x_wconf 86' lang='lat' dir='ltr'><strong>mavis</strong></span> <span class='ocrx_word' id='word_1_174' title='bbox 581 1895 717 1957; x_wconf 91' lang='lat' dir='ltr'><strong>diurnum</strong></span> <span class='ocrx_word' id='word_1_175' title='bbox 734 1896 799 1958; x_wconf 87' lang='lat' dir='ltr'><strong>Soli</strong></span> <span class='ocrx_word' id='word_1_176' title='bbox 822 1905 941 1975; x_wconf 91' lang='lat' dir='ltr'><strong>tempus</strong></span> <span class='ocrx_word' id='word_1_177' title='bbox 963 1892 1180 1976; x_wconf 86' lang='lat' dir='ltr'><strong>praescribere,</strong></span> <span class='ocrx_word' id='word_1_178' title='bbox 1204 1899 1236 1952; x_wconf 93' lang='lat' dir='ltr'><strong>ut</strong></span> <span class='ocrx_word' id='word_1_179' title='bbox 1260 1890 1367 1952; x_wconf 90' lang='lat' dir='ltr'><strong>diurna</strong></span> <span class='ocrx_word' id='word_1_180' title='bbox 1389 1892 1518 1955; x_wconf 88' lang='lat' dir='ltr'><strong>Telluris</strong></span> 
     </span>
     <span class='ocr_line' id='line_1_19' title="bbox 170 1979 1518 2066; baseline -0.001 -21"><span class='ocrx_word' id='word_1_181' title='bbox 170 1984 325 2045; x_wconf 90' lang='lat' dir='ltr'><strong>conversio</strong></span> <span class='ocrx_word' id='word_1_182' title='bbox 351 1983 380 2043; x_wconf 89' lang='lat' dir='ltr'><strong>vi</strong></span> <span class='ocrx_word' id='word_1_183' title='bbox 404 1983 532 2063; x_wconf 89' lang='lat' dir='ltr'><strong>quadarn</strong></span> <span class='ocrx_word' id='word_1_184' title='bbox 555 1985 726 2063; x_wconf 87' lang='lat' dir='ltr'><strong>magnetica</strong></span> <span class='ocrx_word' id='word_1_185' title='bbox 748 1986 938 2066; x_wconf 86' lang='lat' dir='ltr'><strong>dispensetur</strong></span> <span class='ocrx_word' id='word_1_186' title='bbox 968 2005 986 2044; x_wconf 90' lang='lat' dir='ltr'><strong>a</strong></span> <span class='ocrx_word' id='word_1_187' title='bbox 1016 1982 1122 2044; x_wconf 90' lang='lat' dir='ltr'><strong>diurna</strong></span> <span class='ocrx_word' id='word_1_188' title='bbox 1144 1979 1225 2060; x_wconf 91' lang='lat' dir='ltr'><strong>globi</strong></span> <span class='ocrx_word' id='word_1_189' title='bbox 1249 1980 1366 2043; x_wconf 84' lang='lat' dir='ltr'><strong>Solaris</strong></span> <span class='ocrx_word' id='word_1_190' title='bbox 1394 2000 1518 2043; x_wconf 88' lang='lat' dir='ltr'><strong>conver·</strong></span> 
     </span>
     <span class='ocr_line' id='line_1_20' title="bbox 171 2069 1516 2153; baseline -0.002 -18"><span class='ocrx_word' id='word_1_191' title='bbox 171 2073 265 2147; x_wconf 91' lang='lat' dir='ltr'><strong>sione,</strong></span> <span class='ocrx_word' id='word_1_192' title='bbox 290 2072 369 2133; x_wconf 90' lang='lat' dir='ltr'><strong>haud</strong></span> <span class='ocrx_word' id='word_1_193' title='bbox 385 2072 521 2152; x_wconf 89' lang='lat' dir='ltr'><strong>equidem</strong></span> <span class='ocrx_word' id='word_1_194' title='bbox 534 2074 772 2153; x_wconf 88' lang='lat' dir='ltr'><strong>repugnaverim.</strong></span> <span class='ocrx_word' id='word_1_195' title='bbox 813 2075 893 2137; x_wconf 85' lang='lat' dir='ltr'><strong>Sane</strong></span> <span class='ocrx_word' id='word_1_196' title='bbox 917 2071 1023 2153; x_wconf 88' lang='lat' dir='ltr'><strong>rapida</strong></span> <span class='ocrx_word' id='word_1_197' title='bbox 1047 2072 1109 2132; x_wconf 85' lang='lat' dir='ltr'><strong>ista</strong></span> <span class='ocrx_word' id='word_1_198' title='bbox 1126 2069 1244 2152; x_wconf 87' lang='lat' dir='ltr'><strong>gyratio</strong></span> <span class='ocrx_word' id='word_1_199' title='bbox 1269 2069 1306 2130; x_wconf 86' lang='lat' dir='ltr'><strong>ab</strong></span> <span class='ocrx_word' id='word_1_200' title='bbox 1331 2089 1516 2150; x_wconf 81' lang='lat' dir='ltr'><strong>eucarpum,</strong></span> 
     </span>
     <span class='ocr_line' id='line_1_21' title="bbox 170 2157 1552 2242; baseline -0.001 -19"><span class='ocrx_word' id='word_1_201' title='bbox 170 2163 200 2223; x_wconf 95' lang='lat' dir='ltr'><strong>in</strong></span> <span class='ocrx_word' id='word_1_202' title='bbox 225 2181 283 2242; x_wconf 90' lang='lat' dir='ltr'><strong>que</strong></span> <span class='ocrx_word' id='word_1_203' title='bbox 306 2161 419 2241; x_wconf 91' lang='lat' dir='ltr'><strong>primus</strong></span> <span class='ocrx_word' id='word_1_204' title='bbox 443 2169 528 2223; x_wconf 88' lang='lat' dir='ltr'><strong>aetus</strong></span> <span class='ocrx_word' id='word_1_205' title='bbox 552 2164 649 2227; x_wconf 88' lang='lat' dir='ltr'><strong>omnis</strong></span> <span class='ocrx_word' id='word_1_206' title='bbox 671 2173 770 2225; x_wconf 91' lang='lat' dir='ltr'><strong>motus</strong></span> <span class='ocrx_word' id='word_1_207' title='bbox 794 2164 883 2238; x_wconf 91' lang='lat' dir='ltr'><strong>inest,</strong></span> <span class='ocrx_word' id='word_1_208' title='bbox 906 2183 966 2223; x_wconf 94' lang='lat' dir='ltr'><strong>non</strong></span> <span class='ocrx_word' id='word_1_209' title='bbox 987 2161 1089 2225; x_wconf 83' lang='lat' dir='ltr'><strong>aliena</strong></span> <span class='ocrx_word' id='word_1_210' title='bbox 1112 2178 1179 2221; x_wconf 88' lang='lat' dir='ltr'><strong>esse</strong></span> <span class='ocrx_word' id='word_1_211' title='bbox 1203 2157 1330 2221; x_wconf 86' lang='lat' dir='ltr'><strong>videtur.</strong></span> <span class='ocrx_word' id='word_1_212' title='bbox 1547 2216 1552 2230; x_wconf 89' lang='grc'><strong>,</strong></span> 
     </span>
    </p>

    <p class='ocr_par' dir='ltr' id='par_1_6' title="bbox 260 2247 1519 2334">
     <span class='ocr_line' id='line_1_22' title="bbox 260 2247 1519 2334; baseline -0.002 -20"><span class='ocrx_word' id='word_1_213' title='bbox 260 2251 459 2328; x_wconf 84' lang='lat' dir='ltr'><strong>Confirmatur</strong></span> <span class='ocrx_word' id='word_1_214' title='bbox 489 2259 589 2313; x_wconf 85' lang='lat' dir='ltr'><strong>autem</strong></span> <span class='ocrx_word' id='word_1_215' title='bbox 617 2253 692 2314; x_wconf 90' lang='lat' dir='ltr'><strong>haec</strong></span> <span class='ocrx_word' id='word_1_216' title='bbox 715 2253 814 2334; x_wconf 92' lang='lat' dir='ltr'><strong>opinio</strong></span> <span class='ocrx_word' id='word_1_217' title='bbox 839 2254 889 2326; x_wconf 91' lang='lat' dir='ltr'><strong>(do</strong></span> <span class='ocrx_word' id='word_1_218' title='bbox 914 2250 1108 2314; x_wconf 80' lang='lat' dir='ltr'><strong>conversione</strong></span> <span class='ocrx_word' id='word_1_219' title='bbox 1132 2248 1267 2329; x_wconf 89' lang='lat' dir='ltr'><strong>corporis</strong></span> <span class='ocrx_word' id='word_1_220' title='bbox 1291 2247 1421 2324; x_wconf 79' lang='lat' dir='ltr'><strong>Solaria,</strong></span> <span class='ocrx_word' id='word_1_221' title='bbox 1444 2250 1519 2331; x_wconf 90' lang='lat' dir='ltr'><strong>qued</strong></span> 
     </span>
    </p>

    <p class='ocr_par' dir='ltr' id='par_1_7' title="bbox 125 2336 1520 2691">
     <span class='ocr_line' id='line_1_23' title="bbox 125 2336 1519 2421; baseline -0.001 -18"><span class='ocrx_word' id='word_1_222' title='bbox 125 2407 130 2417; x_wconf 71' lang='grc'><em>,</em></span> <span class='ocrx_word' id='word_1_223' title='bbox 171 2341 226 2403; x_wconf 89' lang='lat' dir='ltr'><strong>illa</strong></span> <span class='ocrx_word' id='word_1_224' title='bbox 249 2339 290 2401; x_wconf 88' lang='lat' dir='ltr'><strong>sit</strong></span> <span class='ocrx_word' id='word_1_225' title='bbox 313 2360 406 2400; x_wconf 87' lang='lat' dir='ltr'><strong>cansa</strong></span> <span class='ocrx_word' id='word_1_226' title='bbox 431 2349 530 2401; x_wconf 90' lang='lat' dir='ltr'><strong>motus</strong></span> <span class='ocrx_word' id='word_1_227' title='bbox 558 2341 689 2420; x_wconf 90' lang='lat' dir='ltr'><strong>planetis</strong></span> <span class='ocrx_word' id='word_1_228' title='bbox 713 2343 836 2415; x_wconf 90' lang='lat' dir='ltr'><strong>ceteris)</strong></span> <span class='ocrx_word' id='word_1_229' title='bbox 859 2343 916 2403; x_wconf 89' lang='lat' dir='ltr'><strong>huc</strong></span> <span class='ocrx_word' id='word_1_230' title='bbox 946 2341 1012 2421; x_wconf 91' lang='lat' dir='ltr'><strong>ipse</strong></span> <span class='ocrx_word' id='word_1_231' title='bbox 1042 2338 1178 2419; x_wconf 82' lang='lat' dir='ltr'><strong>exemplo</strong></span> <span class='ocrx_word' id='word_1_232' title='bbox 1203 2336 1334 2399; x_wconf 86' lang='lat' dir='ltr'><strong>Telluris</strong></span> <span class='ocrx_word' id='word_1_233' title='bbox 1366 2345 1399 2398; x_wconf 91' lang='lat' dir='ltr'><strong>et</strong></span> <span class='ocrx_word' id='word_1_234' title='bbox 1420 2339 1519 2401; x_wconf 90' lang='lat' dir='ltr'><strong>Lunae</strong></span> 
     </span>
     <span class='ocr_line' id='line_1_24' title="bbox 170 2427 1519 2511; baseline -0.001 -19"><span class='ocrx_word' id='word_1_235' title='bbox 170 2429 378 2511; x_wconf 89' lang='lat' dir='ltr'><strong>pulcherrime.</strong></span> <span class='ocrx_word' id='word_1_236' title='bbox 425 2430 504 2491; x_wconf 86' lang='lat' dir='ltr'><strong>Nam</strong></span> <span class='ocrx_word' id='word_1_237' title='bbox 536 2429 607 2510; x_wconf 88' lang='lat' dir='ltr'><strong>qnia</strong></span> <span class='ocrx_word' id='word_1_238' title='bbox 637 2432 741 2492; x_wconf 91' lang='lat' dir='ltr'><strong>Lunae</strong></span> <span class='ocrx_word' id='word_1_239' title='bbox 774 2440 873 2493; x_wconf 89' lang='lat' dir='ltr'><strong>motus</strong></span> <span class='ocrx_word' id='word_1_240' title='bbox 905 2429 1043 2510; x_wconf 88' lang='lat' dir='ltr'><strong>capitalis</strong></span> <span class='ocrx_word' id='word_1_241' title='bbox 1068 2436 1098 2489; x_wconf 93' lang='lat' dir='ltr'><strong>et</strong></span> <span class='ocrx_word' id='word_1_242' title='bbox 1129 2434 1309 2510; x_wconf 85' lang='lat' dir='ltr'><strong>menstruus,</strong></span> <span class='ocrx_word' id='word_1_243' title='bbox 1344 2427 1374 2488; x_wconf 90' lang='lat' dir='ltr'><strong>vi</strong></span> <span class='ocrx_word' id='word_1_244' title='bbox 1399 2427 1519 2491; x_wconf 89' lang='lat' dir='ltr'><strong>demon-</strong></span> 
     </span>
     <span class='ocr_line' id='line_1_25' title="bbox 172 2515 1520 2600; baseline -0.001 -19"><span class='ocrx_word' id='word_1_245' title='bbox 172 2519 352 2581; x_wconf 89' lang='lat' dir='ltr'><strong>strationum</strong></span> <span class='ocrx_word' id='word_1_246' title='bbox 375 2538 438 2599; x_wconf 92' lang='lat' dir='ltr'><strong>cap.</strong></span> <span class='ocrx_word' id='word_1_247' title='bbox 472 2518 608 2582; x_wconf 87' lang='lat' dir='ltr'>XXXII.</span> <span class='ocrx_word' id='word_1_248' title='bbox 646 2520 797 2583; x_wconf 90' lang='lat' dir='ltr'>XXXIII.</span> <span class='ocrx_word' id='word_1_249' title='bbox 835 2527 1060 2600; x_wconf 83' lang='lat' dir='ltr'><strong>usurpatorum,</strong></span> <span class='ocrx_word' id='word_1_250' title='bbox 1096 2515 1214 2578; x_wconf 90' lang='lat' dir='ltr'><strong>omnine</strong></span> <span class='ocrx_word' id='word_1_251' title='bbox 1256 2534 1294 2576; x_wconf 87' lang='lat' dir='ltr'><strong>ex</strong></span> <span class='ocrx_word' id='word_1_252' title='bbox 1317 2515 1440 2578; x_wconf 90' lang='lat' dir='ltr'><strong>Tellure</strong></span> <span class='ocrx_word' id='word_1_253' title='bbox 1470 2536 1520 2580; x_wconf 85' lang='lat' dir='ltr'><strong>eeu</strong></span> 
     </span>
     <span class='ocr_line' id='line_1_26' title="bbox 172 2605 1519 2691; baseline 0 -21"><span class='ocrx_word' id='word_1_254' title='bbox 172 2610 254 2672; x_wconf 84' lang='lat' dir='ltr'><strong>fonte</strong></span> <span class='ocrx_word' id='word_1_255' title='bbox 279 2615 326 2669; x_wconf 88' lang='lat' dir='ltr'><strong>est</strong></span> <span class='ocrx_word' id='word_1_256' title='bbox 349 2608 432 2680; x_wconf 90' lang='lat' dir='ltr'><strong>(nam</strong></span> <span class='ocrx_word' id='word_1_257' title='bbox 455 2608 534 2688; x_wconf 91' lang='lat' dir='ltr'><strong>qnod</strong></span> <span class='ocrx_word' id='word_1_258' title='bbox 558 2617 605 2670; x_wconf 89' lang='lat' dir='ltr'><strong>est</strong></span> <span class='ocrx_word' id='word_1_259' title='bbox 628 2609 676 2670; x_wconf 93' lang='lat' dir='ltr'><strong>hie</strong></span> <span class='ocrx_word' id='word_1_260' title='bbox 700 2610 755 2673; x_wconf 87' lang='lat' dir='ltr'><strong>Sol</strong></span> <span class='ocrx_word' id='word_1_261' title='bbox 777 2610 908 2691; x_wconf 90' lang='lat' dir='ltr'><strong>planetis</strong></span> <span class='ocrx_word' id='word_1_262' title='bbox 932 2609 1055 2682; x_wconf 89' lang='lat' dir='ltr'><strong>ceteris,</strong></span> <span class='ocrx_word' id='word_1_263' title='bbox 1087 2607 1144 2667; x_wconf 89' lang='lat' dir='ltr'><strong>hoc</strong></span> <span class='ocrx_word' id='word_1_264' title='bbox 1176 2613 1224 2666; x_wconf 89' lang='lat' dir='ltr'><strong>est</strong></span> <span class='ocrx_word' id='word_1_265' title='bbox 1246 2607 1342 2666; x_wconf 87' lang='lat' dir='ltr'><strong>Terra</strong></span> <span class='ocrx_word' id='word_1_266' title='bbox 1364 2605 1519 2669; x_wconf 87' lang='lat' dir='ltr'><strong>Lunaein</strong></span> 
     </span>
    </p>

    <p class='ocr_par' dir='ltr' id='par_1_8' title="bbox 70 2694 1520 3137">
     <span class='ocr_line' id='line_1_27' title="bbox 70 2694 1520 2783; baseline 0 -24"><span class='ocrx_word' id='word_1_267' title='bbox 70 2764 80 2783; x_wconf 35' lang='grc' dir='ltr'>ι</span> <span class='ocrx_word' id='word_1_268' title='bbox 172 2698 226 2759; x_wconf 90' lang='lat' dir='ltr'><strong>illa</strong></span> <span class='ocrx_word' id='word_1_269' title='bbox 244 2695 524 2771; x_wconf 88' lang='lat' dir='ltr'><strong>demonstratione).</strong></span> <span class='ocrx_word' id='word_1_270' title='bbox 565 2697 731 2761; x_wconf 88' lang='lat' dir='ltr'><strong>Considera</strong></span> <span class='ocrx_word' id='word_1_271' title='bbox 754 2699 855 2779; x_wconf 89' lang='lat' dir='ltr'><strong>igitur,</strong></span> <span class='ocrx_word' id='word_1_272' title='bbox 879 2698 1026 2780; x_wconf 92' lang='lat' dir='ltr'><strong>quomodo</strong></span> <span class='ocrx_word' id='word_1_273' title='bbox 1045 2696 1149 2758; x_wconf 85' lang='lat' dir='ltr'><strong>Tellus</strong></span> <span class='ocrx_word' id='word_1_274' title='bbox 1168 2702 1274 2756; x_wconf 91' lang='lat' dir='ltr'><strong>nostra</strong></span> <span class='ocrx_word' id='word_1_275' title='bbox 1287 2694 1392 2756; x_wconf 88' lang='lat' dir='ltr'><strong>Lunae</strong></span> <span class='ocrx_word' id='word_1_276' title='bbox 1411 2703 1520 2759; x_wconf 90' lang='lat' dir='ltr'><strong>motum</strong></span> 
     </span>
     <span class='ocr_line' id='line_1_28' title="bbox 173 2782 1520 2866; baseline -0.001 -18"><span class='ocrx_word' id='word_1_277' title='bbox 173 2787 296 2848; x_wconf 86' lang='lat' dir='ltr'><strong>inferat:</strong></span> <span class='ocrx_word' id='word_1_278' title='bbox 323 2787 392 2847; x_wconf 88' lang='lat' dir='ltr'><strong>dnm</strong></span> <span class='ocrx_word' id='word_1_279' title='bbox 416 2805 521 2866; x_wconf 89' lang='lat' dir='ltr'><strong>nempe</strong></span> <span class='ocrx_word' id='word_1_280' title='bbox 540 2788 643 2848; x_wconf 89' lang='lat' dir='ltr'><strong>Tellus</strong></span> <span class='ocrx_word' id='word_1_281' title='bbox 667 2789 741 2849; x_wconf 86' lang='lat' dir='ltr'><strong>haee</strong></span> <span class='ocrx_word' id='word_1_282' title='bbox 758 2797 863 2850; x_wconf 90' lang='lat' dir='ltr'><strong>nostra</strong></span> <span class='ocrx_word' id='word_1_283' title='bbox 886 2798 918 2849; x_wconf 91' lang='lat' dir='ltr'><strong>et</strong></span> <span class='ocrx_word' id='word_1_284' title='bbox 944 2806 1010 2848; x_wconf 90' lang='lat' dir='ltr'><strong>eum</strong></span> <span class='ocrx_word' id='word_1_285' title='bbox 1034 2806 1071 2848; x_wconf 90' lang='lat' dir='ltr'><strong>ea</strong></span> <span class='ocrx_word' id='word_1_286' title='bbox 1094 2784 1212 2865; x_wconf 87' lang='lat' dir='ltr'><strong>species</strong></span> <span class='ocrx_word' id='word_1_287' title='bbox 1228 2784 1293 2864; x_wconf 90' lang='lat' dir='ltr'><strong>ejus</strong></span> <span class='ocrx_word' id='word_1_288' title='bbox 1321 2782 1520 2848; x_wconf 89' lang='lat' dir='ltr'><strong>immateriata</strong></span> 
     </span>
     <span class='ocr_line' id='line_1_29' title="bbox 173 2872 1520 2956; baseline 0.002 -20"><span class='ocrx_word' id='word_1_289' title='bbox 173 2876 266 2956; x_wconf 88' lang='lat' dir='ltr'><strong>vicies</strong></span> <span class='ocrx_word' id='word_1_290' title='bbox 299 2876 402 2937; x_wconf 88' lang='lat' dir='ltr'><strong>novies</strong></span> <span class='ocrx_word' id='word_1_291' title='bbox 435 2876 527 2937; x_wconf 87' lang='lat' dir='ltr'><strong>semis</strong></span> <span class='ocrx_word' id='word_1_292' title='bbox 557 2877 745 2939; x_wconf 73' lang='lat' dir='ltr'><strong>convellitur</strong></span> <span class='ocrx_word' id='word_1_293' title='bbox 777 2878 858 2939; x_wconf 89' lang='lat' dir='ltr'><strong>circa</strong></span> <span class='ocrx_word' id='word_1_294' title='bbox 893 2895 978 2939; x_wconf 91' lang='lat' dir='ltr'><strong>suum</strong></span> <span class='ocrx_word' id='word_1_295' title='bbox 1009 2896 1111 2950; x_wconf 84' lang='lat' dir='ltr'><strong>axem,</strong></span> <span class='ocrx_word' id='word_1_296' title='bbox 1153 2873 1270 2952; x_wconf 90' lang='lat' dir='ltr'><strong>species</strong></span> <span class='ocrx_word' id='word_1_297' title='bbox 1306 2872 1384 2936; x_wconf 89' lang='lat' dir='ltr'><strong>haec</strong></span> <span class='ocrx_word' id='word_1_298' title='bbox 1412 2875 1520 2939; x_wconf 85' lang='lat' dir='ltr'><strong>emissa</strong></span> 
     </span>
     <span class='ocr_line' id='line_1_30' title="bbox 173 2961 1520 3073; baseline 0.001 -47"><span class='ocrx_word' id='word_1_299' title='bbox 173 2974 290 3026; x_wconf 85' lang='lat' dir='ltr'><strong>tantum</strong></span> <span class='ocrx_word' id='word_1_300' title='bbox 312 2972 415 3043; x_wconf 85' lang='lat' dir='ltr'><strong>potest</strong></span> <span class='ocrx_word' id='word_1_301' title='bbox 438 2964 468 3024; x_wconf 91' lang='lat' dir='ltr'><strong>in</strong></span> <span class='ocrx_word' id='word_1_302' title='bbox 487 2965 612 3039; x_wconf 86' lang='lat' dir='ltr'><strong>Lunum,</strong></span> <span class='ocrx_word' id='word_1_303' title='bbox 640 2975 673 3026; x_wconf 91' lang='lat' dir='ltr'><strong>ut</strong></span> <span class='ocrx_word' id='word_1_304' title='bbox 697 2967 780 3027; x_wconf 92' lang='lat' dir='ltr'><strong>illam</strong></span> <span class='ocrx_word' id='word_1_305' title='bbox 803 2967 921 3028; x_wconf 90' lang='lat' dir='ltr'><strong>interim</strong></span> <span class='ocrx_word' id='word_1_306' title='bbox 946 2966 1070 3027; x_wconf 87' lang='lat' dir='ltr'><strong>semel</strong></span> <span class='ocrx_word' id='word_1_307' title='bbox 1062 2986 1092 3027; x_wconf 86' lang='grc' dir='ltr'><strong>ιιι</strong></span> <span class='ocrx_word' id='word_1_308' title='bbox 1117 2962 1218 3026; x_wconf 92' lang='lat' dir='ltr'><strong>orbem</strong></span> <span class='ocrx_word' id='word_1_309' title='bbox 1242 2961 1356 3043; x_wconf 90' lang='lat' dir='ltr'><strong>agat,</strong></span> <span class='ocrx_word' id='word_1_310' title='bbox 1346 2981 1381 3025; x_wconf 85' lang='lat' dir='ltr'><strong>m</strong></span> <span class='ocrx_word' id='word_1_311' title='bbox 1401 2963 1520 3073; x_wconf 80' lang='lat' dir='ltr'><strong>plagam</strong></span> 
     </span>
     <span class='ocr_line' id='line_1_31' title="bbox 174 3053 964 3157; baseline -0.001 -40"><span class='ocrx_word' id='word_1_312' title='bbox 174 3055 293 3135; x_wconf 89' lang='lat' dir='ltr'><strong>quidem</strong></span> <span class='ocrx_word' id='word_1_313' title='bbox 317 3053 484 3127; x_wconf 92' lang='lat' dir='ltr'><strong>eandem,</strong></span> <span class='ocrx_word' id='word_1_314' title='bbox 477 3074 507 3114; x_wconf 92' lang='grc' dir='ltr'><strong>ιιι</strong></span> <span class='ocrx_word' id='word_1_315' title='bbox 531 3074 619 3157; x_wconf 81' lang='lat' dir='ltr'><strong>quam</strong></span> <span class='ocrx_word' id='word_1_316' title='bbox 641 3056 777 3117; x_wconf 85' lang='lat' dir='ltr'><strong>Tellus</strong></span> <span class='ocrx_word' id='word_1_317' title='bbox 770 3076 837 3137; x_wconf 82' lang='lat' dir='ltr'><strong>ipsa</strong></span> <span class='ocrx_word' id='word_1_318' title='bbox 858 3056 964 3136; x_wconf 88' lang='lat' dir='ltr'><strong>praeit</strong></span> 
     </span>
    </p>

    <p class='ocr_par' dir='ltr' id='par_1_9' title="bbox 174 3094 1520 3315">
     <span class='ocr_line' id='line_1_32' title="bbox 262 3094 1520 3223; baseline 0 -19"><span class='ocrx_word' id='word_1_319' title='bbox 262 3143 324 3205; x_wconf 87' lang='lat' dir='ltr'><strong>Sed</strong></span> <span class='ocrx_word' id='word_1_320' title='bbox 346 3142 403 3203; x_wconf 90' lang='lat' dir='ltr'><strong>hue</strong></span> <span class='ocrx_word' id='word_1_321' title='bbox 427 3142 545 3204; x_wconf 91' lang='lat' dir='ltr'><strong>interim</strong></span> <span class='ocrx_word' id='word_1_322' title='bbox 568 3144 688 3219; x_wconf 91' lang='lat' dir='ltr'><strong>mirum,</strong></span> <span class='ocrx_word' id='word_1_323' title='bbox 722 3155 855 3207; x_wconf 89' lang='lat' dir='ltr'><strong>centrum</strong></span> <span class='ocrx_word' id='word_1_324' title='bbox 878 3146 981 3208; x_wconf 92' lang='lat' dir='ltr'><strong>Lunae</strong></span> <span class='ocrx_word' id='word_1_325' title='bbox 1005 3143 1095 3223; x_wconf 92' lang='lat' dir='ltr'><strong>duplo</strong></span> <span class='ocrx_word' id='word_1_326' title='bbox 1119 3140 1285 3220; x_wconf 90' lang='lat' dir='ltr'><strong>longiorem</strong></span> <span class='ocrx_word' id='word_1_327' title='bbox 1308 3094 1440 3207; x_wconf 75' lang='lat' dir='ltr'><strong>linealis</strong></span> <span class='ocrx_word' id='word_1_328' title='bbox 1444 3141 1520 3205; x_wconf 83' lang='lat' dir='ltr'><strong>circa</strong></span> 
     </span>
     <span class='ocr_line' id='line_1_33' title="bbox 174 3230 1518 3315; baseline -0.001 -21"><span class='ocrx_word' id='word_1_329' title='bbox 174 3241 309 3308; x_wconf 83' lang='lat' dir='ltr'><strong>centrum</strong></span> <span class='ocrx_word' id='word_1_330' title='bbox 327 3234 438 3294; x_wconf 90' lang='lat' dir='ltr'><strong>Terrae</strong></span> <span class='ocrx_word' id='word_1_331' title='bbox 464 3232 579 3294; x_wconf 88' lang='lat' dir='ltr'><strong>emetiri</strong></span> <span class='ocrx_word' id='word_1_332' title='bbox 602 3234 736 3314; x_wconf 90' lang='lat' dir='ltr'><strong>quolibet</strong></span> <span class='ocrx_word' id='word_1_333' title='bbox 758 3243 901 3315; x_wconf 89' lang='lat' dir='ltr'><strong>tempore,</strong></span> <span class='ocrx_word' id='word_1_334' title='bbox 925 3254 1014 3314; x_wconf 90' lang='lat' dir='ltr'><strong>quam</strong></span> <span class='ocrx_word' id='word_1_335' title='bbox 1037 3232 1167 3312; x_wconf 86' lang='lat' dir='ltr'><strong>aliquem</strong></span> <span class='ocrx_word' id='word_1_336' title='bbox 1189 3230 1319 3293; x_wconf 90' lang='lat' dir='ltr'><strong>locum</strong></span> <span class='ocrx_word' id='word_1_337' title='bbox 1311 3250 1342 3292; x_wconf 92' lang='lat' dir='ltr'><strong>m</strong></span> <span class='ocrx_word' id='word_1_338' title='bbox 1365 3232 1518 3312; x_wconf 85' lang='lat' dir='ltr'><strong>superficie</strong></span> 
     </span>
    </p>

    <p class='ocr_par' dir='ltr' id='par_1_10' title="bbox 70 3318 1518 3582">
     <span class='ocr_line' id='line_1_34' title="bbox 70 3318 1518 3402; baseline -0.001 -19"><span class='ocrx_word' id='word_1_339' title='bbox 70 3344 77 3359; x_wconf 90' lang='lat'><strong>·</strong></span> <span class='ocrx_word' id='word_1_340' title='bbox 174 3322 304 3383; x_wconf 89' lang='lat' dir='ltr'><strong>Telluris</strong></span> <span class='ocrx_word' id='word_1_341' title='bbox 337 3321 491 3401; x_wconf 85' lang='lat' dir='ltr'><strong>aequaturi</strong></span> <span class='ocrx_word' id='word_1_342' title='bbox 514 3322 627 3383; x_wconf 90' lang='lat' dir='ltr'><strong>circulo</strong></span> <span class='ocrx_word' id='word_1_343' title='bbox 655 3322 785 3385; x_wconf 81' lang='lat' dir='ltr'><strong>maximo</strong></span> <span class='ocrx_word' id='word_1_344' title='bbox 809 3324 1021 3402; x_wconf 90' lang='lat' dir='ltr'><strong>subjacentem.</strong></span> <span class='ocrx_word' id='word_1_345' title='bbox 1069 3322 1103 3384; x_wconf 86' lang='lat' dir='ltr'><strong>Si</strong></span> <span class='ocrx_word' id='word_1_346' title='bbox 1133 3319 1212 3382; x_wconf 91' lang='lat' dir='ltr'><strong>enim</strong></span> <span class='ocrx_word' id='word_1_347' title='bbox 1239 3318 1417 3401; x_wconf 86' lang='lat' dir='ltr'><strong>aequalibus</strong></span> <span class='ocrx_word' id='word_1_348' title='bbox 1432 3326 1518 3389; x_wconf 72' lang='lat' dir='ltr'><strong>&#39;tan-</strong></span> 
     </span>
     <span class='ocr_line' id='line_1_35' title="bbox 173 3406 1518 3491; baseline 0.001 -19"><span class='ocrx_word' id='word_1_349' title='bbox 173 3411 295 3491; x_wconf 89' lang='lat' dir='ltr'><strong>poribus</strong></span> <span class='ocrx_word' id='word_1_350' title='bbox 319 3410 457 3490; x_wconf 84' lang='lat' dir='ltr'><strong>aequalia</strong></span> <span class='ocrx_word' id='word_1_351' title='bbox 481 3413 580 3491; x_wconf 86' lang='lat' dir='ltr'><strong>spatia</strong></span> <span class='ocrx_word' id='word_1_352' title='bbox 603 3413 804 3487; x_wconf 87' lang='lat' dir='ltr'><strong>emetirentur,</strong></span> <span class='ocrx_word' id='word_1_353' title='bbox 828 3414 945 3474; x_wconf 90' lang='lat' dir='ltr'><strong>Lunam</strong></span> <span class='ocrx_word' id='word_1_354' title='bbox 970 3411 1158 3490; x_wconf 87' lang='lat' dir='ltr'><strong>sexagesimo</strong></span> <span class='ocrx_word' id='word_1_355' title='bbox 1174 3409 1223 3470; x_wconf 92' lang='lat' dir='ltr'><strong>die</strong></span> <span class='ocrx_word' id='word_1_356' title='bbox 1245 3409 1365 3472; x_wconf 89' lang='lat' dir='ltr'><strong>restitui</strong></span> <span class='ocrx_word' id='word_1_357' title='bbox 1381 3406 1518 3490; x_wconf 78' lang='lat' dir='ltr'><strong>oportuit,</strong></span> 
     </span>
     <span class='ocr_line' id='line_1_36' title="bbox 175 3498 1517 3582; baseline 0.002 -21"><span class='ocrx_word' id='word_1_358' title='bbox 175 3520 241 3561; x_wconf 88' lang='lat' dir='ltr'><strong>cum</strong></span> <span class='ocrx_word' id='word_1_359' title='bbox 265 3499 479 3578; x_wconf 73' lang='lat' dir='ltr'><strong>amplitudop</strong></span> <span class='ocrx_word' id='word_1_360' title='bbox 454 3519 518 3560; x_wconf 90' lang='lat' dir='ltr'><strong>ens</strong></span> <span class='ocrx_word' id='word_1_361' title='bbox 542 3500 623 3563; x_wconf 93' lang='lat' dir='ltr'><strong>orbis</strong></span> <span class='ocrx_word' id='word_1_362' title='bbox 654 3502 696 3563; x_wconf 91' lang='lat' dir='ltr'><strong>sit</strong></span> <span class='ocrx_word' id='word_1_363' title='bbox 725 3503 925 3582; x_wconf 83' lang='lat' dir='ltr'><strong>senageeupla</strong></span> <span class='ocrx_word' id='word_1_364' title='bbox 952 3502 991 3562; x_wconf 88' lang='lat' dir='ltr'><strong>ad</strong></span> <span class='ocrx_word' id='word_1_365' title='bbox 1014 3501 1145 3563; x_wconf 86' lang='lat' dir='ltr'><strong>Telluris</strong></span> <span class='ocrx_word' id='word_1_366' title='bbox 1174 3498 1256 3578; x_wconf 91' lang='lat' dir='ltr'><strong>globi</strong></span> <span class='ocrx_word' id='word_1_367' title='bbox 1284 3499 1517 3581; x_wconf 88' lang='lat' dir='ltr'><strong>amplitudinem.</strong></span> 
     </span>
    </p>

    <p class='ocr_par' dir='ltr' id='par_1_11' title="bbox 165 3574 1560 4463">
     <span class='ocr_line' id='line_1_37' title="bbox 262 3574 1517 3671; baseline 0.001 -20"><span class='ocrx_word' id='word_1_368' title='bbox 262 3587 410 3651; x_wconf 89' lang='lat' dir='ltr'><strong>Nimirum</strong></span> <span class='ocrx_word' id='word_1_369' title='bbox 435 3597 520 3650; x_wconf 85' lang='lat' dir='ltr'><strong>tanta</strong></span> <span class='ocrx_word' id='word_1_370' title='bbox 543 3589 589 3652; x_wconf 90' lang='lat' dir='ltr'><strong>vis</strong></span> <span class='ocrx_word' id='word_1_371' title='bbox 609 3600 656 3653; x_wconf 90' lang='lat' dir='ltr'><strong>est</strong></span> <span class='ocrx_word' id='word_1_372' title='bbox 680 3592 789 3671; x_wconf 89' lang='lat' dir='ltr'><strong>speciei</strong></span> <span class='ocrx_word' id='word_1_373' title='bbox 813 3574 1031 3653; x_wconf 87' lang='lat' dir='ltr'><strong>immateriatae</strong></span> <span class='ocrx_word' id='word_1_374' title='bbox 1047 3589 1187 3662; x_wconf 89' lang='lat' dir='ltr'><strong>Telluris,</strong></span> <span class='ocrx_word' id='word_1_375' title='bbox 1210 3588 1341 3650; x_wconf 88' lang='lat' dir='ltr'><strong>Lunaris</strong></span> <span class='ocrx_word' id='word_1_376' title='bbox 1365 3609 1438 3652; x_wconf 89' lang='lat' dir='ltr'><strong>vero</strong></span> <span class='ocrx_word' id='word_1_377' title='bbox 1455 3610 1517 3652; x_wconf 90' lang='lat' dir='ltr'><strong>eor·</strong></span> 
     </span>
     <span class='ocr_line' id='line_1_38' title="bbox 175 3677 1518 3782; baseline 0.002 -42"><span class='ocrx_word' id='word_1_378' title='bbox 175 3679 259 3761; x_wconf 89' lang='lat' dir='ltr'><strong>poris</strong></span> <span class='ocrx_word' id='word_1_379' title='bbox 282 3678 385 3758; x_wconf 92' lang='lat' dir='ltr'><strong>procul</strong></span> <span class='ocrx_word' id='word_1_380' title='bbox 401 3677 489 3739; x_wconf 90' lang='lat' dir='ltr'><strong>dubio</strong></span> <span class='ocrx_word' id='word_1_381' title='bbox 509 3698 618 3758; x_wconf 85' lang='lat' dir='ltr'><strong>magna</strong></span> <span class='ocrx_word' id='word_1_382' title='bbox 641 3680 751 3742; x_wconf 89' lang='lat' dir='ltr'><strong>raritas</strong></span> <span class='ocrx_word' id='word_1_383' title='bbox 766 3691 797 3743; x_wconf 92' lang='lat' dir='ltr'><strong>et</strong></span> <span class='ocrx_word' id='word_1_384' title='bbox 820 3681 978 3742; x_wconf 90' lang='lat' dir='ltr'><strong>imbecillis</strong></span> <span class='ocrx_word' id='word_1_385' title='bbox 993 3678 1201 3782; x_wconf 87' lang='lat' dir='ltr'><strong>repugnantia.</strong></span> <span class='ocrx_word' id='word_1_386' title='bbox 1240 3680 1345 3759; x_wconf 81' lang='lat' dir='ltr'><strong>ltaque</strong></span> <span class='ocrx_word' id='word_1_387' title='bbox 1370 3687 1404 3741; x_wconf 91' lang='lat' dir='ltr'><strong>ut</strong></span> <span class='ocrx_word' id='word_1_388' title='bbox 1426 3679 1518 3767; x_wconf 83' lang='lat' dir='ltr'><strong>admi·</strong></span> 
     </span>
     <span class='ocr_line' id='line_1_39' title="bbox 175 3766 1517 3852; baseline 0.001 -23"><span class='ocrx_word' id='word_1_389' title='bbox 175 3769 253 3829; x_wconf 87' lang='lat' dir='ltr'><strong>ratio</strong></span> <span class='ocrx_word' id='word_1_390' title='bbox 277 3766 402 3828; x_wconf 90' lang='lat' dir='ltr'><strong>tollatur</strong></span> <span class='ocrx_word' id='word_1_391' title='bbox 424 3769 584 3847; x_wconf 91' lang='lat' dir='ltr'><strong>perpende,</strong></span> <span class='ocrx_word' id='word_1_392' title='bbox 608 3770 686 3850; x_wconf 94' lang='lat' dir='ltr'><strong>quod</strong></span> <span class='ocrx_word' id='word_1_393' title='bbox 709 3770 758 3832; x_wconf 88' lang='lat' dir='ltr'><strong>his</strong></span> <span class='ocrx_word' id='word_1_394' title='bbox 781 3770 890 3852; x_wconf 88' lang='lat' dir='ltr'><strong>positis</strong></span> <span class='ocrx_word' id='word_1_395' title='bbox 912 3769 1067 3850; x_wconf 89' lang='lat' dir='ltr'><strong>principiis</strong></span> <span class='ocrx_word' id='word_1_396' title='bbox 1087 3769 1205 3830; x_wconf 93' lang='lat' dir='ltr'><strong>omuino</strong></span> <span class='ocrx_word' id='word_1_397' title='bbox 1220 3784 1408 3848; x_wconf 86' lang='lat' dir='ltr'><strong>consequeus</strong></span> <span class='ocrx_word' id='word_1_398' title='bbox 1431 3777 1517 3843; x_wconf 76' lang='lat' dir='ltr'><strong>esset,</strong></span> 
     </span>
     <span class='ocr_line' id='line_1_40' title="bbox 175 3855 1560 3962; baseline 0.001 -42"><span class='ocrx_word' id='word_1_399' title='bbox 175 3860 306 3931; x_wconf 88' lang='lat' dir='ltr'><strong>Lunam,</strong></span> <span class='ocrx_word' id='word_1_400' title='bbox 341 3855 365 3916; x_wconf 91' lang='lat' dir='ltr'><strong>si</strong></span> <span class='ocrx_word' id='word_1_401' title='bbox 389 3857 533 3917; x_wconf 84' lang='lat' dir='ltr'><strong>ruuteriae</strong></span> <span class='ocrx_word' id='word_1_402' title='bbox 562 3859 593 3919; x_wconf 90' lang='lat' dir='ltr'><strong>vi</strong></span> <span class='ocrx_word' id='word_1_403' title='bbox 620 3860 708 3939; x_wconf 87' lang='lat' dir='ltr'><strong>plane</strong></span> <span class='ocrx_word' id='word_1_404' title='bbox 736 3860 812 3923; x_wconf 91' lang='lat' dir='ltr'><strong>nihil</strong></span> <span class='ocrx_word' id='word_1_405' title='bbox 843 3867 1024 3940; x_wconf 87' lang='lat' dir='ltr'><strong>repugnaret</strong></span> <span class='ocrx_word' id='word_1_406' title='bbox 1052 3867 1115 3918; x_wconf 91' lang='lat' dir='ltr'><strong>mot</strong></span> <span class='ocrx_word' id='word_1_407' title='bbox 1116 3857 1145 3918; x_wconf 93' lang='lat' dir='ltr'><strong>ui</strong></span> <span class='ocrx_word' id='word_1_408' title='bbox 1168 3878 1187 3918; x_wconf 90' lang='lat' dir='ltr'><strong>a</strong></span> <span class='ocrx_word' id='word_1_409' title='bbox 1210 3859 1305 3918; x_wconf 86' lang='lat' dir='ltr'><strong>Terra</strong></span> <span class='ocrx_word' id='word_1_410' title='bbox 1311 3858 1560 3962; x_wconf 43' lang='lat' dir='ltr'><strong>extrinsecus*</strong></span> 
     </span>
     <span class='ocr_line' id='line_1_41' title="bbox 165 3944 1515 4028; baseline 0.002 -20"><span class='ocrx_word' id='word_1_411' title='bbox 165 3944 278 4020; x_wconf 87' lang='lat' dir='ltr'><strong>illato,</strong></span> <span class='ocrx_word' id='word_1_412' title='bbox 310 3945 376 4025; x_wconf 89' lang='lat' dir='ltr'><strong>rapi</strong></span> <span class='ocrx_word' id='word_1_413' title='bbox 400 3945 505 4006; x_wconf 90' lang='lat' dir='ltr'><strong>eadem</strong></span> <span class='ocrx_word' id='word_1_414' title='bbox 534 3948 622 4027; x_wconf 88' lang='lat' dir='ltr'><strong>plane</strong></span> <span class='ocrx_word' id='word_1_415' title='bbox 646 3949 802 4011; x_wconf 89' lang='lat' dir='ltr'><strong>celeritate</strong></span> <span class='ocrx_word' id='word_1_416' title='bbox 831 3970 896 4012; x_wconf 90' lang='lat' dir='ltr'><strong>euru</strong></span> <span class='ocrx_word' id='word_1_417' title='bbox 929 3953 996 4028; x_wconf 86' lang='lat' dir='ltr'><strong>ipsa</strong></span> <span class='ocrx_word' id='word_1_418' title='bbox 1023 3947 1122 4027; x_wconf 89' lang='lat' dir='ltr'><strong>specie</strong></span> <span class='ocrx_word' id='word_1_419' title='bbox 1147 3945 1277 4008; x_wconf 91' lang='lat' dir='ltr'><strong>Telluris</strong></span> <span class='ocrx_word' id='word_1_420' title='bbox 1309 3947 1515 4022; x_wconf 82' lang='lat' dir='ltr'><strong>immateriata,</strong></span> 
     </span>
     <span class='ocr_line' id='line_1_42' title="bbox 174 4032 1517 4118; baseline 0.001 -21"><span class='ocrx_word' id='word_1_421' title='bbox 174 4037 231 4097; x_wconf 91' lang='lat' dir='ltr'><strong>hoe</strong></span> <span class='ocrx_word' id='word_1_422' title='bbox 262 4043 310 4096; x_wconf 89' lang='lat' dir='ltr'><strong>est</strong></span> <span class='ocrx_word' id='word_1_423' title='bbox 332 4054 399 4096; x_wconf 90' lang='lat' dir='ltr'><strong>cum</strong></span> <span class='ocrx_word' id='word_1_424' title='bbox 425 4034 491 4114; x_wconf 86' lang='lat' dir='ltr'><strong>ipsa</strong></span> <span class='ocrx_word' id='word_1_425' title='bbox 514 4037 634 4099; x_wconf 92' lang='lat' dir='ltr'><strong>Tellure</strong></span> <span class='ocrx_word' id='word_1_426' title='bbox 667 4047 698 4099; x_wconf 91' lang='lat' dir='ltr'><strong>et</strong></span> <span class='ocrx_word' id='word_1_427' title='bbox 730 4039 884 4101; x_wconf 89' lang='lat' dir='ltr'><strong>circumire</strong></span> <span class='ocrx_word' id='word_1_428' title='bbox 917 4037 1015 4117; x_wconf 89' lang='lat' dir='ltr'><strong>spatio</strong></span> <span class='ocrx_word' id='word_1_429' title='bbox 1046 4032 1088 4098; x_wconf 72' lang='lat'><strong>24</strong></span> <span class='ocrx_word' id='word_1_430' title='bbox 1118 4036 1267 4108; x_wconf 89' lang='lat' dir='ltr'><strong>horarum,</strong></span> <span class='ocrx_word' id='word_1_431' title='bbox 1293 4057 1351 4118; x_wconf 93' lang='lat' dir='ltr'><strong>quo</strong></span> <span class='ocrx_word' id='word_1_432' title='bbox 1375 4046 1407 4100; x_wconf 88' lang='lat' dir='ltr'><strong>et</strong></span> <span class='ocrx_word' id='word_1_433' title='bbox 1430 4040 1517 4102; x_wconf 87' lang='lat' dir='ltr'><strong>Terra</strong></span> 
     </span>
     <span class='ocr_line' id='line_1_43' title="bbox 176 4123 1516 4207; baseline 0.002 -20"><span class='ocrx_word' id='word_1_434' title='bbox 176 4125 319 4187; x_wconf 87' lang='lat' dir='ltr'><strong>circumit.</strong></span> <span class='ocrx_word' id='word_1_435' title='bbox 357 4124 435 4186; x_wconf 83' lang='lat' dir='ltr'><strong>Nam</strong></span> <span class='ocrx_word' id='word_1_436' title='bbox 452 4125 510 4186; x_wconf 91' lang='lat' dir='ltr'><strong>etsi</strong></span> <span class='ocrx_word' id='word_1_437' title='bbox 532 4145 642 4207; x_wconf 85' lang='lat' dir='ltr'><strong>magua</strong></span> <span class='ocrx_word' id='word_1_438' title='bbox 656 4137 703 4189; x_wconf 90' lang='lat' dir='ltr'><strong>est</strong></span> <span class='ocrx_word' id='word_1_439' title='bbox 725 4129 857 4191; x_wconf 85' lang='lat' dir='ltr'><strong>tenuitas</strong></span> <span class='ocrx_word' id='word_1_440' title='bbox 881 4127 963 4189; x_wconf 92' lang='lat' dir='ltr'><strong>illins</strong></span> <span class='ocrx_word' id='word_1_441' title='bbox 987 4127 1099 4205; x_wconf 86' lang='lat' dir='ltr'><strong>specior</strong></span> <span class='ocrx_word' id='word_1_442' title='bbox 1091 4124 1276 4187; x_wconf 90' lang='lat' dir='ltr'><strong>Telluris</strong></span> <span class='ocrx_word' id='word_1_443' title='bbox 1269 4146 1299 4186; x_wconf 92' lang='lat' dir='ltr'><strong>m</strong></span> <span class='ocrx_word' id='word_1_444' title='bbox 1314 4125 1462 4190; x_wconf 91' lang='lat' dir='ltr'><strong>distantia</strong></span> <span class='ocrx_word' id='word_1_445' title='bbox 1480 4123 1516 4190; x_wconf 79' lang='grc'><strong>60</strong></span> 
     </span>
     <span class='ocr_line' id='line_1_44' title="bbox 176 4214 1517 4299; baseline 0.002 -23"><span class='ocrx_word' id='word_1_446' title='bbox 176 4214 477 4277; x_wconf 82' lang='lat' dir='ltr'><strong>semidiametrorum:</strong></span> <span class='ocrx_word' id='word_1_447' title='bbox 503 4216 590 4276; x_wconf 92' lang='lat' dir='ltr'><strong>unius</strong></span> <span class='ocrx_word' id='word_1_448' title='bbox 613 4223 713 4278; x_wconf 88' lang='lat' dir='ltr'><strong>tamen</strong></span> <span class='ocrx_word' id='word_1_449' title='bbox 728 4218 767 4278; x_wconf 86' lang='lat' dir='ltr'><strong>ad</strong></span> <span class='ocrx_word' id='word_1_450' title='bbox 790 4218 863 4279; x_wconf 93' lang='lat' dir='ltr'><strong>nihil</strong></span> <span class='ocrx_word' id='word_1_451' title='bbox 888 4217 992 4277; x_wconf 89' lang='lat' dir='ltr'><strong>eadem</strong></span> <span class='ocrx_word' id='word_1_452' title='bbox 1006 4223 1054 4277; x_wconf 84' lang='lat' dir='ltr'><strong>est</strong></span> <span class='ocrx_word' id='word_1_453' title='bbox 1075 4214 1240 4295; x_wconf 90' lang='lat' dir='ltr'><strong>proportio,</strong></span> <span class='ocrx_word' id='word_1_454' title='bbox 1264 4234 1340 4296; x_wconf 87' lang='lat' dir='ltr'><strong>quae</strong></span> <span class='ocrx_word' id='word_1_455' title='bbox 1365 4217 1517 4299; x_wconf 83' lang='lat' dir='ltr'><strong>sexaginta</strong></span> 
     </span>
     <span class='ocr_line' id='line_1_45' title="bbox 177 4302 1517 4384; baseline 0 -19"><span class='ocrx_word' id='word_1_456' title='bbox 177 4304 215 4365; x_wconf 91' lang='lat' dir='ltr'><strong>ad</strong></span> <span class='ocrx_word' id='word_1_457' title='bbox 238 4302 322 4365; x_wconf 90' lang='lat' dir='ltr'><strong>nihil.</strong></span> <span class='ocrx_word' id='word_1_458' title='bbox 364 4303 470 4382; x_wconf 89' lang='lat' dir='ltr'><strong>Itaque</strong></span> <span class='ocrx_word' id='word_1_459' title='bbox 490 4304 606 4384; x_wconf 88' lang='lat' dir='ltr'><strong>species</strong></span> <span class='ocrx_word' id='word_1_460' title='bbox 622 4306 752 4369; x_wconf 89' lang='lat' dir='ltr'><strong>Telluris</strong></span> <span class='ocrx_word' id='word_1_461' title='bbox 771 4307 976 4381; x_wconf 61' lang='lat' dir='ltr'><strong>⁴immateriata</strong></span> <span class='ocrx_word' id='word_1_462' title='bbox 994 4304 1128 4367; x_wconf 89' lang='lat' dir='ltr'><strong>vinceret</strong></span> <span class='ocrx_word' id='word_1_463' title='bbox 1150 4312 1246 4367; x_wconf 90' lang='lat' dir='ltr'><strong>totum</strong></span> <span class='ocrx_word' id='word_1_464' title='bbox 1265 4324 1377 4383; x_wconf 89' lang='lat' dir='ltr'><strong>assem,</strong></span> <span class='ocrx_word' id='word_1_465' title='bbox 1402 4307 1430 4370; x_wconf 90' lang='lat' dir='ltr'><strong>si</strong></span> <span class='ocrx_word' id='word_1_466' title='bbox 1452 4303 1517 4370; x_wconf 89' lang='lat' dir='ltr'><strong>nihil</strong></span> 
     </span>
     <span class='ocr_line' id='line_1_46' title="bbox 176 4392 450 4463; baseline -0.015 -8"><span class='ocrx_word' id='word_1_467' title='bbox 176 4393 334 4455; x_wconf 90' lang='lat' dir='ltr'><strong>resisteret</strong></span> <span class='ocrx_word' id='word_1_468' title='bbox 356 4392 450 4463; x_wconf 88' lang='lat' dir='ltr'><strong>Luna.</strong></span> 
     </span>
    </p>

    <p class='ocr_par' dir='ltr' id='par_1_12' title="bbox 177 4479 1519 4930">
     <span class='ocr_line' id='line_1_47' title="bbox 267 4479 1517 4565; baseline 0.001 -23"><span class='ocrx_word' id='word_1_469' title='bbox 267 4479 385 4554; x_wconf 82' lang='lat' dir='ltr'><strong>Quodsi</strong></span> <span class='ocrx_word' id='word_1_470' title='bbox 408 4481 473 4561; x_wconf 91' lang='lat' dir='ltr'><strong>quis</strong></span> <span class='ocrx_word' id='word_1_471' title='bbox 497 4501 535 4543; x_wconf 86' lang='lat' dir='ltr'><strong>ex</strong></span> <span class='ocrx_word' id='word_1_472' title='bbox 557 4500 603 4542; x_wconf 86' lang='lat' dir='ltr'><strong>rue</strong></span> <span class='ocrx_word' id='word_1_473' title='bbox 628 4494 767 4562; x_wconf 88' lang='lat' dir='ltr'><strong>quaerat,</strong></span> <span class='ocrx_word' id='word_1_474' title='bbox 800 4485 887 4565; x_wconf 88' lang='lat' dir='ltr'><strong>quale</strong></span> <span class='ocrx_word' id='word_1_475' title='bbox 912 4485 1002 4564; x_wconf 83' lang='lat' dir='ltr'><strong>igitur</strong></span> <span class='ocrx_word' id='word_1_476' title='bbox 1026 4503 1133 4564; x_wconf 88' lang='lat' dir='ltr'><strong>corpus</strong></span> <span class='ocrx_word' id='word_1_477' title='bbox 1158 4502 1225 4543; x_wconf 88' lang='lat' dir='ltr'><strong>esse</strong></span> <span class='ocrx_word' id='word_1_478' title='bbox 1249 4483 1333 4547; x_wconf 87' lang='lat' dir='ltr'><strong>Solis</strong></span> <span class='ocrx_word' id='word_1_479' title='bbox 1357 4492 1474 4564; x_wconf 88' lang='lat' dir='ltr'><strong>putem,</strong></span> <span class='ocrx_word' id='word_1_480' title='bbox 1501 4503 1517 4543; x_wconf 88' lang='lat' dir='ltr'><strong>a</strong></span> 
     </span>
     <span class='ocr_line' id='line_1_48' title="bbox 177 4570 1516 4657; baseline -0.003 -22"><span class='ocrx_word' id='word_1_481' title='bbox 177 4593 233 4652; x_wconf 90' lang='lat' dir='ltr'><strong>que</strong></span> <span class='ocrx_word' id='word_1_482' title='bbox 257 4570 332 4633; x_wconf 93' lang='lat' dir='ltr'><strong>haec</strong></span> <span class='ocrx_word' id='word_1_483' title='bbox 356 4571 472 4651; x_wconf 89' lang='lat' dir='ltr'><strong>speeies</strong></span> <span class='ocrx_word' id='word_1_484' title='bbox 495 4570 606 4633; x_wconf 88' lang='lat' dir='ltr'><strong>ruotrix</strong></span> <span class='ocrx_word' id='word_1_485' title='bbox 630 4572 804 4637; x_wconf 83' lang='lat' dir='ltr'><strong>descendit?</strong></span> <span class='ocrx_word' id='word_1_486' title='bbox 828 4594 895 4636; x_wconf 91' lang='lat' dir='ltr'><strong>eum</strong></span> <span class='ocrx_word' id='word_1_487' title='bbox 919 4574 948 4636; x_wconf 95' lang='lat' dir='ltr'><strong>in</strong></span> <span class='ocrx_word' id='word_1_488' title='bbox 972 4575 1049 4635; x_wconf 91' lang='lat' dir='ltr'><strong>hunc</strong></span> <span class='ocrx_word' id='word_1_489' title='bbox 1064 4573 1184 4634; x_wconf 89' lang='lat' dir='ltr'><strong>modum</strong></span> <span class='ocrx_word' id='word_1_490' title='bbox 1200 4590 1254 4652; x_wconf 87' lang='lat' dir='ltr'><strong>ego</strong></span> <span class='ocrx_word' id='word_1_491' title='bbox 1275 4573 1368 4653; x_wconf 90' lang='lat' dir='ltr'><strong>jubeo</strong></span> <span class='ocrx_word' id='word_1_492' title='bbox 1382 4570 1516 4657; x_wconf 84' lang='lat' dir='ltr'><strong>progredi</strong></span> 
     </span>
     <span class='ocr_line' id='line_1_49' title="bbox 177 4658 1516 4744; baseline 0.001 -22"><span class='ocrx_word' id='word_1_493' title='bbox 177 4658 303 4723; x_wconf 90' lang='lat' dir='ltr'><strong>ulterius</strong></span> <span class='ocrx_word' id='word_1_494' title='bbox 327 4660 469 4739; x_wconf 87' lang='lat' dir='ltr'><strong>analogia</strong></span> <span class='ocrx_word' id='word_1_495' title='bbox 492 4662 576 4733; x_wconf 88' lang='lat' dir='ltr'><strong>duce,</strong></span> <span class='ocrx_word' id='word_1_496' title='bbox 600 4668 630 4721; x_wconf 93' lang='lat' dir='ltr'><strong>et</strong></span> <span class='ocrx_word' id='word_1_497' title='bbox 654 4664 774 4737; x_wconf 88' lang='lat' dir='ltr'><strong>suadeo,</strong></span> <span class='ocrx_word' id='word_1_498' title='bbox 800 4673 832 4724; x_wconf 92' lang='lat' dir='ltr'><strong>ut</strong></span> <span class='ocrx_word' id='word_1_499' title='bbox 856 4663 995 4744; x_wconf 89' lang='lat' dir='ltr'><strong>inspiciat</strong></span> <span class='ocrx_word' id='word_1_500' title='bbox 1018 4661 1188 4741; x_wconf 86' lang='lat' dir='ltr'><strong>exemplum</strong></span> <span class='ocrx_word' id='word_1_501' title='bbox 1210 4662 1299 4742; x_wconf 91' lang='lat' dir='ltr'><strong>paulo</strong></span> <span class='ocrx_word' id='word_1_502' title='bbox 1315 4671 1386 4725; x_wconf 87' lang='lat' dir='ltr'><strong>ante</strong></span> <span class='ocrx_word' id='word_1_503' title='bbox 1410 4682 1516 4727; x_wconf 89' lang='lat' dir='ltr'><strong>memo-</strong></span> 
     </span>
     <span class='ocr_line' id='line_1_50' title="bbox 178 4749 1517 4834; baseline 0.002 -23"><span class='ocrx_word' id='word_1_504' title='bbox 178 4750 237 4812; x_wconf 88' lang='lat' dir='ltr'><strong>rati</strong></span> <span class='ocrx_word' id='word_1_505' title='bbox 260 4749 408 4829; x_wconf 88' lang='lat' dir='ltr'><strong>magnetis</strong></span> <span class='ocrx_word' id='word_1_506' title='bbox 432 4749 610 4825; x_wconf 87' lang='lat' dir='ltr'><strong>accuratius,</strong></span> <span class='ocrx_word' id='word_1_507' title='bbox 634 4751 717 4829; x_wconf 91' lang='lat' dir='ltr'><strong>cujus</strong></span> <span class='ocrx_word' id='word_1_508' title='bbox 740 4753 836 4815; x_wconf 88' lang='lat' dir='ltr'><strong>virtus</strong></span> <span class='ocrx_word' id='word_1_509' title='bbox 859 4753 973 4815; x_wconf 89' lang='lat' dir='ltr'><strong>residet</strong></span> <span class='ocrx_word' id='word_1_510' title='bbox 999 4753 1029 4813; x_wconf 95' lang='lat' dir='ltr'><strong>in</strong></span> <span class='ocrx_word' id='word_1_511' title='bbox 1053 4751 1192 4814; x_wconf 89' lang='lat' dir='ltr'><strong>universo</strong></span> <span class='ocrx_word' id='word_1_512' title='bbox 1216 4771 1340 4832; x_wconf 88' lang='lat' dir='ltr'><strong>corpore</strong></span> <span class='ocrx_word' id='word_1_513' title='bbox 1363 4751 1517 4834; x_wconf 83' lang='lat' dir='ltr'><strong>magnetis,</strong></span> 
     </span>
     <span class='ocr_line' id='line_1_51' title="bbox 180 4838 1519 4930; baseline 0.004 -28"><span class='ocrx_word' id='word_1_514' title='bbox 180 4859 246 4903; x_wconf 91' lang='lat' dir='ltr'><strong>enm</strong></span> <span class='ocrx_word' id='word_1_515' title='bbox 269 4840 402 4921; x_wconf 81' lang='lat' dir='ltr'><strong>ejusdem</strong></span> <span class='ocrx_word' id='word_1_516' title='bbox 425 4840 502 4903; x_wconf 91' lang='lat' dir='ltr'><strong>mole</strong></span> <span class='ocrx_word' id='word_1_517' title='bbox 526 4838 644 4915; x_wconf 89' lang='lat' dir='ltr'><strong>erescit,</strong></span> <span class='ocrx_word' id='word_1_518' title='bbox 668 4861 734 4905; x_wconf 92' lang='lat' dir='ltr'><strong>cum</strong></span> <span class='ocrx_word' id='word_1_519' title='bbox 753 4842 981 4907; x_wconf 89' lang='lat' dir='ltr'><strong>comminutione</strong></span> <span class='ocrx_word' id='word_1_520' title='bbox 1009 4840 1092 4907; x_wconf 87' lang='lat' dir='ltr'><strong>illius</strong></span> <span class='ocrx_word' id='word_1_521' title='bbox 1115 4840 1288 4907; x_wconf 89' lang='lat' dir='ltr'><strong>diminuitur</strong></span> <span class='ocrx_word' id='word_1_522' title='bbox 1311 4850 1343 4907; x_wconf 92' lang='lat' dir='ltr'><strong>et</strong></span> <span class='ocrx_word' id='word_1_523' title='bbox 1365 4845 1443 4930; x_wconf 87' lang='lat' dir='ltr'><strong>ipsa.</strong></span> <span class='ocrx_word' id='word_1_524' title='bbox 1477 4844 1519 4908; x_wconf 78' lang='lat' dir='ltr'><strong>Ita</strong></span> 
     </span>
    </p>
   </div>
   <div class='ocr_carea' id='block_1_3' title="bbox 0 0 1690 5504">
    <p class='ocr_par' dir='ltr' id='par_1_13' title="bbox 0 0 1690 5504">
     <span class='ocr_line' id='line_1_52' title="bbox 0 0 1690 5504; baseline 0 0"><span class='ocrx_word' id='word_1_525' title='bbox 0 0 1690 5504; x_wconf 95' lang='lat' dir='ltr'><strong> </strong></span> 
     </span>
    </p>
   </div>
  </div>
 </body>
</html>
