3354 5504
4 28 104 200 s

306 270 378 389 Ι3116
786 265 827 320 no
845 267 953 331 11111111
972 267 1065 323 surra
1082 267 1170 343 upra·

310 438 403 534 prauo
430 449 507 515 fixas
536 446 662 528 dumet:
691 446 750 509 nisi
778 455 924 528 quatenns
948 462 1089 511 successu
1110 448 1279 533 seculorum
1301 468 1368 513 eum
1389 468 1499 530 parurn
1519 447 1657 512 inclinat

290 540 432 606 -Orietur
454 540 555 619 itaque
579 555 679 616 pugna
698 537 852 601 facultatis
869 537 1007 600 animalis
1023 536 1256 601 cum'laeultate
1279 539 1458 620 magnetica,
1474 547 1508 602 et
1530 538 1659 603 victoria

268 612 462 745 gq'animalis:
496 646 555 689 non
584 626 672 687 aliter
704 633 792 707 atque
821 645 885 705 cap.
917 628 1068 691 XXXIV.
1098 627 1284 704 dixeramus,
1318 647 1445 713 corpora
1467 629 1658 715 planetarum

299 718 485 805 2uatuualiter
508 717 638 799 quietem
660 724 819 795 appetere,
852 716 906 776 sed
937 717 1050 778 moveri
1082 717 1153 779 avi
1184 714 1335 780 extranea
1349 712 1442 781 Solis.
1490 714 1553 781 Vel
1584 720 1655 799 cape

275 798 561 903 ganeummodatius
584 804 761 885 exemplum.
799 803 921 866 Brachii
944 806 1065 867 humani
1087 804 1225 868 naturale
1248 800 1364 887 pondus
1393 807 1536 870 deorsum
1559 804 1657 889 vergit

264 886 474 971 a'mhe'ferrae
497 902 645 969 centrum;
670 893 810 955 animalis
834 912 906 954 vero
930 894 1060 957 facultas
1083 896 1140 958 hoc
1162 903 1299 977 praestat
1321 896 1504 972 vexillifero,
1528 892 1657 958 utillud

309 1005 401 1066 supra
423 992 514 1065 caput
536 982 680 1046 extendat
703 991 734 1043 et
762 983 791 1043 in
814 1001 920 1064 gyrum
943 992 1031 1064 agat:
1056 983 1106 1059 uhi
1129 984 1224 1049 vincit
1249 985 1389 1048 animalis
1412 986 1547 1048 facultas
1569 991 1656 1047 natu-

308 1076 372 1137 rale
386 1073 513 1155 pondus,
535 1073 726 1153 vinceretque
749 1081 904 1152 perpetuo,
927 1072 986 1136 nisi
1010 1092 1117 1153 corpus
1140 1074 1302 1137 vexilliferi
1316 1095 1384 1138 cum
1398 1075 1537 1138 omnibus
1560 1072 1655 1137 facul·

308 1162 423 1226 tatihus
445 1162 572 1225 mortale
596 1159 747 1223 conditum
769 1169 861 1222 esset.

397 1252 454 1315 His
477 1252 577 1334 itaque
600 1249 709 1330 positis
730 1250 872 1330 planetae
896 1269 979 1312 mens
1005 1270 1043 1312 ex
1064 1252 1147 1314 lucta
1169 1251 1323 1316 facultatis
1346 1252 1497 1329 animalis,
1522 1251 1563 1314 ad
1584 1250 1655 1314 rati·

267 1342 440 1409 mendum
462 1359 547 1402 axem
570 1339 772 1419 magneticum
794 1346 995 1420 comparatae,
1019 1360 1085 1404 cum
1108 1340 1278 1423 magnetica
1298 1342 1407 1405 virtute
1431 1340 1609 1407 directionis
1628 1340 1656 1403 iu

273 1450 299 1521 ,ἰ
310 1432 423 1505 Solem,
447 1429 615 1510 intelligere
630 1435 662 1489 et
677 1429 832 1509 percipere
847 1429 959 1509 poterit
977 1428 1182 1493 fortitudinem
1196 1432 1381 1510 angulomm.
1419 1431 1462 1494 Et
1482 1431 1535 1495 hic
1556 1429 1656 1494 modus

310 1519 478 1584 confirmari
500 1518 619 1581 videtur
642 1517 734 1579 etiam
756 1536 809 1599 per
833 1519 1000 1599 exemplum
1019 1520 1134 1596 Lunae,
1158 1539 1247 1601 quam
1270 1529 1384 1584 certum
1406 1529 1456 1584 est
1483 1520 1518 1583 in
1546 1520 1656 1584 diame-

309 1610 382 1675 trali
404 1609 484 1673 linea
507 1608 590 1671 Solis
620 1615 651 1669 et
674 1609 785 1670 Terrae
815 1607 921 1670 fortius
951 1607 1086 1684 incitari,
1120 1609 1157 1672 ob
1180 1610 1259 1672 hano
1285 1611 1383 1692 ipsam
1410 1610 1542 1674 forsitan
1564 1627 1655 1689 augu-

311 1700 408 1763 lorum
431 1697 643 1761 fortitudinem.

305 1822 311 1827 ·
398 1787 532 1851 Tandem
556 1787 647 1866 igitur
670 1805 785 1848 summa
812 1784 886 1846 baec
915 1785 992 1847 erit:
1022 1786 1147 1869 planeta
1178 1787 1360 1850 constitutus
1383 1787 1413 1849 in
1437 1787 1559 1868 aphelio
1590 1783 1656 1848 urlril

95 1918 102 1929 ·
216 1899 226 1927 ³
312 1878 350 1941 ad
375 1876 478 1939 Solem
500 1877 619 1950 nititur,
649 1876 707 1936 sed
728 1874 902 1957 provehitur
926 1877 1127 1957 precatione
1159 1876 1322 1939 distantiae
1344 1876 1403 1941 Ab
1427 1883 1494 1952 (rig.
1517 1873 1655 1954 111);1ἀ

217 2012 222 2021 .
309 1968 387 2030 hano
417 1965 633 2046 promotionem
665 1964 799 2044 sequitur
829 1960 1091 2045 angulqussllrn
1125 1959 1163 2027 ad
1187 1965 1288 2046 anguli
1317 1965 1406 2046 hujus
1437 1965 1654 2047 proportionem

243 2062 247 2071 '
310 2055 493 2121 fortitudinis
518 2054 582 2134 ipse
598 2054 722 2134 planeta
738 2053 819 2116 Solis
843 2046 1132 2139 diamffmget
1153 2055 1323 2117 accedendo
1338 2055 1377 2117 ad
1391 2055 1517 2132 Solem,
1539 2070 1654 2118 asceam

310 2145 419 2209 minuit
441 2143 627 2218 distantiam,
650 2151 685 2205 nt
701 2143 741 2205 sit
754 2143 833 2216 AD;
857 2142 972 2209 mirata
986 2136 1139 2227 distantia
1163 2145 1290 2208 celerius
1315 2144 1508 2227 provehitur,
1537 2142 1654 2207 celerius

310 2234 402 2315 igitur
425 2241 556 2297 mutatur
578 2231 668 2294 ΚΒΑ
692 2233 827 2312 angulus,
853 2230 981 2294 celerius
1003 2228 1096 2314 igitur
1117 2233 1241 2314 planeta
1263 2233 1389 2309 (ceteris
1406 2234 1550 2315 paribus)
1572 2238 1652 2313 auget

309 2323 392 2386 Solis
415 2322 600 2385 diametrum.
638 2322 688 2384 Ita
710 2320 837 2384 efficitur
859 2321 998 2402 perennis
1021 2321 1186 2398 circulatio,
1210 2343 1270 2387 non
1291 2342 1347 2405 per
1367 2323 1543 2399 intervalla,
1563 2320 1650 2405 qualit

310 2433 365 2475 nos
388 2412 418 2474 in
440 2410 553 2474 nostris
585 2410 817 2491 cogitationibus
840 2418 872 2471 et
894 2410 1008 2473 calculo
1043 2411 1220 2490 statuimus,
1255 2413 1445 2476 insensibilia
1474 2420 1578 2477 errata
1600 2427 1647 2474 noo

310 2501 543 2575 considerantes,
569 2500 624 2563 sed
645 2500 735 2581 plane
759 2499 908 2561 continua.

181 2584 184 2590 ’
398 2590 471 2654 Dixi
492 2591 569 2652 haec
590 2590 737 2651 hactenus
760 2607 827 2650 cunr
841 2587 1021 2662 conditione,
1046 2588 1073 2651 si
1095 2588 1227 2664 libratio,
1252 2590 1366 2673 quade
1388 2599 1544 2657 testantur
1557 2590 1646 2659 obser·

312 2680 464 2756 vatioues,
494 2687 624 2760 nequeat
645 2677 747 2760 perfici
770 2698 789 2739 a
814 2677 926 2739 virtute
948 2676 1051 2759 aliqua
1078 2681 1249 2762 magnetica
1275 2680 1466 2762 planetarum
1489 2669 1646 2765 corporum

314 2770 415 2843 insita,
439 2769 519 2832 etsi
543 2768 661 2831 omnino
684 2786 808 2829 necesse
831 2766 932 2842 fuerit,
955 2785 1011 2828 nos
1035 2766 1075 2828 ad
1096 2777 1227 2831 mentem
1250 2770 1423 2850 confugere.
1471 2763 1647 2836 (letemmsi

269 2877 486 2973 ,pcomparare
511 2858 604 2921 libeat
623 2857 711 2919 illam
733 2857 902 2918 naturalem
924 2863 955 2917 et
976 2855 1055 2917 hauc
1077 2858 1240 2921 mentalem
1262 2860 1443 2922 motionem:
1466 2860 1525 2924 illa
1545 2857 1647 2944 quidem

311 2966 365 3031 per
388 2968 421 3011 se
445 2954 517 3024 stat,
540 2945 614 3010 nihil
637 2945 793 3026 indigens3
827 2946 902 3007 haec
925 2964 997 3007 vero
1020 2948 1171 3023 mentalis,
1197 2949 1463 3031 quomodocunque
1487 2950 1572 3014 illam
1592 2945 1646 3010 ani·
1673 2960 1676 2965 ·

178 3092 185 3108 .
311 3038 383 3100 mali
407 3036 552 3099 facultate
575 3035 715 3098 movendi
730 3036 864 3116 corporis
887 3035 1030 3109 instruas,
1053 3036 1260 3100 testimonium
1283 3039 1328 3100 illi
1350 3039 1543 3120 magneticae
1559 3034 1646 3122 perhi

310 3128 382 3190 bere
415 3127 537 3208 ejusque
570 3124 705 3187 subsidia
737 3143 891 3187 accersere
921 3124 1048 3185 videtur.
1097 3126 1230 3188 Primum
1261 3128 1341 3190 enim
1372 3147 1457 3192 mens
1491 3129 1561 3211 ipsa
1587 3120 1648 3190 nihl

310 3225 412 3300 potest
434 3216 469 3297 in,
488 3233 604 3295 corpus.
643 3214 774 3294 Oportet
796 3213 887 3294 igitur
909 3213 1002 3275 menti
1024 3212 1188 3295 adJ'ungere
1212 3216 1387 3280 facultatem
1402 3217 1586 3301 exsequendi
1605 3229 1647 3279 sur

310 3307 412 3369 munia
433 3305 464 3366 in
487 3321 611 3384 corpore
633 3302 774 3382 planetae
804 3302 952 3366 librando.
996 3303 1142 3366 Facultas
1170 3303 1226 3367 illa
1254 3314 1308 3368 aut
1337 3307 1481 3370 animalis
1504 3307 1578 3384 erit,
1607 3308 1647 3367 art

309 3394 457 3458 naturalis
475 3401 507 3455 et
528 3391 707 3473 magnetica.
745 3392 897 3456 Animalia
913 3410 981 3454 esse
1004 3410 1066 3454 non
1087 3400 1205 3474 potest:
1229 3395 1335 3477 nequit
1349 3395 1429 3458 enim
1446 3396 1580 3461 facultas
1592 3391 1647 3458 mi·

310 3484 400 3546 malis
422 3488 629 3563 transportare
652 3500 759 3562 corpus
784 3501 870 3545 suum
888 3482 925 3542 de
948 3481 1015 3543 loco
1040 3482 1070 3544 in
1094 3482 1191 3544 locum
1214 3487 1263 3558 (ut
1283 3485 1446 3567 requiritur
1469 3486 1502 3550 in
1524 3487 1582 3550 hac
1600 3482 1647 3547 lib

311 3574 442 3647 ratione)
466 3571 530 3635 siue
559 3578 712 3652 potestate
740 3572 865 3633 alterius
889 3569 1024 3651 corporis
1054 3571 1307 3636 adminiculantia.
1332 3574 1425 3638 ·Erit
1454 3575 1550 3658 igitur
1575 3590 1646 3653 mre·

310 3663 411 3725 natica
432 3661 571 3735 facultas,
595 3661 654 3723 hoc
668 3667 717 3721 est
738 3659 886 3723 naturalis
905 3679 1071 3722 consensus
1099 3661 1177 3722 inter
1200 3681 1326 3744 corpora
1348 3663 1492 3745 planetae
1515 3673 1549 3729 et
1568 3662 1645 3730 solis

310 3751 417 3834 Itaque
439 3770 524 3814 mens
546 3756 684 3812 naturam
706 3757 738 3811 et
759 3756 916 3830 magnetes
939 3749 969 3811 iu
993 3748 1160 3812 subsidium
1182 3761 1280 3816 vocat.

399 3841 516 3904 Deinde
538 3858 623 3902 mens
646 3838 721 3901 baec
743 3840 783 3901 ad
805 3838 958 3901 dimidium
982 3836 1142 3901 decursum
1163 3843 1285 3923 regulae
1314 3860 1388 3904 suae
1418 3861 1473 3906 seu
1496 3840 1644 3906 momnis

311 3937 507 4013 coaequatae,
531 3928 600 3991 dum
622 3927 774 3991 dimidium
798 3929 915 4010 perficit
938 3926 1038 4008 operis
1054 3928 1110 4003 sui,
1135 3933 1214 4010 qnod
1237 3929 1379 3995 consistit
1400 3930 1432 3994 in
1454 3931 1593 4014 augenda
1609 3923 1644 3990 rol

312 4020 473 4083 minuenda
503 4018 649 4081 diametro
680 4015 780 4093 Solis,
815 4037 906 4098 supra
941 4016 1059 4099 quidem
1090 4040 1129 4098 yo
1154 4025 1219 4096 (lig.
1240 4024 1305 4091 111)
1340 4019 1515 4086 librationis
1545 4027 1644 4105 psrtttl
1676 4055 1677 4058 ¹

312 4108 444 4173 absolvit
464 4108 616 4189 majorem,
640 4107 719 4169 infra
740 4124 813 4169 vero
837 4103 876 4179 οζ
895 4106 1051 4168 minorem.
1098 4108 1203 4189 Neque
1225 4130 1273 4189 yo,
1298 4104 1340 4182 οζ
1358 4111 1549 4192 respondent
1564 4105 1644 4193 pard-

311 4199 367 4262 bus
394 4198 547 4281 temporis.
593 4198 672 4259 Nam
703 4198 769 4277 plns
803 4214 904 4257 morae
936 4195 1120 4257 consumitur
1151 4198 1182 4260 ia
1208 4221 1255 4278 yo,
1289 4217 1380 4279 quam
1409 4199 1476 4281 ejus
1508 4219 1598 4282 supra
1617 4187 1647 4265 ol

312 4308 453 4352 excessus
472 4286 651 4368 requirebat.
691 4286 795 4367 Neque
819 4284 958 4347 continue
979 4292 1125 4364 augentur
1143 4295 1246 4369 partes
1266 4308 1288 4348 a
1306 4283 1442 4360 (vorsus
1460 4313 1486 4371 y,
1512 4289 1567 4353 aed
1582 4279 1643 4370 epti

300 4398 335 4460 γ,
350 4403 366 4442 κ
379 4383 443 4453 (lig.
463 4381 526 4445 111)
541 4382 611 4437 sunt
624 4374 763 4450 minores,
781 4382 815 4437 ut
834 4383 866 4436 et
881 4373 960 4455 apud
976 4397 1007 4449 μ,
1029 4370 1052 4447 ζ.
1089 4375 1135 4437 At
1147 4375 1257 4439 mentis
1280 4394 1374 4456 opera
1388 4378 1493 4442 solent
1505 4397 1572 4444 esse
1586 4392 1642 4440 oon·

313 4467 437 4531 stantia.
481 4466 647 4545 Propterea
668 4463 753 4527 nobis
777 4463 835 4525 fuit
857 4482 947 4544 opus,
970 4463 1055 4524 illam
1078 4463 1225 4529 instruere
1255 4465 1403 4528 facultate
1425 4466 1552 4532 animab
1570 4473 1643 4546 atque

311 4554 496 4637 magnetica,
533 4562 565 4615 et
593 4571 722 4634 pugnarn
753 4553 906 4634 utriusque
938 4551 1137 4630 comminisci,
1176 4574 1235 4635 qua
1264 4573 1350 4617 mens
1382 4554 1593 4621 admoneretur
1616 4550 1643 4611 de

312 4645 411 4709 officio
440 4663 510 4717 suo,
542 4642 579 4704 de
608 4661 664 4721 quo
692 4662 746 4703 neo
779 4641 923 4722 temporis
951 4660 1007 4703 neo
1042 4644 1208 4722 spatiorum
1240 4643 1448 4708 confectorum
1480 4645 1643 4729 aequalitate

312 4733 464 4798 admoneri
478 4730 587 4813 potuit.
624 4730 731 4812 Itaque
747 4749 863 4793 rursum
883 4729 976 4793 menti
1000 4729 1165 4795 subsidium
1180 4752 1199 4793 a
1212 4741 1323 4797 natura
1344 4734 1515 4813 petivimus.
1549 4734 1645 4799 Coum

312 4823 369 4886 hae
393 4818 628 4886 modificationes
652 4835 753 4882 omues
775 4817 878 4883 insunt
901 4836 933 4891 re
950 4835 1022 4881 vers
1035 4821 1118 4900 operi
1142 4821 1264 4886 virtutis
1286 4822 1478 4902 magneticae
1500 4831 1644 4891 1111111111
