3354 5504
541 270 572 322 de
591 270 777 339 Commentariis
795 271 827 322 de
844 277 912 321 motu
930 269 1020 322 stellae
1037 270 1134 322 Martis.
1411 275 1414 283 '
1468 268 1511 336 85

157 445 224 515 pi
237 445 392 512 Geperaiem
408 462 455 513 per
470 448 601 498 summas
613 449 639 497 in
651 453 703 497 toto
721 448 811 498 eirealo
829 447 912 498 iacit?
931 448 1004 509 Quod
1015 449 1037 498 si
1048 447 1102 498 iieri
1119 454 1209 512 potest,
1229 449 1354 513 quaeritur
1371 448 1512 514 quomodo?

158 533 217 571 m
235 533 286 585 ego
304 534 426 585 magnam
452 519 614 570 difl‘eranaam
641 521 766 584 utriusque
785 519 874 570 salonii
900 521 1015 577 invenior
1042 534 1118 584 quare
1143 521 1242 569 anisam
1267 514 1404 584 eiempiam
1422 521 1511 571 saltem

158 591 313 643 mdo
331 606 462 656 proponas.
500 588 528 652 2)
548 591 688 651 Quaeritur,
713 592 832 656 quomodo
851 591 936 652 Tyeho
954 607 1038 640 rerum
1064 605 1201 656 apogaeum
1225 598 1330 642 renatas
1347 592 1429 648 feerit.
1448 592 1513 657 qnod
1578 595 1586 627 ’ν

159 677 206 730 ιιι
224 659 293 713 aad
314 663 471 727 asronyehiis
488 661 644 727 eonsequori
663 660 691 723 3)
712 658 737 725 00
757 664 854 713 mediae
872 664 898 712 in
917 663 995 739 abaco
1015 663 1162 726 aeronychie
1181 663 1341 727 'i'yohoniane
1359 665 1385 712 in
1403 670 1514 728 tempore

160 749 209 784 son
227 749 258 784 se
277 741 347 785 recte
365 749 451 785 omnes
469 734 588 785 habent⁸⁶

247 822 298 880 liis
325 823 404 873 literis
432 825 516 873 statim
535 824 662 873 Fabricius
679 830 748 872 sexto
778 830 835 887 post
861 823 907 884 die,
925 820 1032 885 (mni.
1054 819 1134 884 1603)
1163 823 1224 874 alias
1249 825 1387 886 subjnnxit‚
1413 836 1515 888 quarum

164 909 260 946 summa
283 894 349 945 haee
372 895 558 945 arsanias
576 910 631 944 sum
648 908 811 960 magnopere,
839 895 903 959 quod
920 909 964 958 per
981 901 1007 945 te
1030 895 1157 945 restitutus
1184 897 1254 945 nobis
1273 903 1339 946 esset
1357 894 1442 956 hiare,
1472 895 1516 946 sed

163 966 281 1032 pendium
299 982 384 1016 meum
402 972 457 1030 post
474 968 500 1015 in
518 969 637 1029 majorem
656 954 782 1016 trisittiam
801 980 943 1016 conversum
961 965 1019 1026 fait,
1047 979 1103 1017 oum
1120 981 1164 1031 per
1183 967 1352 1032 experimenta
1369 967 1438 1018 varia
1456 981 1514 1032 eog-

164 1052 300 1096 nesserem,
322 1038 505 1088 observationes
523 1039 572 1087 tuis
589 1037 766 1100 hypothesibus
783 1053 833 1087 non
851 1036 1006 1102 respendere.

183 1134 188 1142 ·
250 1125 354 1177 Deinde
371 1134 486 1190 repetens
514 1127 627 1191 exempla
651 1140 770 1176 annornm
797 1124 864 1175 1587
883 1135 909 1175 et
928 1124 997 1175 1602
1022 1129 1118 1191 pergit:
1148 1126 1210 1177 Cum
1228 1133 1273 1177 tna
1290 1125 1432 1194 hypothesis
1452 1125 1518 1190 apud

164 1213 200 1249 ιι
217 1199 245 1248 in
266 1197 369 1248 dubiam
387 1200 503 1254 venisset.
525 1214 570 1263 ego
589 1199 700 1263 inquisivi
713 1200 738 1248 in
751 1198 815 1247 iliius
833 1197 997 1248 fundamenta
1014 1213 1059 1262 per
1070 1199 1252 1249 observationes
1271 1206 1352 1249 sertas
1372 1205 1398 1249 et
1414 1199 1517 1264 eognori

164 1277 256 1321 utun
276 1268 303 1330 d
324 1270 387 1321 adeo
412 1270 556 1334 implicitam
575 1277 601 1320 et
618 1271 724 1326 varium.
744 1278 773 1319 ut
789 1285 871 1334 paene
894 1270 1074 1334 desperaverim
1093 1271 1123 1322 de
1141 1276 1250 1321 motuum
1274 1272 1455 1321 restauratione
1473 1284 1518 1334 per

164 1342 230 1392 illurn
248 1341 416 1392 eonfieienda.

251 1412 292 1463 'la
311 1412 402 1477 duplici
421 1413 572 1463 commone
589 1410 801 1476 inaequalitati&
818 1412 944 1462 consulere
956 1413 1008 1461 ris:
1031 1409 1057 1472 1)
1076 1413 1225 1464 comestione
1245 1412 1418 1462 distantiarum
1431 1427 1447 1460 a
1460 1409 1517 1461 Sole

166 1482 192 1546 2)
203 1485 271 1535 erbis
290 1486 376 1535 mani
402 1484 456 1549 Ego
470 1485 567 1533 omnino
580 1492 648 1547 puto,
664 1484 796 1533 distantias
814 1484 957 1533 retinendas
971 1498 1024 1534 esse
1037 1481 1105 1546 (enm
1117 1485 1143 1534 in
1155 1484 1299 1548 prosthaph.
1313 1483 1517 1546 arronyohiarem

166 1558 255 1620 optines
272 1554 453 1621 respondeant)
473 1563 499 1606 et
517 1556 597 1619 potius
616 1556 740 1605 decanea
757 1555 942 1619 inaequalitatis
960 1557 1025 1605 orbis
1043 1557 1120 1606 annai
1138 1556 1297 1622 eogitandum
1316 1569 1378 1605 esse.
1404 1554 1442 1603 Ta
1460 1568 1516 1604 vero

166 1634 191 1678 ἠ
205 1629 294 1679 orbam
315 1625 347 1689 Q
366 1627 421 1678 loeo
441 1626 544 1691 epieyeii
563 1625 588 1697 d
607 1626 710 1687 habeas,
731 1639 761 1674 ex
779 1640 831 1676 una
849 1627 1001 1677 eorrectione
1021 1627 1143 1691 duplicem
1170 1629 1251 1678 iacere
1276 1628 1369 1692 cogeris
1389 1632 1517 1676 ettamen

166 1696 259 1759 daea
276 1701 411 1750 satismeis.
449 1697 533 1759 Quare
551 1705 580 1747 at
598 1698 686 1747 emisso
704 1697 762 1747 orbe
785 1713 868 1747 annno
887 1695 920 1758 Q
938 1700 1061 1762 proprium
1079 1698 1104 1760 d
1124 1700 1229 1749 labriees
1252 1700 1344 1750 suadeo
1363 1704 1389 1747 et
1406 1712 1445 1747 res
1464 1699 1519 1761 ipsa

165 1771 242 1833 labeas
259 1785 320 1821 sum
338 1771 408 1821 sosio
426 1785 475 1820 non
493 1770 642 1819 saddaciat.
678 1768 743 1819 Nam
766 1769 832 1819 haue
857 1769 935 1818 solata
954 1785 1008 1820 asse
1027 1785 1129 1821 causam
1155 1771 1257 1835 duplicis
1276 1777 1335 1820 tuae
1353 1768 1517 1833 hypotheseos

168 1842 357 1893 Merendae
376 1842 456 1903 rideo,
472 1843 537 1907 qnod
556 1839 652 1900 dorbi
671 1856 753 1890 annno
773 1841 876 1906 alligare
895 1843 947 1898 vis3
971 1841 1033 1891 iaeis
1052 1844 1142 1892 ideireo
1162 1842 1287 1892 dimidiam
1306 1841 1517 1891 eceentrieitatem

168 1907 205 1974 Q.
222 1921 255 1965 at
274 1913 300 1975 ό
321 1916 358 1964 sie
376 1913 501 1970 consulas,
519 1912 564 1962 sed
580 1913 680 1962 frustra
717 1911 783 1962 Nam
802 1913 903 1962 dimidia
920 1913 963 1962 illa
981 1916 1153 1964 eooentrieitas
1167 1913 1259 1963 Solaria
1277 1929 1325 1963 non
1345 1911 1466 1962 satisiasit
1484 1910 1517 1960 ad

167 1986 372 2051 haequalitatem
391 1985 454 2037 orbis
473 1984 640 2035 exeusandam
658 1999 705 2035 neo
723 1984 846 2035 mutilatio
869 1985 912 2034 ilia
936 1985 1108 2035 distantiarum
1128 1999 1144 2035 a
1163 1984 1228 2036 Sole·
1266 1984 1350 2046 Quare
1368 1990 1396 2034 at
1415 1983 1517 2032 retentis

167 2049 290 2109 ssa-as
307 2058 405 2123 cogites
423 2058 527 2120 primum
546 2056 577 2106 da
595 2058 715 2106 varietate
734 2056 837 2119 epioycii
855 2056 894 2105 rei
913 2056 976 2106 orbis
995 2071 1090 2108 moneo.
1116 2057 1285 2122 inaequalitas
1305 2071 1321 2106 a
1339 2062 1364 2106 te
1383 2055 1519 2106 constituta

169 2140 224 2180 nra
242 2130 396 2180 varitiam
414 2143 464 2178 uon
482 2135 592 2178 excusat.
815 2140 817 2145 ·
950 2156 955 2167 ·
1234 2171 1239 2189 ,

251 2201 283 2251 iu
301 2201 417 2265 margine
431 2199 505 2250 addit
522 2199 666 2250 Fabricios:
690 2211 755 2264 qaae
774 2200 805 2249 de
823 2199 887 2249 orbis
905 2200 1101 2264 inaequalitate,
1127 2215 1175 2250 non
1195 2201 1227 2250 ab
1246 2212 1356 2265 apogaeo
1376 2194 1409 2260 Q
1428 2196 1473 2247 sed
1492 2194 1517 2257 d

169 2272 309 2338 bipiemla
323 2273 470 2336 scripseram
489 2270 592 2331 (delevit
611 2271 737 2321 dimidiam
756 2285 852 2327 eornm,
871 2285 934 2335 qnae
952 2272 980 2322 in
996 2273 1068 2336 priori
1086 2272 1143 2322 solio
1167 2271 1323 2336 scripserat),
1349 2270 1414 2321 laisa
1432 2267 1520 2333 postea

171 2344 318 2413 qnasiet
335 2342 409 2408 paulo
427 2350 483 2407 post
502 2339 535 2403 (r.
554 2338 631 2402 inira)
651 2342 740 2392 clarius
758 2342 893 2407 designari:
962 2382 965 2387 .
1385 2366 1390 2378 ·

250 2433 360 2484 Invenio
377 2433 510 2481 maximam
529 2431 694 2481 differentiam
718 2431 893 2481 semidiametri
912 2433 976 2483 orbis
1000 2426 1115 2494 (reteirtis
1133 2434 1222 2499 ubique
1244 2433 1368 2482 distantiis
1387 2431 1520 2482 eeoentriei

171 2510 196 2555 ts
208 2504 314 2557 ealealo
331 2499 543 2568 provenientibus)
560 2504 586 2552 in
610 2515 727 2568 apogaeo-
742 2498 789 2564 Q;
815 2518 859 2567 per
885 2504 1058 2567 acronyehimn
1076 2504 1101 2564 ὀ
1121 2506 1170 2554 illie
1195 2506 1322 2555 existentis
1347 2504 1421 2553 datar
1440 2498 1518 2559 6300,

171 2576 278 2628 hanno
295 2573 342 2624 87.
360 2573 386 2623 8.
405 2573 463 2625 Jan.
482 2572 513 2621 2·
531 2571 574 2623 47¹
594 2576 651 2630 ἓ.
688 2573 781 2624 Contra
799 2574 880 2625 Marte
903 2576 929 2624 in
951 2577 1004 2640 ipso
1026 2576 1073 2627 hoe
1097 2592 1141 2627 suo
1167 2591 1213 2640 apo
1233 2591 1278 2626 aeo
1303 2577 1423 2626 existente
1448 2572 1521 2622 datur

172 2648 272 2714 sisyra
290 2647 477 2699 semidiam0ter
495 2642 565 2697 esst
583 2642 660 2706 (anno
680 2643 753 2706 97.);
779 2649 805 2696 in
830 2648 947 2712 perigaeo
966 2647 1029 2699 Solis
1053 2649 1175 2699 existente
1225 2656 1278 2699 arte
1302 2662 1367 2697 anno
1386 2643 1428 2695 91.
1449 2645 1522 2694 datar

172 2721 355 2771 maneta
372 2715 443 2767 57011
462 2719 576 2768 eireiter.
588 2753 612 2765 ..
644 2718 794 2768 Diiierentia
817 2719 992 2769 semidiametri
1011 2721 1037 2771 in
1056 2732 1167 2787 apogaeo
1186 2717 1250 2769 Solis
1269 2725 1295 2770 et
1312 2721 1387 2783 ipsius
1405 2718 1540 2783 parigaeo‘

173 2791 198 2842 ai
213 2787 250 2841 2⁰
268 2792 325 2842 iare
340 2791 450 2856 attingit
488 2788 597 2840 Causam
614 2788 687 2852 huius
706 2789 890 2853 inaequalitatis
909 2804 992 2840 reram
1010 2798 1039 2840 ut
1056 2791 1125 2841 dieas
1143 2804 1211 2857 rogo.
1238 2790 1354 2841 Debebat
1372 2795 1440 2840 eerte
1457 2800 1521 2839 unus

175 2863 297 2928 spieyeins
318 2862 430 2913 omnibus
449 2861 573 2911 distantiis
593 2859 708 2911 adhibitis
726 2862 815 2926 ubique
835 2863 974 2920 convenire,
993 2862 1105 2913 sednon
1124 2864 1192 2914 iaeit.
1224 2912 1226 2920 ,
1441 2890 1446 2897 -

257 2950 345 3003 Etiam
362 2947 410 3001 hoe
428 2951 472 3001 tibi
490 2964 624 3014 proponere
643 2950 752 3014 placuit,
778 2952 843 3015 qnod
860 2953 885 3001 in
905 2952 1119 3003 dxerdmh'onibns
1147 2953 1207 3003 meis
1225 2950 1382 3002 Martialibus
1409 2948 1520 3014 cognovi,

176 3037 198 3074 er
215 3024 409 3077 secmarieitate
427 3021 515 3072 Martis
534 3029 560 3073 et
583 3021 674 3088 angulo
697 3022 760 3072 inter
780 3019 812 3083 Q
826 3021 901 3084 etd
931 3038 1045 3089 apogaea
1071 3025 1200 3088 interieoto
1218 3022 1360 3089 ,quidquam
1386 3020 1520 3086 provenire.

176 3092 234 3162 qaod
252 3094 366 3146 deonoti
377 3094 538 3158 speculationi
556 3093 672 3143 insem're
688 3095 772 3157 possit.
798 3094 837 3144 Sit
850 3094 891 3145 CB
905 3110 992 3146 aecen-

176 3169 266 3221 trieieaa
285 3163 313 3227 d
334 3156 431 3221 lisia,
460 3165 565 3231 angulas
591 3163 660 3214 BCA
685 3160 734 3214 5³⁰
752 3162 795 3214 ³0¹
815 3181 856 3225 o.;
883 3175 912 3217 ut
936 3182 994 3233 ergo

177 3234 435 3308 mgnlnshadBG
459 3237 495 3286 sie
519 3234 714 3302 angaiuscad
736 3238 996 3289 ABetBadAC:

178 3304 250 3372 1107,
272 3309 340 3376 quod
352 3308 403 3358 iere
417 3308 531 3358 convenit
543 3322 599 3358 eam
612 3307 693 3359 altera
705 3314 749 3359 tua
761 3311 948 3360 sesentrieitate
962 3307 997 3371 d.

177 3377 280 3434 imam
297 3381 382 3446 igitur,
403 3376 485 3429 Solem
498 3392 552 3430 esse
571 3392 673 3432 eausam
685 3380 786 3445 duplicis
804 3382 997 3433 eeoentrieitatis

179 3451 257 3513 (ivel
275 3451 391 3516 impliciti
410 3453 462 3514 eins
483 3457 572 3500 motus.

259 3523 363 3575 Deinde
375 3522 444 3581 dieis,
464 3523 675 3573 aasennieitatem
694 3523 866 3575 distantiarum
885 3538 997 3575 verarum
1033 3529 1048 3574 i

178 3608 224 3649 ase
244 3590 338 3655 seem
367 3600 395 3645 at
412 3608 442 3644 ex
466 3594 558 3660 angulo
585 3593 715 3645 interduo
741 3609 855 3660 apogaea
874 3591 906 3655 Q
926 3594 996 3657 etd

176 3681 213 3733 per
231 3663 494 3727 seminantem&
523 3661 607 3714 11613
631 3664 706 3716 datur
728 3664 798 3728 9500
817 3663 893 3730 (ΒΔ).
931 3667 996 3718 Vide

177 3738 246 3807 lqlarr
263 3740 300 3789 mi
319 3737 436 3803 Keplere,
458 3736 517 3802 qaid
533 3737 597 3787 haee
615 3743 675 3788 tuae
693 3738 855 3802 speculationi
880 3738 996 3797 afferant,

178 3817 200 3861 st
215 3823 292 3863 veras
319 3822 409 3860 sauses
435 3806 578 3874 hypothesis
604 3814 664 3861 tuae
683 3816 710 3860 et
728 3812 780 3872 eJns
808 3811 996 3862 constituendae

179 3897 258 3936 mam
276 3883 400 3933 rationem
418 3881 519 3931 tandem
537 3894 680 3947 cognoseat.
707 3882 780 3932 Certe
798 3883 819 3931 si
836 3883 884 3932 bae
902 3884 997 3933 ratione

179 3956 309 4023 quidquam
332 3967 350 4005 s
374 3950 431 4004 Sole
454 3957 481 4003 et
506 3950 553 4002 hoe
581 3951 672 4020 angulo
699 3954 837 4017 proveniret
861 3956 888 4004 in
910 3954 998 4006 Martis

179 4034 249 4089 mm,
269 4031 334 4077 tune
353 4020 452 4075 dubium
470 4038 520 4073 non
533 4029 607 4082 esset,
625 4030 720 4076 mutato
733 4024 780 4074 boe
800 4026 890 4092 angulo
909 4026 998 4077 variari

180 4100 252 4150 viam
275 4096 411 4162 mantis
435 4095 646 4146 eeeenmioitatem
664 4103 690 4148 et
707 4096 881 4147 dhtantiarum
898 4103 997 4149 tuarum
1458 4110 1461 4116 ⁴

179 4169 398 4223 malemein.
435 4166 527 4228 Quodsi
545 4182 640 4234 quoqne
658 4167 749 4233 aphelii
769 4165 794 4229 d
817 4168 909 4219 lineam
928 4184 971 4233 per
994 4167 1153 4232 prasiana
1177 4165 1220 4230 (ao
1238 4170 1259 4220 si
1276 4170 1325 4227 illie
1344 4170 1423 4225 Terra
1449 4181 1522 4231 esset

178 4242 268 4294 annin
286 4239 318 4299 C,
336 4245 365 4289 ut
381 4238 503 4290 haetenus
521 4240 614 4304 opinati
632 4240 701 4301 sunt)
724 4239 833 4298 dmeris,
860 4240 956 4291 ridebis
972 4240 1047 4289 etiam
1065 4253 1176 4290 normam
1194 4248 1274 4292 motus
1292 4249 1319 4292 et
1336 4245 1408 4295 simul
1427 4246 1523 4297 abditas

179 4327 266 4367 ausas
291 4311 455 4380 quorundam·
491 4312 526 4361 At
540 4311 642 4374 judico,
670 4311 806 4377 epieyelum
834 4311 1008 4362 marmandam
1031 4325 1084 4361 esse
1104 4311 1201 4376 abjeoto
1228 4314 1286 4367 orbe
1304 4313 1376 4375 Solis,
1394 4324 1420 4367 et
1437 4310 1523 4368 melias

178 4378 285 4459 m
301 4384 368 4435 ratio
385 4383 439 4433 dari
456 4383 554 4448 poterit.

247 4468 344 4526 ‚naor
361 4485 465 4523 sareon
484 4472 654 4525 accommodes
667 4478 737 4523 tuam
754 4473 933 4524 restitutionem
945 4472 978 4523 ad
989 4471 1088 4523 modam
1100 4471 1224 4537 'l'yohonis
1235 4473 1273 4525 rel
1285 4474 1422 4528 Ptolemaei
1433 4479 1522 4541 potius,

177 4548 240 4617 ped
257 4544 386 4599 ntiaeiar
403 4559 478 4609 rogo;
497 4546 533 4595 sis
550 4544 632 4609 piures
649 4543 752 4596 habebis
770 4551 830 4594 tuae
849 4545 988 4595 sententiae
1006 4544 1179 4609 astipulatores
1197 4547 1337 4611 aliquando.

263 4634 333 4687 Vide
350 4635 385 4684 mi
402 4635 544 4685 sunnine
562 4633 678 4698 Keplere,
697 4634 762 4684 haee
781 4633 894 4694 eandida,
914 4635 994 4685 auriae
1013 4641 1039 4685 et
1056 4633 1132 4687 libere
1150 4636 1195 4686 tibi
1213 4638 1305 4701 aperio,
1323 4642 1352 4685 ut
1366 4638 1450 4698 larem
1469 4644 1523 4688 teos

176 4705 315 4761 limeuleos
333 4706 436 4775 labores,
455 4721 515 4770 quos
531 4709 584 4768 lam
602 4707 654 4770 ipse
672 4720 717 4770 per
733 4707 857 4771 integrum
873 4720 983 4756 mensem
1000 4720 1092 4774 magno
1117 4707 1238 4758 volamine
1256 4709 1392 4773 eouseripto
1411 4717 1523 4773 expertus

176 4792 230 4833 nm
248 4786 279 4832 st
295 4791 328 4830 ee
345 4777 425 4843 nsgts
441 4779 523 4829 miror.
558 4777 612 4844 Ego
630 4779 656 4827 in
682 4777 748 4827 mille
775 4778 858 4828 formis
885 4778 1067 4830 observationes
1092 4779 1291 4844 accommodari,
1314 4779 1359 4830 sed
1379 4795 1424 4844 per
1442 4783 1524 4833 omnia

176 4852 262 4907 ὼ
280 4862 436 4905 mue.
472 4848 555 4901 Video
578 4850 687 4902 omnium
709 4850 788 4915 primo
813 4848 962 4913 marchia
980 4847 1041 4916 (d),
1058 4853 1113 4915 ejus
1135 4851 1258 4917 spispelos
1274 4852 1313 4904 rei
1330 4853 1523 4905 semidiametros
