3354 5504
459 271 463 280 '
525 291 695 346 rotrone
730 214 940 395 Q
1055 245 1059 253 ¹
1338 279 1401 351 319

52 466 228 549 eclipticam
251 469 280 529 iu
303 469 380 531 Iocis
403 490 441 531 ex
464 470 535 533 Sole
565 475 711 554 oppositis
741 484 863 549 secant,
895 474 972 557 quod
1005 491 1096 553 supra
1127 466 1292 551 eap.‚XII.
1309 450 1427 551 XIIII-2¹

51 559 142 619 XIV.
168 559 206 620 de
229 560 328 620 Marte
361 577 398 620 ex
427 561 687 626 observationibus
709 573 758 628 est
788 566 1032 628 demonstratum.
1077 562 1159 643 Ergo
1193 564 1229 621 et
1255 554 1439 719 diunt&

52 647 214 710 libratoria
237 645 274 727 γζ
292 668 397 710 versus
413 649 516 712 Solem
539 651 635 731 ipsum
660 654 766 728 tendit,
791 663 822 717 et
839 653 1014 717 latitudines
1037 649 1141 714 Solem
1161 648 1281 713 omnino
1302 645 1397 725 saepi,

54 737 148 799 ciunt.
189 737 259 798 Etsi
281 738 338 800 hoc
362 759 477 820 quoque
501 741 538 801 de
563 741 720 805 latitudine
744 744 822 805 infra
844 752 930 823 parte
945 743 985 803 V.
1010 763 1029 802 a
1051 736 1182 825 mentis
1205 734 1416 818 partibnsqad,

54 836 218 891 naturae
241 836 345 907 partes
369 836 401 888 et
423 831 654 909 magneticas
678 833 887 894 facultates
911 853 975 894 sum
999 832 1198 894 traducturus.
1244 826 1310 888 Nec
1330 843 1369 885 mr
1393 823 1402 883 i

55 902 262 997 ruodpert,
286 917 394 996 oppido
411 937 534 998 parvam
557 940 625 982 esse
649 922 725 985 hauc
740 922 821 984 Solis
845 923 1021 983 diametrum
1049 920 1171 1000 ejusque
1197 913 1402 986 variationem,

53 1013 88 1065 ut
118 990 189 1086 Mi
205 1005 309 1084 regula
338 1026 406 1067 esse
437 1027 495 1069 non
525 1010 631 1087 possit.
687 1009 809 1074 Certum
840 1011 918 1073 euim
949 1018 1013 1085 est,
1042 1010 1073 1070 in
1103 1007 1184 1070 nullo
1214 1005 1403 1085 planetamm

55 1094 177 1174 penitus
209 1113 401 1158 evanescere.
449 1097 523 1160 Cum
558 1099 635 1161 enim
660 1099 689 1161 in
712 1101 874 1183 Terrptsit
897 1097 961 1173 301,
992 1101 1021 1161 iu
1045 1099 1144 1159 Marte
1178 1095 1278 1156 obtine
1351 1086 1405 1166 20,

56 1185 85 1245 in
106 1182 246 1254 Jovot,
268 1184 298 1245 in
322 1185 453 1247 Saturno
478 1183 508 1260 3,
532 1198 565 1249 at
588 1187 616 1250 in
641 1168 837 1275 Vener-oliti&
853 1191 882 1253 in
905 1188 1055 1251 Mercurio
1078 1188 1166 1267 plane
1182 1181 1234 1257 80,
1259 1189 1290 1244 et
1347 1198 1405 1262 que

57 1270 197 1337 odilo.
243 1275 348 1353 Neque
372 1276 408 1335 de
433 1277 582 1354 parvitate
607 1278 694 1358 hujus
728 1270 873 1358 corporis,
903 1280 956 1341 sed
981 1279 1016 1339 do
1040 1294 1180 1339 sensuum
1211 1273 1404 1335 humanorum

59 1362 160 1443 Inepta
183 1362 323 1425 crassitie
347 1383 483 1443 querare,
507 1366 556 1445 qui
580 1368 617 1427 ad
641 1376 702 1429 tam
726 1387 820 1447 parra
843 1368 1033 1449 percipienda
1055 1385 1113 1427 non
1136 1369 1307 1442 sequnntur.

145 1451 227 1513 Ecce
249 1451 305 1513 hoc
329 1454 616 1535 quantulumcunque
632 1477 739 1537 corpus
765 1468 868 1555 spru!
892 1465 989 1518 tamen
1015 1464 1073 1527 est,
1097 1444 1174 1532 qued
1190 1452 1218 1512 in
1240 1447 1403 1529 superiori·

60 1541 111 1602 bus
137 1542 352 1633 demonstravi,
377 1544 416 1603 ad
439 1544 587 1607 movenda
609 1546 637 1606 in
661 1546 801 1649 equulmn
825 1550 889 1609 tuin
913 1553 1028 1608 remota
1051 1562 1185 1622 corpora.
1222 1541 1268 1602 De
1292 1536 1403 1601 illumi-

60 1628 304 1705 natm-nundi
327 1651 345 1692 a
370 1632 488 1705 tantillo
513 1635 811 1719 corpusculo'sciunt
833 1656 943 1698 omnes.
992 1632 1142 1697 Credibile
1166 1636 1213 1691 est
1237 1630 1355 1707 itaque,
1380 1625 1406 1686 si

60 1716 453 1800 qna'ss'fp'ttnltatffipraediti
487 1728 555 1783 snut
579 1732 710 1786 motores
742 1726 785 1787 illi
810 1726 1014 1787 observandae
1044 1722 1130 1801 hujus
1155 1719 1305 1784 diametri,
1339 1734 1406 1775 eam

61 1818 143 1872 tauto
167 1822 238 1870 esse
262 1810 442 1889 argntIorem
466 1830 554 1890 quam
578 1815 745 1876 suntoculi
770 1815 873 1890 nostri,
900 1823 1011 1893 quanto
1027 1831 1101 1892 opus
1126 1810 1191 1889 ejus
1215 1817 1245 1869 et
1267 1805 1404 1886 perennis

62 1898 149 1961 motio
175 1898 288 1960 nostris
313 1901 491 1961 turbulentis
516 1911 547 1963 et
571 1904 703 1964 confusis
727 1903 857 1983 negotiis
881 1913 929 1964 est
952 1901 1144 1964 constantior.

144 1988 196 2051 An
220 2007 291 2066 ergo
316 1988 401 2049 binos
425 1990 550 2068 singulis
574 1991 703 2070 planetis
728 1993 841 2054 tribues
865 1994 974 2065 oculus,
1000 1990 1154 2069 Keplere?
1200 1989 1402 2065 Nequaquam.
1506 2035 1509 2044 .

61 2078 161 2157 b'eque
187 2086 236 2139 est
259 2097 391 2139 neeesse.
437 2079 542 2158 Neque
566 2080 642 2141 enIm
667 2091 699 2142 ut
722 2083 832 2144 moveri
856 2083 988 2162 possint,
1013 2081 1104 2160 pedes
1129 2078 1201 2157 Ipsis
1226 2087 1315 2154 atque
1339 2073 1404 2134 alae

61 2177 126 2228 sunt
148 2165 337 2228 tribuendae.
378 2165 476 2228 Orbes
490 2186 560 2228 vero
584 2170 697 2231 solides
712 2173 849 2233 Braheus
869 2172 933 2250 jam
957 2168 1131 2232 eliminavit.
1173 2167 1276 2243 b'eque
1291 2162 1403 2223 exhau-

60 2257 96 2318 sit
127 2264 236 2316 uestra
267 2257 431 2335 speculatio
461 2276 562 2319 omnes
595 2271 720 2320 naturae
750 2261 920 2335 thesauros,
954 2268 988 2322 ut
1012 2278 1064 2338 per
1094 2252 1404 2318 nostramscientiam

62 2354 134 2420 stet,
168 2353 243 2424 quot
266 2365 371 2407 seusus
395 2366 462 2408 esse
487 2347 625 2410 debeant.
672 2349 717 2410 At
740 2351 830 2427 etiam
855 2349 993 2430 exempla
1020 2347 1104 2409 nobis
1129 2343 1315 2406 admirabilia
1338 2347 1406 2401 snut

61 2435 83 2497 in
106 2444 237 2514 promtu.
277 2433 330 2497 Dic
345 2436 423 2496 euim
446 2436 578 2516 physice,
604 2438 710 2517 quibus
726 2440 820 2501 oculis
840 2449 986 2500 astrorum
1011 2439 1077 2499 loca
1100 2436 1129 2497 in
1153 2434 1274 2495 zodIaco
1297 2449 1404 2510 specu·

61 2525 154 2586 lentur
180 2524 342 2585 facultates
366 2525 512 2586 ammales
542 2544 702 2605 corporum·
719 2530 933 2601 sublunarium,
959 2537 990 2588 ut
1014 2525 1185 2588 harmonica
1209 2520 1404 2601 dispositidpc

61 2616 158 2694 (quoqu
186 2621 343 2691 aspectum
366 2609 507 2692 dicimus)
532 2615 610 2676 inter
633 2636 670 2676 ea
693 2614 879 2697 deprehensa
909 2618 1081 2677 subsultent
1104 2624 1136 2675 et
1169 2613 1197 2673 in
1222 2631 1298 2690 opus
1321 2628 1405 2671 sunm
1454 2684 1458 2699 Ι

60 2698 282 2764 exardescant?
327 2702 376 2763 Au
406 2703 496 2763 etiam
522 2704 615 2765 oculis
643 2706 704 2766 suis
729 2708 860 2784 signavit
884 2716 979 2768 mater
1008 2724 1075 2766 mea
1104 2704 1170 2764 loca
1193 2701 1340 2769 siderum,
1372 2707 1406 2759 ut

60 2793 159 2865 scitet,
185 2809 218 2851 se
242 2799 344 2853 natam
368 2792 398 2853 iu
413 2793 645 2872 configuratione
669 2793 802 2871 Saturni,
826 2797 922 2870 Jovis,
948 2795 1066 2860 Martis
1092 2790 1228 2861 Veneris,
1253 2788 1402 2860 Mercurii,

60 2901 106 2960 per
130 2879 260 2941 sextiles
283 2891 314 2942 et
337 2881 447 2955 triuos3
472 2901 566 2962 eoque
590 2884 627 2944 iis
650 2884 837 2962 potissImum
862 2886 965 2946 diebus
989 2885 1098 2946 liberos
1123 2901 1202 2952 suos,
1226 2876 1404 2957 praesertim

60 2990 101 3032 me
113 2969 347 3059 primogenitum
364 2971 535 3044 eniteretur,
561 2972 666 3051 quibus
689 2994 778 3054 qnam
796 2975 912 3055 plurimi
928 2974 1087 3035 eorundem
1107 2979 1288 3048 aspectuum,
1312 2984 1402 3047 prae·
1490 2960 1499 2975 '

60 3050 301 3123 sertifflaturni
326 3070 358 3120 et
370 3059 456 3121 Iovis
480 3075 675 3135 recurrerent,
702 3073 754 3125 ant
778 3064 1010 3144 quamplurima
1035 3064 1101 3122 loca
1124 3058 1251 3138 pristina
1274 3055 1405 3135 quadra-

61 3150 112 3224 tis,
147 3148 314 3227 oppositis,
348 3157 379 3210 et
409 3150 482 3228 Ipsis
507 3152 679 3229 corporibus
707 3154 955 3232 possiderentur?
1002 3149 1086 3222 Quae
1110 3168 1182 3209 saue
1212 3146 1240 3206 iu
1269 3144 1405 3206 omnibns
1500 3154 1505 3161 '

63 3236 208 3318 exemplis
223 3237 413 3316 deprehendi,
438 3247 583 3320 quotquot
598 3242 636 3303 ad
660 3242 736 3303 bunc
763 3243 840 3305 diem
864 3244 1042 3321 othgernut.
1083 3238 1144 3300 Sed
1168 3236 1236 3315 qnid
1261 3252 1315 3313 ego
1331 3234 1405 3294 haee

62 3346 152 3407 aeque
178 3327 423 3408 absurdaatque
447 3329 512 3401 illa,
547 3330 602 3430 φὶ
627 3331 701 3405 illis,
736 3332 784 3410 qui
810 3333 839 3393 iu
864 3342 972 3394 natura
995 3349 1061 3390 sese
1086 3325 1257 3406 diligentius
1281 3339 1405 3385 exeren-

62 3425 155 3490 eruut,
182 3434 271 3496 quam
294 3416 381 3478 hodie
407 3417 549 3483 usitatum
574 3421 644 3480 est?
691 3426 787 3492 (Comp.
803 3428 855 3478 vol.
868 3430 899 3487 11,
919 3446 942 3492 p.
958 3426 1030 3488 tto.)

145 3503 233 3567 Idem
256 3504 347 3584 Igitur
369 3506 427 3579 ille,
454 3494 539 3587 qffim
564 3509 610 3569 hic
634 3509 770 3586 ponimus
786 3510 894 3585 dicere,
919 3512 1056 3587 planetae
1080 3508 1219 3568 iteresse
1243 3503 1406 3580 perfectum

63 3594 212 3666 circulum,
235 3593 291 3656 boc
307 3593 395 3668 dicet,
420 3596 573 3676 planetam
598 3600 738 3658 affectare
763 3619 818 3660 sua
841 3599 1010 3672 libratione,
1036 3606 1068 3657 ut
1091 3598 1118 3656 iu
1136 3614 1193 3674 qna
1215 3591 1406 3672 proportione
1477 3586 1488 3669 Ἰ

63 3693 128 3746 ⁵⁰¹1ss
152 3683 253 3745 lineae
277 3688 330 3754 δα,
355 3706 404 3758 eu,
427 3680 468 3757 ζα
491 3687 539 3747 vel
555 3688 694 3767 aequales
719 3687 777 3747 illis
801 3711 850 3760 ια,
874 3692 925 3761 λα,
950 3684 990 3759 ζα
1014 3687 1052 3747 ad
1076 3683 1281 3763 longissimam
1303 3703 1355 3757 yn,
1377 3680 1406 3740 in

62 3774 164 3836 eadem
200 3773 261 3834 fere
292 3776 369 3850 (nam
407 3800 467 3853 cap.
497 3787 580 3842 LVII.
609 3787 662 3841 erit
696 3788 835 3856 proportio
862 3789 945 3856 paulo
973 3781 1053 3852 alia.)
1084 3771 1273 3852 proportione
1303 3770 1408 3832 eversa

63 3863 219 3924 rideantur
242 3861 299 3940 ipsi
323 3862 460 3924 diametri
479 3862 560 3925 Solis
583 3877 653 3943 post
667 3867 808 3946 aequales
824 3865 982 3928 eccentrici
1006 3882 1091 3925 arcus
1106 3862 1274 3933 confectos3
1299 3868 1330 3919 et
1352 3859 1407 3920 bac
1490 3890 1493 3895 ·

63 3948 387 4014 diametrorumSolio
415 3954 653 4016 consideratione
681 3955 781 4017 venire
806 3955 895 4017 dIctis
926 3963 1091 4031 temporum
1125 3949 1260 4012 articulis
1284 3968 1321 4009 er
1343 3971 1357 4027 y
1379 3948 1408 4010 in
1447 3966 1466 3997 ·,

61 4066 74 4107 ι,
98 4045 126 4115 l,
152 4035 169 4112 ζ
191 4038 441 4120 propinquitates.

148 4128 310 4211 Sciendum
334 4138 444 4204 tamen,
469 4150 527 4193 non
550 4132 624 4193 beue
649 4134 795 4212 quadrare
819 4132 945 4195 invicem
969 4137 1161 4209 angmentum
1176 4128 1313 4189 diametri
1328 4124 1409 4189 Solis

61 4231 87 4280 et
112 4238 204 4280 arcus
228 4218 367 4300 epieycli3
400 4220 500 4300 itaque
531 4223 703 4285 memoriam
728 4224 794 4284 huic
823 4222 915 4284 menti
944 4214 1060 4282 metrici
1089 4220 1177 4280 valde
1206 4218 1312 4279 bonam
1342 4234 1417 4276 esse
1450 4274 1458 4289 ,

59 4318 190 4389 oportet,
214 4306 253 4368 ad
273 4309 412 4389 aequalia
435 4318 596 4389 augmenta
620 4311 756 4374 diametri
774 4312 854 4376 Solis
878 4309 1116 4374 accommodanti
1141 4308 1312 4388 inaequales
1326 4303 1408 4367 sinus

59 4416 166 4461 versos
191 4416 313 4458 arcuum
336 4398 475 4480 epieycII:
501 4419 558 4480 quo
582 4401 618 4460 de
642 4401 720 4462 iufra
744 4422 808 4481 cap.
833 4402 916 4474 LVI,
941 4399 1040 4460 LVII.
1230 4454 1238 4467 ,
1289 4384 1302 4413 ⁰

149 4486 207 4548 III.
247 4487 348 4566 Atque
372 4486 446 4549 baec
463 4489 499 4549 de
519 4489 608 4568 sigan
622 4492 751 4552 confecti
774 4490 864 4570 spatii
880 4490 961 4551 diota
984 4496 1081 4549 sunto.
1119 4485 1239 4558 Restat,
1264 4490 1298 4544 ut
1320 4481 1409 4545 tertio

60 4577 142 4639 etde
158 4575 282 4659 animali
296 4577 439 4639 facultate
464 4579 689 4640 transvectandi
702 4581 835 4659 corporis
852 4579 1009 4658 planetarii
1031 4575 1126 4637 tribus
1142 4573 1240 4635 verbis
1255 4591 1408 4636 moneam:

60 4686 142 4738 eum,
171 4665 220 4745 qni
244 4665 341 4740 dicat,
375 4666 405 4725 vi
428 4664 518 4728 insita
542 4670 741 4747 transportari
765 4686 871 4748 corpus
894 4669 1052 4746 planetae,
1084 4662 1163 4725 nullo
1187 4664 1274 4724 modo
1297 4661 1408 4723 verisi-

62 4755 146 4819 milia
168 4754 283 4828 dieere3
316 4757 372 4817 hoc
396 4756 474 4819 enim
498 4757 670 4834 uegavans
695 4757 723 4819 iu
747 4758 901 4837 principio.
951 4757 994 4817 At
1021 4772 1114 4834 ueqne
1139 4748 1203 4814 Soli
1231 4751 1408 4832 simpliciter

62 4842 238 4913 transscribi
257 4853 372 4929 potest
404 4844 450 4913 vis
482 4846 566 4910 baec.
612 4848 696 4910 Idem
719 4848 812 4924 euim,
844 4848 894 4929 qni
916 4848 1070 4930 planetam
1098 4841 1240 4931 attrabit,
1273 4841 1408 4911 vicissim
