3354 5504
660 265 723 324 Para
739 267 830 324 Prima.
868 268 950 338 Caput
967 263 1001 321 V.
1059 350 1062 357 ὁ
1311 219 1314 224 1
1444 264 1505 339 185

157 454 275 520 itineris
300 451 461 534 planetarii
485 450 751 534 aequipollentem,
776 452 912 514 diversae
937 459 1037 513 tamen
1066 470 1162 531 appa·
1285 451 1338 518 mg.
1358 447 1400 502 55·

160 546 297 618 rentiae3
335 544 425 624 idque
461 540 681 623 praestabimus
713 541 910 603 translatione
947 541 1029 602 visus
1066 559 1103 601 ex
1134 566 1163 603 α.

159 636 324 698 Possemus
358 633 436 694 idem
468 651 521 711 per
551 631 638 692 finem
671 631 778 709 capitis
801 631 874 705 IlI.‚
905 629 995 692 etiarn
1025 639 1164 691 manente

158 725 221 786 visu
238 724 270 785 in
287 747 307 785 α
323 730 355 783 et
374 723 523 784 translato
548 720 723 794 occentum,
749 719 895 801 lineisque
919 720 1073 797 parallelis
1097 739 1163 780 ma-

158 814 304 886 nentibus,
332 822 365 873 ut
381 812 425 872 ita
440 811 599 872 eccentrici
613 809 781 889 quantitate
797 817 936 870 manente
956 809 1033 870 situs
1049 809 1163 870 solum-

159 902 243 964 modo
267 902 412 962 varietur.
458 900 547 972 Quod
571 907 670 961 autem
699 898 764 977 jam
792 898 992 973 instituimus,
1024 898 1068 959 sic
1091 917 1162 978 per-

160 992 303 1054 ficiemus.
360 989 507 1070 Suscepto
548 990 612 1051 loco
648 987 731 1048 visus
769 997 855 1049 extra
886 987 1016 1066 priorem
1053 987 1162 1049 lineam

160 1082 305 1161 apsidum,
331 1079 381 1159 qui
403 1080 444 1141 sit
458 1081 486 1156 β,
511 1086 543 1139 ut
559 1080 597 1157 βγ
620 1077 660 1139 sit
680 1077 833 1157 quantitas
858 1077 918 1137 alia
942 1078 980 1138 ab
995 1098 1042 1155 oy,
1066 1096 1161 1138 novae

160 1170 277 1232 scilicet
315 1168 553 1230 eccentricitatis
581 1168 629 1228 vel
660 1184 755 1227 norae
785 1165 1000 1228 semidiametri
1037 1166 1162 1247 epicycli

159 1259 298 1338 majoris,
333 1277 456 1337 agemus
480 1276 534 1337 per
555 1258 594 1335 βγ
616 1275 723 1317 nevam
757 1255 865 1316 lineam
897 1255 1032 1336 apsidum
1055 1256 1111 1332 βό,·
1131 1265 1163 1317 et

160 1351 217 1411 ino
239 1347 407 1410 scribemus
428 1347 592 1427 epicyolnm
611 1345 703 1426 priori
722 1347 888 1424 aequalem.
926 1343 1072 1415 Quamvis
1091 1364 1160 1406 vero

161 1447 292 1500 centrum
316 1437 442 1517 epicycli
465 1437 513 1497 hie
537 1436 577 1498 sit
595 1435 657 1496 ino
680 1435 794 1514 apside,
818 1443 994 1496 nontamen
1018 1453 1161 1513 ponemus

157 1528 215 1608 jam
246 1528 403 1607 planetam
426 1526 455 1586 in
488 1532 597 1604 puncto
630 1524 724 1604 ipsiy
752 1525 887 1604 proximo
916 1533 951 1585 ut
978 1524 1077 1602 prius,
1108 1523 1161 1586 sed

161 1618 348 1680 considerato
378 1615 484 1694 angulo
513 1621 584 1693 ayo,
618 1613 737 1692 duplum
765 1612 793 1674 ei
823 1622 989 1675 statuemus
1022 1614 1161 1692 angulum

160 1711 222 1785 toy
244 1726 353 1768 versus
378 1728 401 1780 a,
425 1715 456 1766 et
478 1705 632 1784 planetam
655 1703 684 1764 in
707 1708 733 1764 o
755 1703 930 1776 locabimus,
954 1703 1069 1783 quando
1094 1704 1159 1783 epi-

161 1797 258 1878 cyclus
290 1795 390 1856 estin
414 1799 432 1855 ὅ
460 1793 581 1874 apside;
612 1792 655 1853 sic
686 1792 764 1853 enirn
795 1793 993 1855 collocaretur
1021 1793 1153 1874 planeta,
1179 1797 1300 1859 etiamsi
1324 1798 1405 1862 visus
1430 1799 1458 1862 in
1484 1826 1506 1865 α

161 1897 186 1948 et
208 1885 364 1966 epicyclus
388 1883 418 1944 in
438 1889 456 1944 o
478 1889 570 1945 esset.
609 1882 675 1943 Hoc
698 1881 800 1962 itaque
823 1891 914 1961 pacto
933 1883 973 1944 ad
992 1902 1119 1962 unguem
1143 1886 1248 1949 eadem
1271 1888 1384 1950 veritas
1408 1899 1508 1953 manet

161 1975 317 2055 compositi
340 1972 456 2035 itineris
479 1970 654 2052 planetarii,
686 1970 865 2051 apparentia
891 1991 962 2034 vero
990 1981 1143 2037 mutatur:
1174 1976 1292 2056 quando
1317 1978 1394 2041 enim
1418 1980 1506 2042 incli-
1603 1970 1629 2047 ,’

161 2074 266 2126 uantur
290 2064 387 2125 lineae
411 2061 555 2138 visoriae,
588 2068 623 2123 nt
649 2060 697 2123 hic
720 2061 778 2137 βθ,
802 2066 853 2122 αθ
876 2063 923 2124 vel
946 2063 997 2141 βη,
1022 2084 1078 2140 aq,
1110 2073 1180 2128 tunc
1214 2066 1308 2128 etiam
1331 2068 1360 2129 in
1384 2069 1505 2133 diversa

162 2154 223 2216 loca
246 2152 304 2214 sub
328 2151 394 2214 fixis
417 2151 560 2213 incidunt.

246 2241 401 2322 Objicias,
429 2241 522 2302 etiam
550 2259 616 2302 cum
646 2237 775 2300 visoriae
803 2239 900 2302 lineae
929 2240 1095 2320 parallelae
1124 2251 1208 2318 sunt,
1240 2243 1270 2305 in
1294 2244 1415 2309 diversa
1437 2246 1506 2309 loca

162 2333 210 2394 sub
235 2332 305 2393 lixis
328 2331 473 2405 incidere;
497 2349 554 2391 uon
578 2329 670 2408 igitur
692 2346 766 2408 opus
790 2348 857 2390 esse
882 2330 920 2391 ad
943 2330 1008 2403 hoo,
1034 2339 1067 2392 ut
1090 2332 1129 2393 ad
1152 2352 1184 2393 se
1202 2341 1303 2395 mutuo
1319 2333 1507 2400 inclinentur.

164 2420 360 2503 Respondent
392 2439 495 2481 rernm
522 2418 641 2499 quidem
665 2417 720 2479 hoo
744 2425 807 2492 est3
831 2418 884 2479 sed
909 2425 978 2481 tunc
1004 2420 1201 2501 interceptum
1228 2423 1358 2503 spatium
1383 2425 1508 2489 fixarum

165 2511 237 2573 iuter
265 2519 421 2590 utramque
451 2510 561 2571 lineam
584 2527 676 2589 penes
699 2507 797 2570 visum
820 2528 878 2569 non
902 2516 951 2570 est
973 2511 1128 2587 sensibile,
1153 2512 1211 2574 nisi
1235 2513 1381 2576 distantia
1403 2515 1507 2595 paral·

163 2600 286 2664 lelorurn
309 2598 351 2662 sit
374 2599 412 2661 ad
436 2597 691 2660 semidiametrum
713 2598 837 2659 lixarum
860 2597 1021 2662 sensibilis.

243 2691 281 2751 In
306 2687 544 2751 consideratione
568 2685 701 2770 physica,
725 2696 914 2766 praeterea,
940 2707 1015 2770 quae
1040 2709 1106 2771 cap.
1122 2689 1179 2753 111.
1202 2689 1293 2766 dicta,
1318 2692 1373 2754 hoc
1388 2711 1506 2774 quoque

165 2781 196 2842 ad
219 2776 440 2860 impetrandam
464 2777 539 2840 hane
563 2775 678 2838 itineris
701 2775 892 2838 identitatem
915 2777 945 2839 iu
960 2777 1079 2841 variata
1097 2779 1274 2859 apparentia
1288 2780 1345 2843 erit
1364 2788 1505 2844 statuen-

164 2870 241 2944 dum,
272 2877 418 2943 mentem,
452 2867 500 2930 oui
522 2867 618 2929 minor
640 2865 791 2948 epicyclus
815 2874 863 2927 est
885 2868 1077 2943 commissus,
1107 2870 1145 2930 ad
1169 2869 1250 2931 aliud
1272 2878 1415 2950 punctum
1440 2891 1506 2933 am-

164 2957 238 3047 bitns
262 2957 426 3037 respicere,
457 2976 546 3037 quam
574 2963 705 3061 mentqm
732 2955 853 3035 majoris
882 2956 1022 3038 epicycli:
1051 2959 1221 3021 restituitur
1249 2960 1327 3021 enirn
1358 2960 1507 3042 epicyclus

164 3049 254 3127 uajor
282 3047 333 3109 vel
361 3047 568 3109 eccentricitas
597 3045 627 3107 in
651 3045 783 3106 secunda
804 3044 953 3126 positione
978 3047 1016 3109 ad
1040 3047 1230 3126 tineamus,
1254 3049 1350 3111 minor
1372 3068 1443 3111 vero
1467 3050 1506 3111 ad

164 3137 269 3199 lineam
293 3159 352 3211 oe,
381 3156 439 3198 non
462 3156 515 3218 per
538 3137 635 3208 visum
660 3142 874 3209 transeuntem,
899 3136 969 3216 qnia
992 3137 1074 3199 visus
1096 3137 1126 3199 iu
1150 3137 1282 3200 secunda
1304 3138 1453 3218 positione
1477 3139 1508 3200 in

164 3226 338 3308 iponitur,
370 3245 437 3288 cum
461 3227 489 3288 iu
513 3227 610 3306 prima
631 3223 780 3303 positione
804 3225 885 3299 (visu
905 3226 934 3288 in
957 3251 977 3288 α
1000 3226 1182 3300 constituto)
1207 3235 1329 3307 uterque
1354 3227 1504 3309 epicyclus

165 3318 195 3378 ad
219 3315 349 3379 eandem
372 3338 414 3377 oe
438 3316 654 3377 restitueretur.
674 3313 762 3375 *Non
785 3313 887 3393 itaque
911 3315 1087 3397 simpliciter
1110 3316 1216 3378 eadem
1240 3317 1336 3378 forma
1359 3317 1507 3398 hypothe-

165 3424 227 3468 seos
259 3404 386 3487 physice
415 3413 531 3479 manet,
561 3413 594 3467 nt
620 3403 700 3465 idem
732 3401 789 3465 iter
820 3404 962 3483 planetae
995 3405 1174 3468 obtineatur.
1220 3404 1336 3476 Quodsi
1365 3407 1453 3466 etiarn
1477 3406 1508 3468 in

165 3496 294 3556 secunda
316 3493 464 3574 positione
488 3495 567 3556 idem
589 3493 725 3555 imitatos
750 3492 842 3554 fueris
874 3494 1059 3557 restituendo
1092 3503 1248 3576 utrumque
1282 3494 1445 3576 epicyclnm
1469 3495 1508 3556 ed

165 3585 286 3647 eandem
308 3583 418 3645 lineam
443 3583 580 3664 apsidum
593 3584 645 3660 βᾶ,
669 3600 741 3661 ergo
760 3590 898 3644 manente
917 3583 1022 3647 eodem
1046 3584 1212 3646 eccentrico
1232 3584 1379 3664 utrinque,
1403 3584 1507 3647 eodem

164 3675 250 3736 etiarn
282 3672 442 3754 epicyclio,
476 3673 551 3735 situs
582 3673 722 3753 planetae
745 3670 775 3732 in
799 3670 943 3753 epicyolio
974 3673 1032 3735 erit
1063 3673 1140 3736 alius
1171 3682 1261 3754 atque
1291 3673 1367 3735 alius
1391 3693 1449 3735 uno
1473 3683 1506 3737 et

164 3764 264 3826 eodem
290 3772 455 3837 momento;
479 3762 581 3844 itaque
605 3778 749 3840 expressa
772 3761 877 3822 eadem
897 3763 992 3825 forma
1014 3762 1217 3845 hypotheseos
1238 3761 1442 3825 Ptolemaicae
1467 3764 1507 3825 ad

165 3871 288 3933 unguem
311 3852 341 3914 iu
365 3853 498 3914 secunda
529 3851 694 3933 positione,
727 3849 784 3911 iter
812 3849 908 3929 ipsum
936 3853 1078 3931 planetae
1111 3850 1286 3914 variabitur.
1331 3852 1410 3914 Hinc
1435 3872 1506 3933 ergo

164 3941 307 4005 inseretur
329 3940 417 4015 iufra,
442 3943 559 4024 quando
583 3939 701 4022 quidem
730 3939 827 4019 prima
858 3941 1046 4018 planetarum
1074 3940 1275 4021 inaequalitas
1299 3943 1418 4004 omnino
1443 3944 1520 4004 sal-⁴

164 4032 260 4094 venda
284 4029 327 4093 sit
348 4048 402 4110 per
433 4031 629 4113 compositam
659 4028 837 4110 hypothesin
861 4048 927 4113 cap.
952 4032 1007 4106 IV,
1037 4031 1129 4109 igitur
1158 4049 1215 4091 uon
1246 4049 1335 4111 posse
1360 4031 1440 4106 fieri,
1475 4041 1509 4093 ut
1565 4078 1569 4084 .

164 4123 257 4200 prima
279 4119 482 4200 inaequalitas
514 4119 700 4202 expendatur
729 4137 823 4198 aeque
847 4117 876 4180 in
899 4121 998 4182 media
1021 4139 1056 4181 ac
1079 4118 1109 4180 in
1133 4120 1291 4200 apparenti
1320 4122 1507 4201 oppositione

163 4213 352 4290 planetarum
374 4229 440 4272 cum
463 4210 554 4273 Sole:
588 4209 645 4271 uisi
674 4206 762 4270 simul
787 4207 836 4283 vel
857 4208 926 4288 ipsa
955 4210 1054 4272 orbita
1085 4209 1226 4287 planetae
1258 4209 1319 4272 situ
1343 4231 1396 4272 suo
1420 4229 1506 4272 erno-

163 4308 266 4363 reatur
290 4298 477 4373 (differenter
500 4321 519 4363 a
540 4297 659 4362 circulis
688 4295 823 4358 theoriae
848 4296 944 4374 Solis)
967 4301 1016 4362 vel
1038 4306 1170 4361 mutetur
1199 4300 1296 4363 forma
1318 4299 1508 4362 Ptolemaiou

164 4388 269 4471 capitis
293 4387 350 4452 IV.

247 4479 352 4560 Atque
377 4477 433 4540 hac
457 4478 552 4542 forma
575 4475 819 4556 transpositionis
843 4475 1063 4541 Maestliuus
1093 4485 1142 4539 est
1168 4494 1254 4552 usus,
1289 4495 1354 4539 curn
1384 4472 1416 4559 iu
1440 4493 1507 4540 meo

162 4567 307 4653 Hysterio
332 4564 586 4649 Cosmographioo
610 4565 744 4629 tabulam
766 4564 848 4628 illam
871 4566 980 4646 capitis
1003 4567 1074 4630 XV.
1104 4566 1275 4629 conficeret.
1323 4564 1507 4645 Copernieus

163 4659 259 4734 euim,
293 4656 362 4719 dum
383 4656 570 4720 Ptolemaios
598 4658 628 4719 in
660 4673 744 4718 suam
774 4655 944 4733 generalem
972 4657 1180 4739 hypothesium
1211 4655 1336 4717 formam
1366 4654 1506 4728 traducit,

162 4748 248 4828 fingit
270 4746 367 4808 visum
389 4747 584 4810 coustitutum
609 4766 677 4809 esse
699 4743 731 4804 in
750 4751 860 4824 puncto
880 4744 979 4826 aliquo
999 4765 1052 4826 pro
1076 4748 1098 4819 ⁰,
1116 4766 1131 4807 e
1151 4742 1253 4805 Solem
1266 4762 1341 4823 pene
1352 4743 1505 4820 immobili,

163 4837 242 4917 quod
265 4843 332 4903 tota
355 4833 471 4901 Solaris
495 4837 575 4900 orbis
590 4832 815 4901 eccentricitate
829 4767 1505 4977 (11119111ωηιξςείεείωἰοοῳοῖῐῇοἰπίε.

1305 4982 1326 5043 ³.
1343 4984 1354 5041 ·.
1371 4950 1401 5043 5³²²
