3354 5504
724 274 806 327 sess
824 275 938 327 nasses.
1442 273 1504 342 725

161 472 200 509 ex
219 454 271 508 lat
292 462 322 508 et
341 452 540 508 semidiametro
561 442 587 513 J)
611 448 659 506 48⁴
680 448 748 517 54⁴2
776 457 847 525 quod
870 463 914 510 est
933 443 1086 508 insensibili
1106 434 1192 509 minus
1214 472 1294 527 quam
1315 450 1364 511 tt‘
1384 450 1433 511 δ”.
1476 457 1505 513 Si

161 542 256 588 autem
277 551 373 604 pamm
394 542 533 605 augeatur
552 534 685 587 diameter
706 525 748 596 I),
766 534 826 603 jam
847 536 956 591 excedit
976 536 1108 589 umbram.
1139 538 1219 590 Certe
1240 543 1348 606 partem
1369 539 1506 591 residuam

162 615 311 670 aestimare
332 633 385 667 non
406 615 497 684 potui,
525 614 690 684 praesertim
714 616 742 667 in
763 615 969 671 circumstantia
989 615 1064 670 limbi
1083 617 1216 670 illustrati
1238 617 1358 671 oradiis
1379 619 1505 672 refractis

161 702 191 748 et
214 694 348 749 rubentis.

347 774 420 828 sinis
441 773 584 847 tubingae
604 776 631 829 n.
653 772 679 829 t.
700 772 749 830 ta‘

162 857 256 911 orion
278 850 311 914 Θ
333 856 361 908 in
386 855 436 910 arc.
458 854 489 909 P.
510 849 583 915 181.
605 855 631 911 n.
654 851 680 908 5.
695 850 750 938 μ’

563 930 765 1009 Βῖῇἶ
793 953 822 1007 81
842 971 909 1026 ergo
930 955 1009 1009 finita
1028 955 1126 1008 suisset
1146 954 1255 1025 eclipsis
1276 954 1304 1008 in
1325 955 1384 1025 ipso
1405 963 1505 1011 exortu

158 1033 233 1089 Solis
254 1031 349 1094 Lincii,
371 1030 432 1086 dist.
456 1032 663 1087 meridianorum
684 1041 759 1086 esset
780 1029 837 1088 di‘.

250 1109 378 1160 Maestlini
397 1110 533 1160 observatio
551 1111 641 1175 legitur
658 1114 683 1160 in
701 1111 827 1160 Hanschio
844 1129 869 1176 p.
889 1111 931 1161 ts.

255 1195 299 1258 16)
317 1214 342 1261 p.
358 1194 417 1246 660.
445 1199 531 1248 Barth.
545 1199 675 1259 Pitisci‚
696 1200 889 1264 Grnnhergensie
902 1200 989 1258 Silesii‚
1008 1202 1224 1266 Trigonometriae‚
1244 1203 1293 1251 sire
1312 1202 1342 1251 de
1356 1201 1505 1251 dimensione

159 1270 339 1336 triangulorum
364 1270 417 1318 libri
441 1272 547 1334 quinque
573 1271 649 1335 (Aug.
669 1271 744 1320 Vind.
764 1269 840 1321 1608.
876 1272 982 1321 Primum
1005 1273 1092 1336 prodiit
1109 1273 1154 1321 hoc
1174 1288 1233 1334 opus
1251 1273 1364 1322 Franlsoi.
1383 1288 1407 1321 a.
1428 1270 1505 1329 1509,

157 1349 248 1407 postca
261 1342 293 1389 ib.
308 1355 332 1390 a„
349 1337 435 1398 1612).
457 1342 592 1397 „Axioma“
604 1342 654 1408 Ν.
670 1342 734 1406 quod
747 1337 807 1392 dicit
819 1342 949 1407 Keplerns‚
968 1345 1033 1393 inest
1045 1345 1103 1392 libro
1116 1343 1161 1392 IV.
1181 1352 1207 1394 et
1224 1345 1259 1394 sie
1272 1345 1399 1393 sehabet:
1418 1345 1439 1391 si
1458 1344 1505 1393 duo

157 1414 243 1463 latera
260 1412 386 1476 sigillatim
406 1412 581 1476 quadrantibus
599 1414 694 1462 minora
712 1415 815 1477 primum
831 1415 887 1477 ipsa
903 1416 968 1463 inter
985 1430 1052 1476 sese,
1077 1415 1166 1464 deinde
1184 1415 1250 1463 latus
1268 1418 1347 1464 minus
1365 1431 1420 1465 cum
1439 1430 1504 1464 com·

157 1485 285 1549 plemento
304 1484 401 1546 majoris
427 1498 573 1546 componas,
602 1491 627 1533 et
652 1486 714 1534 sinui
741 1499 811 1534 arem
838 1487 964 1547 compositi
988 1487 1126 1549 posterioris
1148 1488 1227 1535 sinum
1246 1487 1415 1550 complementi
1434 1501 1504 1536 arcus

159 1556 290 1618 compositi
309 1555 393 1618 prioris
412 1555 542 1605 subtrahas
560 1555 598 1605 rei
616 1557 695 1605 sinum
714 1571 826 1607 acessus
845 1556 933 1614 addas.
951 1565 990 1607 est
1006 1565 1035 1607 ut
1052 1558 1134 1607 radius
1147 1558 1180 1607 ad
1192 1557 1349 1607 medietatem
1362 1564 1445 1609 rectae
1464 1573 1507 1620 per

158 1627 230 1676 iliam
249 1626 299 1675 sire
317 1627 511 1676 subtractionem
525 1626 574 1677 sire
588 1626 738 1679 additionem
750 1629 842 1682 iactae
861 1628 899 1678 its
916 1628 985 1677 sinus
1002 1643 1085 1678 reram
1104 1628 1189 1694 anguli
1207 1643 1223 1679 s
1241 1629 1312 1678 dictis
1332 1630 1424 1678 duobus
1443 1629 1504 1679 iate-

159 1699 228 1747 ribus
248 1698 413 1760 comprehensi
432 1697 464 1746 ad
482 1705 590 1757 rectam,
614 1713 663 1762 qna
685 1699 811 1748 subtracta
829 1699 859 1747 de
877 1699 933 1748 sinu
952 1714 1022 1750 arcus
1042 1702 1166 1762 compositi
1190 1701 1340 1763 posterioris,
1365 1701 1507 1763 relinquitur
1582 1740 1585 1747 .

158 1771 230 1818 sinus
250 1768 418 1831 complementi
438 1769 503 1817 tertii
521 1769 620 1825 lateris3
640 1771 677 1818 sci
696 1771 726 1819 de
745 1786 794 1835 qua
811 1771 951 1819 subtractus
969 1773 1035 1820 sinus
1049 1786 1120 1820 arcus
1133 1774 1259 1835 compositi
1277 1773 1415 1834 posterioris
1432 1773 1505 1820 relin-

159 1842 215 1906 quit
233 1841 313 1888 sinom
332 1854 445 1888 excessus
464 1841 529 1888 tertii
547 1840 639 1890 lateris.

252 1909 318 1960 Huic
338 1912 486 1962 „axiomati“
508 1911 576 1959 addit
595 1912 698 1960 Pitiseas
717 1913 742 1959 in
766 1912 847 1974 capite
870 1911 934 1974 quod
957 1913 1093 1974 inscripsit:
1123 1913 1203 1970 „Usus
1221 1914 1421 1977 praecedentium
1440 1915 1506 1962 axio·

159 1988 271 2032 matum:
297 1990 382 2046 quarto
401 1983 579 2046 proportionum
600 1985 716 2031 axiomati
740 1998 784 2046 per
801 1983 917 2031 accidens
937 1985 1084 2032 conveniunt
1103 1980 1287 2048 (obliquanqula
1305 1982 1455 2050 triangula),
1482 1987 1507 2032 in

159 2053 306 2119 quibus‘rel
325 2066 355 2102 ex
373 2053 437 2102 datis
455 2054 530 2102 tribus
550 2054 970 2119 anguiislatusaiiqnod,rele1
991 2055 1090 2103 datis
1111 2049 1508 2121 duobussngutiscum

158 2125 286 2174 latere
312 2125 405 2187 ipsis
434 2125 692 2186 interjacente
722 2127 861 2174 tertius
889 2126 1046 2189 angulus
1073 2127 1303 2190 inquiritur.“
1349 2127 1379 2176 ln
1406 2127 1506 2176 demon·

159 2197 283 2246 mauors
300 2196 399 2258 respicit
417 2195 448 2244 ad
466 2195 541 2252 lib.1,
560 2212 627 2259 prop.
642 2194 685 2255 61,
704 2197 745 2244 ubi
763 2197 952 2257 demonstratur,
973 2196 1115 2261 „Trianguli
1127 2197 1246 2261 sphaerici
1263 2199 1343 2247 latera
1360 2201 1386 2248 in
1405 2198 1507 2263 angulos
1598 2202 1606 2216 ⁸

159 2273 294 2389 ¹epicoqtra
312 2268 444 2360 perrqutari
461 2282 550 2330 posser
570 2267 752 2331 complementis
771 2266 804 2316 ad
821 2266 998 2317 semicirculum
1016 2283 1059 2331 pro
1077 2269 1154 2319 latere
1174 2277 1199 2320 et
1216 2270 1307 2335 angulo
1326 2271 1431 2320 maximo
1449 2266 1508 2319 hine

160 2340 168 2351 ”
205 2352 221 2389 e
257 2339 364 2388 esumtis.
1344 2337 1348 2346 '

252 2406 280 2458 81
297 2404 360 2458 hse'c
378 2422 441 2473 quae
459 2407 591 2458 exPitisco
610 2409 777 2471 praemisimus
795 2411 938 2472 respexeris.
958 2409 1030 2458 facile
1049 2412 1169 2460 rationem
1188 2426 1261 2475 quam
1276 2419 1375 2462 secutus
1388 2411 1508 2479 estKep·
1592 2430 1597 2439 ·

160 2480 230 2531 teres
247 2480 381 2544 percipies,
401 2481 514 2543 inspecta
531 2479 573 2545 fig.
595 2479 643 2537 tt,
662 2481 704 2530 nbi
721 2481 747 2529 in
765 2475 877 2538 ΔΔΒΟ
896 2481 985 2529 dantur
1002 2473 1070 2547 [a
1089 2500 1116 2522 =
1134 2479 1172 2536 5⁰,
1191 2475 1259 2546 AB
1277 2501 1304 2523 =
1323 2479 1354 2532 0ο
1373 2480 1425 2543 18’,
1442 2484 1510 2535 istra

159 2551 208 2631 ¹AB
226 2567 254 2592 =
274 2546 318 2608 1⁰3
337 2550 384 2601 BD
402 2551 437 2605 ,1.
455 2550 503 2601 ΔΙ)
521 2551 559 2599 rel
578 2551 622 2599 ΔΕ
640 2551 675 2605 J.
694 2550 743 2601 GE.
781 2550 873 2615 Compi.
892 2551 937 2601 AB
955 2569 982 2591 =
1000 2547 1057 2610 89⁰,
1077 2554 1163 2617 compl.
1182 2547 1251 2637 ΔΑ
1267 2571 1295 2594 =
1312 2548 1368 2603 85⁰.
1390 2568 1396 2579 ¹

253 2637 298 2700 17)
321 2655 345 2704 p.
366 2637 425 2688 671.
461 2639 492 2690 ln
520 2639 695 2703 „appendice“
725 2640 758 2691 ad
785 2630 906 2703 Tychonis
932 2640 1177 2704 Progymnasmatum
1204 2650 1299 2706 partem
1326 2645 1431 2707 primam
1456 2642 1509 2707 (sd.

158 2736 222 2773 ann
244 2717 326 2772 1602,
352 2736 375 2784 p.
396 2719 459 2781 818)
485 2721 606 2784 Keplsrus
631 2721 694 2770 haec
719 2721 807 2771 retest:
838 2714 965 2774 Quamvis
986 2714 1063 2767 initio
1084 2732 1138 2769 non
1158 2723 1295 2769 statueret
1318 2711 1438 2786 (Tycho)
1456 2718 1510 2773 hoe

159 2795 235 2849 libro
256 2794 290 2848 de
310 2794 411 2848 Luna
431 2812 468 2848 ex
487 2794 612 2864 proiesso
634 2809 734 2864 agere,
764 2801 936 2848 tamencum
957 2795 1088 2848 absoluta
1107 2796 1281 2862 restitutione
1302 2795 1393 2850 Solari
1413 2814 1509 2868 super-
1547 2822 1552 2831 ⁴

160 2881 259 2929 essent
278 2873 307 2928 in
327 2875 479 2944 alphabeto
500 2874 620 2945 paginae
642 2873 759 2944 aliquot,
783 2875 943 2943 intereaque
965 2874 993 2927 in
1011 2875 1092 2927 Luna
1117 2879 1293 2943 succederent
1314 2892 1429 2945 operae.
1451 2875 1513 2931 risa

160 2955 204 3010 illi
227 2959 272 3008 est
291 2955 438 3024 praeclara
457 2972 516 3019 res,
543 2953 600 3007 Soli
621 2970 740 3008 sororem
760 2955 864 3009 Lunam
886 2953 1069 3024 adjungere..
1086 2996 1114 3009 ..
1155 2956 1277 3027 Reliquit
1297 2956 1345 3009 illo
1366 2956 1444 3010 nohis
1464 2956 1513 3011 im·

159 3050 263 3108 pressa
284 3034 374 3087 omnia
394 3035 519 3103 exceptis
540 3034 711 3098 Lunaribus,
740 3051 821 3105 quam
845 3035 1032 3105 pragmatiam
1057 3052 1110 3087 non
1132 3038 1215 3090 semel
1238 3039 1270 3089 de
1291 3053 1361 3090 noro
1382 3053 1400 3090 a
1420 3035 1513 3106 primis
1571 3092 1575 3099 ,

160 3115 311 3186 repetitam
331 3113 471 3184 principiis
493 3116 603 3168 tandem
624 3130 696 3167 anno
720 3111 796 3170 1600
816 3122 846 3168 et
869 3110 939 3168 1601
965 3114 1003 3167 sic
1032 3115 1115 3183 plane
1141 3124 1172 3170 ut
1193 3117 1252 3184 jam
1273 3116 1364 3186 prodit
1384 3115 1512 3179 absolvit,

159 3194 284 3266 piurima
303 3211 369 3247 usus
391 3211 476 3264 opera
496 3195 544 3250 Ch.
562 3194 685 3248 Severini
700 3193 928 3265 longomontani,
951 3193 1001 3247 viri
1022 3194 1156 3266 ingeniosi
1177 3204 1207 3249 et
1227 3213 1358 3266 perquam
1379 3195 1513 3260 industrii,

161 3275 213 3346 qui
234 3275 428 3328 astronomiam
448 3275 624 3329 Braheanam
647 3274 818 3345 Uranihurgi,
840 3282 870 3327 et
890 3274 918 3327 in
938 3274 1064 3328 convictu
1084 3275 1170 3343 ipsius
1192 3294 1242 3347 per
1265 3273 1302 3331 10
1323 3294 1408 3345 prope
1430 3276 1513 3331 conti·

160 3372 235 3410 noos
256 3371 343 3409 annos
364 3354 475 3418 hausit;
505 3354 584 3424 cnjus
604 3355 778 3410 honorificam
803 3354 983 3418 mentionem,
1012 3357 1082 3424 quod
1109 3373 1210 3426 parens
1239 3364 1437 3426 proposuerat,
1465 3373 1514 3411 nos

159 3434 264 3491 merito
285 3434 409 3491 iacimus.
