3354 5504
731 298 814 359 ltotu
834 301 949 359 ιιιιοιιι
1446 304 1513 377 459

171 485 221 540 use
249 484 464 557 propinquitate.
506 487 575 550 Quid
604 487 689 559 igitur
718 488 850 558 impedit?
891 488 966 541 Nihil
996 497 1024 541 tu
1055 490 1135 555 potes
1166 492 1279 562 Q
1310 527 1318 542 .
1357 489 1434 561 Ego.
1449 491 1512 561 quid

171 565 300 636 impediat
320 568 471 631 ostendam,
493 570 541 621 sed
569 567 648 623 simul
669 573 698 622 et
718 569 895 639 respondebo.
940 569 1122 637 Quodcunque
1151 583 1206 621 ma
1222 563 1276 648 ’λζ
1299 566 1318 628 εἲ
1336 616 1339 621 .
1354 585 1453 638 corpus
1482 586 1513 623 se

170 645 227 716 ipso
246 654 345 717 aptum
364 654 460 701 natum
473 655 517 701 est
536 649 685 720 quiescens,
706 666 865 719 quocunque
884 650 945 702 loco
959 648 1109 717 reponitur.
1144 647 1179 701 Ns
1196 621 1331 726 trusi?
1378 650 1512 704 tenebrae
1629 710 1631 715 ,

169 726 287 796 privatio
308 728 443 797 quaedam
463 735 521 791 est,
553 746 606 783 non
627 729 752 800 indigens
772 729 923 790 creatione,
950 728 998 782 sed
1018 725 1118 781 creatis
1147 727 1201 781 adb
1218 726 1221 731 '

170 805 276 877 aliqua:
298 814 387 861 motus
407 806 525 863 vicissim
545 816 589 863 est
609 809 753 879 positivum
774 808 913 879 quippiam
933 815 965 861 ut
985 809 1043 863 lux.
1086 807 1182 878 ltaque
1202 805 1225 860 si
1245 804 1319 879 lapis
1339 808 1400 862 loco
1420 826 1511 865 more·

169 892 225 949 tur,
256 886 284 940 id
304 904 358 943 uon
379 888 447 942 facit
475 896 506 943 ut
527 890 702 944 materiatum
722 889 875 959 quippiam,
903 889 951 943 sed
979 896 1011 941 ut
1037 887 1082 941 rel
1104 886 1275 941 extrinsecus
1304 887 1436 958 impulsus
1465 890 1511 944 vel

168 972 304 1021 attractm
325 968 370 1021 rel
390 968 552 1023 intrinsecus
573 970 708 1025 facultate
729 971 845 1040 quadam
873 968 1014 1039 praeditus
1036 969 1071 1021 ad
1092 966 1194 1036 aliquid
1218 967 1391 1037 respiciente.
1432 971 1511 1024 Hanc

168 1046 260 1101 dicunt
272 1048 444 1103 Aristotelici
465 1056 644 1120 appetentem
659 1051 744 1103 centri
765 1049 864 1104 mundi.
899 1050 988 1120 Nego,
1010 1048 1049 1101 sic
1063 1049 1134 1101 euim
1154 1064 1218 1100 vere
1239 1047 1416 1116 impediretur
1435 1050 1512 1122 sequi

166 1125 267 1183 Terrae
286 1134 398 1184 motum
430 1129 560 1193 Probent,
581 1130 646 1194 scio,
661 1130 754 1184 futiles
776 1131 894 1199 ipsorum
908 1128 1084 1199 probationes
1099 1129 1135 1181 ab
1149 1126 1221 1197 iguis
1242 1140 1343 1181 natura
1361 1130 1509 1194 οοιιιιιιιι,

166 1223 235 1278 quae
255 1208 420 1280 est-petitio
441 1209 574 1280 principii.
614 1211 685 1265 Nam
706 1210 778 1281 ignis
799 1227 855 1263 non
874 1209 946 1280 petit
966 1209 1086 1271 coelum,
1118 1208 1166 1260 sed
1191 1206 1263 1277 tegit
1284 1208 1405 1265 Terram.
1447 1210 1510 1264 Non

165 1284 238 1359 tegit
266 1296 390 1343 centrum
418 1290 524 1353 mundi,
556 1294 603 1344 sed
633 1291 735 1345 Terrae
762 1289 905 1344 materiam
935 1289 1024 1360 fugit,
1054 1295 1087 1341 ut
1116 1287 1193 1357 cujus
1224 1287 1349 1340 crassitie
1378 1288 1510 1346 obruitur.

163 1365 239 1441 1ch
260 1369 345 1423 aliter
364 1386 419 1441 epo
439 1370 537 1424 delicio
556 1370 734 1442 gravitatem,
756 1387 805 1423 seu
826 1371 902 1424 illam
922 1370 987 1432 sim,
1009 1385 1080 1439 quae
1100 1367 1248 1421 intrinsece
1268 1375 1360 1420 moret
1380 1369 1508 1439 lapidem,

164 1445 216 1503 rim
235 1447 422 1521 magneticam
442 1456 682 1522 coagmentantem
703 1450 812 1514 similia,
834 1467 904 1521 quae
919 1450 1014 1503 eadem
1036 1463 1146 1501 numero
1161 1454 1205 1499 est
1219 1446 1245 1499 in
1260 1462 1360 1518 magno
1374 1456 1404 1502 et
1424 1465 1510 1519 perro

164 1542 288 1599 torpore,
310 1535 341 1583 et
352 1528 482 1583 dividitur
494 1547 545 1600 per
565 1532 649 1586 moles
664 1546 808 1600 corporum
827 1530 981 1600 accipitque
995 1527 1175 1583 dimensiones
1191 1528 1300 1581 easdem
1314 1543 1373 1580 cum
1387 1546 1508 1600 corpore.

162 1607 261 1681 ltaque
282 1606 306 1663 si
336 1609 407 1679 lapis
429 1610 528 1681 aliquis
556 1618 630 1665 esset
654 1628 725 1682 pone
746 1611 859 1664 Terram
879 1610 985 1680 positus
1014 1609 1041 1664 in
1069 1607 1186 1662 notabili
1210 1606 1305 1677 aliqua
1332 1609 1509 1680 proportione

161 1687 360 1763 magnitudinis
380 1691 416 1743 ad
437 1691 533 1744 molem
554 1692 681 1756 Telluris,
703 1698 733 1746 et
753 1707 833 1745 casus
854 1692 975 1754 daretur,
994 1696 1139 1760 utrumque
1161 1687 1277 1741 liberum
1298 1703 1359 1740 esse
1380 1690 1416 1742 ab
1436 1689 1509 1745 omni

162 1768 217 1823 alie
238 1775 330 1825 motu:
351 1776 416 1823 tunc
436 1787 490 1842 ego
511 1771 570 1825 dico
591 1772 720 1835 bitonum,
742 1778 774 1826 ut
794 1788 847 1825 non
867 1777 974 1825 tantum
996 1770 1067 1840 lapis
1088 1770 1124 1823 ad
1145 1768 1257 1821 Terram
1278 1774 1333 1830 eat,
1355 1769 1508 1825 sedetiam

161 1847 249 1904 Terra
261 1851 298 1904 ad
318 1849 447 1919 lapidem,
469 1850 643 1922 dividentque
664 1852 784 1922 spatium
804 1851 977 1920 interjectum
998 1850 1025 1903 in
1041 1864 1139 1903 eversa
1158 1846 1336 1919 proportione
1349 1852 1506 1918 ponderum,

162 1927 251 2003 sitque
271 1936 306 1984 ut
325 1933 350 1983 Δ
370 1931 406 1984 ad
426 1932 448 1984 B
470 1948 555 1986 causa
574 1931 668 1996 molis,
694 1933 733 1986 sic
753 1931 798 1985 BC
822 1933 858 1986 ad
881 1932 936 1994 CA,
957 1937 987 1984 et
1007 1930 1027 1984 C
1048 1932 1123 1983 locus
1143 1927 1191 1981 ubi
1294 1978 1332 2026 m
1355 1974 1393 2020 m

157 2007 328 2082 jungentur,
349 2010 433 2079 plane
454 2027 490 2065 ea
508 2012 694 2082 proportione,
716 2027 771 2082 qua
791 2018 898 2066 statera
916 2010 1011 2065 utitttr.
1051 2010 1105 2065 Sed
1126 2025 1188 2063 con·
1333 2004 1339 2017 ’
1393 2008 1400 2023 ’

161 2090 242 2145 tabe
261 2090 335 2145 vela.
371 2090 447 2154 Dixi,
469 2092 493 2145 si
514 2107 532 2146 a
552 2092 643 2162 lapide
663 2092 804 2146 removeas'
828 2092 916 2146 animo
937 2090 1099 2145 facultatem
1114 2090 1189 2144 illam
1380 2118 1399 2168 0
1433 2080 1456 2131 Ᾰ

157 2168 295 2243 jungendi
314 2170 428 2236 similia,
456 2187 642 2226 remansuram
663 2172 690 2226 in
711 2173 804 2242 lapide
825 2188 926 2226 meram
946 2170 1134 2240 impotentiam
1154 2170 1189 2223 ad
1255 2114 1285 2221 ὅ
1386 2177 1396 2197 ·
1422 2136 1469 2230 O

159 2252 317 2306 mutandum
338 2251 434 2305 locum.
476 2252 514 2306 Ut
533 2251 618 2322 igitur
638 2253 689 2305 illa
709 2259 898 2323 expugnetur,
919 2251 946 2304 ri
966 2258 996 2304 et
1016 2250 1190 2305 contentione
1479 2270 1483 2281 ·

159 2338 298 2386 utranea
318 2347 387 2400 opus
407 2338 459 2385 est.
493 2333 564 2386 Dum
579 2349 646 2404 ergo
660 2333 786 2403 fingimus
801 2333 919 2402 lapidem
932 2331 960 2384 in
981 2335 1048 2384 atre
1061 2332 1232 2402 pendentem,
1253 2342 1387 2398 negamus
1407 2327 1434 2381 ei
1453 2328 1507 2383 rim

163 2411 348 2483 conjungendi
362 2411 469 2475 similia,
484 2412 536 2466 hcc
550 2418 594 2465 est
606 2413 783 2483 gravitatem,
797 2420 828 2466 et
841 2419 933 2466 tamen
946 2427 1008 2465 eam
1022 2411 1075 2465 rim
1089 2411 1191 2465 Terrae
1205 2408 1234 2463 in
1246 2408 1365 2478 lapidem
1376 2408 1505 2480 relinqui·

163 2508 233 2547 mus.
267 2492 337 2546 Esto
357 2491 409 2545 boc
422 2492 470 2555 ita
486 2493 607 2564 quamvis
620 2510 650 2546 re
663 2510 732 2548 vera
745 2493 890 2546 absurdum
904 2492 949 2554 sit,
964 2491 1147 2546 tantummodo
1160 2496 1193 2544 ut
1206 2487 1283 2543 nobis
1297 2503 1378 2543 came
1392 2496 1506 2547 ωιιιιιι.

162 2572 288 2627 Habebit
302 2570 388 2642 igitur
406 2574 540 2641 pendulus
560 2574 613 2627 iste
635 2573 705 2643 lapis
727 2573 815 2627 adbuc
834 2572 888 2625 rim
908 2571 1063 2643 quiescendi
1082 2571 1111 2626 in
1131 2587 1181 2625 suo
1195 2571 1262 2635 loco,
1283 2584 1320 2623 ea
1338 2569 1508 2641 repugnabit

163 2653 260 2707 virtuti
274 2651 393 2707 Telluris
416 2652 639 2707 circumacturae.
671 2654 717 2707 Ex
737 2668 833 2723 pugna
851 2652 1033 2706 materialium
1053 2658 1083 2705 et
1100 2665 1290 2720 corporearum
1307 2651 1507 2721 proprietatum

163 2732 212 2788 let
224 2731 381 2803 permixtio,
395 2739 428 2787 ut
441 2733 582 2803 quaelibet
594 2732 720 2787 vincatur
733 2739 763 2786 et
782 2733 875 2786 vincat
888 2733 939 2785 rim
954 2748 1031 2786 suam
1044 2746 1185 2802 corporum
1199 2730 1382 2801 proportione.
1408 2731 1506 2802 ltaque

163 2814 228 2869 binc
240 2811 383 2877 evincitur,
406 2815 477 2882 quod
490 2813 546 2867 dixi
560 2829 603 2867 me
623 2812 811 2876 indicaturum,
832 2812 1050 2883 impedimentum
1064 2826 1170 2880 nempe,
1192 2827 1244 2882 quc
1264 2808 1352 2865 minus
1371 2811 1517 2883 pendulus

162 2892 318 2965 hujusmodi
339 2891 411 2963 lapis
431 2892 628 2962 perfectissime
642 2893 717 2965 sequi
732 2894 819 2964 possit
832 2892 1046 2947 circularitatem
1058 2890 1183 2947 Telluris.
1216 2894 1309 2961 Atque
1321 2890 1375 2943 boe
1392 2889 1505 2960 impedi·

163 2980 284 3029 mentum
308 2980 353 3028 est
378 2972 553 3027 verissimum.
597 2974 688 3035 Quare
713 2973 773 3043 Jaru
798 2975 968 3027 destruamus
989 2987 1080 3026 casum
1108 2966 1230 3025 nostrum
1257 2969 1382 3024 fictitium
1401 2977 1431 3023 et
1450 2970 1506 3025 sint

164 3054 231 3109 illae
246 3053 336 3107 lineae
351 3068 369 3107 a
382 3053 524 3124 superlicie
545 3055 646 3107 Terrae
667 3053 694 3107 in
714 3054 833 3124 lapidem
853 3055 996 3108 tendentes
1009 3068 1064 3106 ncn
1083 3056 1190 3105 tantum
1203 3057 1236 3105 ut
1254 3049 1352 3114 tulere,
1371 3051 1421 3103 sed
1438 3064 1505 3105 rere

164 3134 191 3189 id
211 3135 285 3206 quoti
304 3151 355 3203 per
374 3139 502 3188 naturam
522 3134 599 3188 nobis
621 3133 764 3198 indicatur,
786 3151 884 3204 nempe
903 3133 992 3189 instar
1011 3146 1154 3186 nervorum
1174 3129 1394 3194 tenuissimorum,
1414 3128 1454 3183 sio
1473 3136 1505 3184 ut

164 3214 237 3286 lapis
258 3214 312 3268 iste
333 3213 372 3267 sit
393 3213 421 3267 in
442 3221 507 3267 actu
527 3215 671 3268 descensus
699 3216 734 3267 ad
761 3213 930 3284 superficiem
950 3222 980 3268 et
999 3218 1120 3266 centrum
1140 3212 1258 3266 Terrae:
1285 3209 1359 3274 (ιιω,
1387 3216 1502 3280 propter

163 3294 238 3351 bano
266 3293 456 3364 impotentiam
475 3294 511 3347 ad
531 3301 631 3348 motum
653 3294 759 3349 omnino
778 3295 912 3359 buturum,
941 3302 974 3348 ut
998 3293 1070 3363 lapis
1098 3292 1143 3347 hic
1169 3291 1197 3347 ιιι
1223 3293 1355 3346 (ιιιοιιιιιι
1380 3290 1502 3346 nonnihil
1575 3302 1578 3309 ·

164 3376 279 3430 aberret
297 3390 316 3428 a
336 3374 529 3444 perpendiculo
549 3391 586 3428 ex
606 3383 700 3429 centro
721 3376 822 3429 Terrae
851 3391 902 3444 per
922 3373 1091 3444 superficiem
1111 3373 1139 3428 in
1159 3378 1280 3427 centrum
1299 3369 1399 3441 lapidis
1419 3371 1501 3426 ducto

164 3462 193 3510 et
213 3454 253 3509 sic
266 3454 354 3508 Terra
373 3454 410 3508 ab
431 3469 530 3508 occasu
551 3454 579 3509 in
598 3462 686 3509 ortum
706 3461 798 3519 eunte,
820 3454 919 3524 lapidis
938 3453 1161 3524 perpendiculum
1179 3451 1317 3523 paulatim
1335 3450 1364 3505 iu
1377 3451 1500 3507 occiden-

163 3535 238 3591 tales
260 3534 411 3604 superflciei
431 3541 526 3604 partes
547 3534 685 3588 deveniet:
706 3551 757 3588 nec
777 3535 889 3589 Terram
909 3534 1059 3590 omnimode
1079 3541 1217 3605 sequetur,
1239 3533 1287 3587 sed
1306 3532 1343 3586 ιιι
1363 3546 1400 3585 ea
1417 3532 1500 3587 reliu—

163 3622 273 3689 quetur.
314 3615 410 3669 Habes
430 3630 556 3679 causam,
587 3631 635 3668 cur
654 3614 725 3684 lapis
744 3632 797 3669 non
817 3614 919 3669 debeat
947 3614 1023 3686 sequi
1044 3614 1172 3677 Terram,
1202 3612 1311 3684 qualem
1330 3619 1360 3667 tu
1380 3612 1416 3667 ad
1435 3619 1501 3667 tuae

164 3694 322 3751 ιιιιιιιιιιιι
342 3694 571 3749 confirmationem
590 3712 645 3749 non
664 3694 779 3764 potuisti
799 3695 896 3750 dicere.
936 3694 1009 3748 Audi
1028 3711 1101 3748 nunc
1121 3693 1291 3749 solutionem.
1325 3692 1427 3748 Verum
1446 3702 1498 3759 est,

163 3776 186 3830 si
207 3774 282 3846 lapis
301 3774 419 3829 notabili
445 3775 593 3829 interrsfflo
613 3790 632 3828 ι
651 3774 737 3829 Terra
756 3774 884 3837 (ιιιιιιιι,
915 3773 973 3828 iore
1000 3781 1033 3829 ut
1050 3773 1104 3828 boc
1122 3774 1238 3829 aceidu.
1278 3776 1318 3827 At
1341 3789 1412 3828 nunc
1437 3780 1501 3828 sunt

163 3854 223 3913 860
243 3854 374 3910 milliaria
392 3871 412 3908 a
431 3862 525 3909 centro
545 3856 581 3909 ad
601 3854 777 3925 superficiem,
799 3863 829 3909 et
847 3870 912 3908 sero
932 3855 1011 3908 nulla
1030 3854 1089 3909 aris
1109 3860 1164 3909 tem
1184 3854 1242 3908 alte
1261 3854 1354 3919 solat,
1374 3860 1408 3908 ut
1424 3852 1500 3911 dimi·

162 3936 236 3991 dium
269 3935 349 3989 unius
375 3934 500 3989 milliaris
529 3935 604 3989 absit
633 3950 651 3989 a
678 3935 750 3997 sclc;
781 3951 847 3990 sane
876 3933 942 4006 quia
967 3934 995 3988 in
1021 3934 1135 3989 aetbere
1161 3951 1216 3989 nou
1241 3933 1330 4007 magis
1358 3940 1428 4007 apta
1456 3939 1501 3989 eet

161 4016 275 4080 volare,
304 4030 385 4087 quum
404 4031 454 4069 nce
474 4014 502 4069 in
523 4019 602 4078 aere,
633 4031 712 4086 quam
732 4015 804 4085 lapis
826 4015 853 4069 in
873 4030 946 4086 aqua
964 4019 1047 4084 aptus
1067 4021 1112 4070 est
1130 4023 1238 4070 natare.
1279 4014 1438 4070 Conium
1456 4021 1502 4069 eat

161 4102 272 4159 ιιιειιι,
303 4095 376 4149 aeris
396 4094 567 4150 altitudinem
586 4111 639 4149 non
660 4096 794 4149 excedere
814 4094 949 4149 dimidium
975 4093 1109 4148 milliaris.
1149 4095 1188 4149 Et
1213 4094 1305 4151 vidisti
1330 4102 1363 4150 tu
1381 4108 1501 4168 umqum

160 4173 284 4247 lapidem
296 4174 343 4229 rel
355 4175 468 4247 globum
487 4181 569 4229 tanta
582 4175 727 4229 altitudine
740 4175 916 4237 decidentem,
937 4180 1067 4247 quantum
1080 4190 1147 4230 ares
1160 4182 1344 4249 assequuntur
1361 4176 1500 4231 rolndol

160 4256 242 4329 Ergo
262 4262 323 4311 esto
343 4254 415 4326 lapis
430 4254 491 4325 jam
511 4255 683 4325 quantumvis
712 4255 873 4320 altiseimus,
901 4255 948 4325 qui
976 4254 1018 4308 bis
1037 4253 1183 4310 millesima
1208 4262 1291 4328 parte
1314 4254 1515 4313 simidiametri.

161 4335 284 4393 Telluris
304 4352 324 4389 a
343 4335 484 4405 superficie
505 4335 587 4400 absit,
609 4342 691 4406 atque
711 4335 734 4389 is
755 4342 840 4408 quota
858 4350 925 4405 pars
944 4341 987 4390 est
1006 4335 1127 4405 corporis
1144 4336 1270 4402 Telluris,
1290 4342 1323 4392 ut
1334 4333 1395 4407 ejus
1414 4334 1498 4409 perti·

161 4415 246 4471 nscia
266 4415 422 4488 quiescendi
441 4416 558 4486 deroget
585 4414 681 4470 virtuti
701 4415 818 4470 Telluris
846 4416 882 4469 ad
910 4416 1090 4470 merendum?
1129 4416 1200 4472 lnitc
1227 4416 1363 4473 rationem
1390 4416 1498 4481 eatmfi,

162 4502 274 4567 tempus
295 4495 443 4550 dinumera
484 4496 588 4566 Nempe
609 4495 637 4550 in
658 4511 715 4550 uua
734 4495 803 4550 bora
823 4497 857 4549 de
877 4495 987 4550 Tellure
1007 4502 1074 4549 eunt
1094 4492 1150 4551 225
1171 4496 1300 4553 milliaria
1323 4496 1375 4553 sub
1395 4512 1498 4570 aequa-

161 4582 241 4641 tcre,
262 4578 310 4630 sed
330 4582 395 4631 suut
423 4576 452 4630 ιιι
470 4575 584 4630 aetbere
604 4575 754 4645 composito
773 4581 848 4630 motu
873 4575 924 4629 sub
950 4582 1098 4645 aequatore
1117 4576 1146 4630 in
1173 4576 1262 4633 media
1280 4580 1362 4633 nocte
1386 4578 1499 4633 millena

162 4655 296 4714 milliaria
306 4654 479 4727 trajicienda,
500 4662 530 4709 et
549 4655 577 4708 in
591 4672 644 4710 unc
658 4656 783 4719 secundo,
805 4671 918 4726 quorum
940 4654 968 4709 in
981 4655 1052 4710 bora
1064 4663 1129 4711 sunt
1141 4656 1228 4724 3600,
1248 4672 1313 4728 pars
1329 4660 1386 4731 ¹⁰1„
1399 4658 1445 4713 rel
1466 4661 1495 4731 ¹1,

162 4736 224 4792 tere
243 4735 325 4791 unius
344 4734 476 4791 milliaris.
516 4736 612 4806 ltaque
633 4742 717 4806 quota
736 4752 801 4805 pars
822 4743 866 4790 est
885 4734 957 4806 lapis
977 4736 1011 4789 de
1031 4752 1143 4806 corpore
1162 4737 1289 4805 Telluris,
1309 4745 1391 4794 ιιιιι
1408 4738 1496 4811 parti·

163 4817 230 4871 cula
249 4818 284 4873 de
303 4815 377 4872 mille
397 4815 525 4886 passibus
545 4816 632 4870 deerit
651 4816 680 4870 in
699 4815 825 4886 qualibet
848 4815 1039 4872 verberatione
1060 4816 1155 4887 pulsus
1176 4816 1258 4892 (quas
1283 4819 1396 4891 metim
1413 4834 1497 4875 mum

163 4896 312 4953 ”cundum
332 4889 485 4965 umporb),
506 4911 560 4967 quc
579 4894 666 4997 minus
686 4893 757 4964 lapis
770 4894 876 4951 recidat
894 4895 923 4950 ιιι
942 4895 1171 4967 perpendiculum,
1190 4900 1262 4957 unde
1281 4897 1336 4955 tuit
1353 4890 1497 4971 perpendi·
