3354 5504
548 244 1138 351 ammonemus..
1470 247 1512 351 45

156 487 241 533 mam
265 464 375 529 limitis
397 463 623 529 inclinationem
652 475 813 547 quaeretur
834 486 873 531 ex
894 475 981 549 parte
1005 466 1129 530 canonis
1157 463 1325 546 rectangnli
1355 463 1513 545 sphaerici,

157 559 247 638 cnjus
271 557 355 618 latus
377 575 397 617 a
420 551 460 618 0⁰
482 556 522 617 ad
545 551 607 620 90·
627 575 682 637 per
705 557 841 638 singulos
863 556 986 639 gradm,
1010 557 1094 623 frons
1117 578 1136 618 a
1158 550 1197 619 0⁰
1210 553 1242 619 0‘
1266 548 1438 618 ad10⁰0‘
1460 573 1515 636 per

159 646 284 728 singula
307 645 425 708 minuta
445 646 592 725 procedit,
616 655 802 725 excerpetnr,
825 646 956 729 inquam,
980 666 1017 710 ex
1031 646 1088 710 hoc
1107 663 1225 708 canona
1248 646 1337 706 arcus
1359 643 1514 724 eclipticas

160 735 354 818 respondens
377 733 462 797 moui
485 736 599 799 orbitae
622 744 653 798 et
676 736 830 800 inclinatio
853 737 918 816 ejus
942 736 1011 811 loci,
1035 753 1122 816 quem
1144 734 1263 797 obtinet
1284 734 1416 813 planeta
1644 725 1647 732 ’

251 823 383 898 Quarto,
408 824 495 886 locus
516 824 672 904 eclipticae
696 825 835 889 inventus
857 826 1078 907 comparabitur
1101 844 1168 888 cum
1186 824 1253 886 loco
1277 823 1417 903 opposito
1433 822 1516 886 Solis

162 934 246 978 vero.
292 912 478 977 Differentin
506 914 565 976 erit
595 915 722 994 angulus
750 916 918 996 anomaliae
949 914 1208 988 commutationis,
1241 912 1291 993 qui
1323 912 1460 992 quamvis
1482 932 1515 975 re
1609 949 1614 962 ·

163 1006 231 1087 ipsa
252 1022 309 1085 per
333 1009 490 1083 utramque
520 1004 729 1085 aequationem
752 1005 794 1067 sit
816 992 989 1080 correctns,
1019 1005 1147 1084 simplex
1179 1012 1279 1066 tarum
1309 1001 1516 1065 adhucnobis

164 1094 293 1168 dicetur,
316 1111 387 1154 carn
409 1091 570 1160 etiamnum
592 1096 766 1175 aequandus
789 1095 840 1170 sit,
863 1096 991 1157 maxime
1010 1096 1092 1157 circa
1114 1092 1320 1174 oppositiones
1342 1109 1409 1153 cum
1432 1091 1514 1155 Sole.

164 1183 221 1247 liic
244 1181 379 1262 angulus
400 1189 433 1243 et
446 1181 603 1244 inclinatio
626 1183 682 1245 loci
706 1184 848 1265 planetae
868 1185 898 1246 in
913 1184 1080 1247 eccentrico
1103 1189 1262 1263 quaeretur
1278 1180 1307 1241 in
1326 1179 1378 1241 illo
1395 1199 1543 1282 canone⁸

165 1282 196 1336 et
214 1290 274 1353 per
296 1271 374 1347 baec
396 1270 456 1333 dno
478 1281 655 1352 excerpetur
676 1275 813 1353 angulus.
1048 1308 1051 1315 ·

253 1358 382 1437 Quinto,
403 1360 516 1422 tabulis
539 1362 629 1424 nullis
647 1362 749 1443 juvari
779 1363 943 1444 poterimus
966 1362 1036 1443 quin
1058 1380 1113 1441 per
1141 1367 1298 1440 utramque
1321 1365 1353 1419 et
1374 1358 1515 1437 planetae

164 1460 195 1514 et
216 1451 335 1520 Terrae
356 1470 376 1510 a
394 1449 466 1513 Sole
488 1450 664 1514 distantiam
686 1460 718 1515 et
735 1454 878 1533 angulum
900 1450 1068 1515 anomaliae
1092 1440 1345 1511 commutationis
1356 1455 1516 1528 aequatum

166 1540 245 1603 inter
269 1539 355 1601 dicta
377 1539 475 1602 latera
497 1541 743 1620 comprehensum
765 1562 819 1624 per
842 1541 862 1604 2
885 1540 1151 1621 multiplicationes
1175 1555 1352 1620 quaeramus
1375 1538 1516 1617 angulum
1608 1606 1611 1615 ¹

168 1628 414 1693 commutationis
437 1648 491 1691 seu
513 1631 706 1710 parallaxeos
730 1631 915 1713 compositae
938 1650 991 1693 scu
1014 1629 1166 1692 confusae.

253 1717 362 1793 Sexto,
385 1718 461 1783 baec
483 1720 649 1799 parallaxis
673 1729 705 1783 et
726 1721 809 1801 prius
832 1729 970 1785 servatus
993 1718 1121 1799 angulus
1142 1717 1174 1779 in
1189 1735 1261 1778 area
1283 1712 1405 1776 maenis
1424 1715 1515 1794 juxta

166 1828 198 1872 ac
220 1815 329 1871 mntno
359 1807 520 1870 ostendent
548 1829 648 1871 arcum
680 1810 882 1891 elongationis
913 1811 1054 1891 planetae
1078 1807 1108 1868 in
1137 1805 1278 1888 ecliptica
1301 1823 1320 1864 a
1342 1802 1424 1867 Solis
1447 1805 1515 1867 loco

167 1897 308 1980 opposito
333 1903 364 1959 et
386 1896 585 1960 latitudinem.
1241 1963 1246 1974 ,
1534 1972 1537 1977 ¹
1600 1965 1605 1990 1

254 1986 315 2049 Hic
337 2005 397 2067 qua
419 1985 450 2047 in
472 2006 504 2049 re
527 2006 590 2049 rem
608 1987 717 2067 juvare
733 1989 844 2068 possis
873 2008 1028 2069 exponam.
1083 1986 1160 2050 Cum
1187 2003 1246 2046 non
1279 1983 1321 2044 sit
1348 1981 1517 2061 cujuslibet,

167 2076 299 2140 condere
328 2075 468 2151 tabulas,
495 2084 528 2137 tn
559 2096 631 2139 vero
659 2079 792 2140 excellas
815 2087 847 2140 et
875 2078 1010 2140 abundes
1040 2073 1245 2156 compendiis,
1276 2070 1399 2134 canende
1428 2070 1518 2150 hujus

167 2175 287 2250 partem
309 2163 442 2245 planetis
466 2167 668 2229 necessariam
690 2167 745 2230 tabi
768 2168 955 2230 condendam
976 2166 1130 2246 relinqno;
1155 2182 1223 2224 nam
1238 2163 1281 2224 ita
1304 2159 1422 2241 quidem
1444 2178 1517 2239 per-

170 2275 280 2318 snasns
304 2272 380 2327 snm,
404 2253 545 2335 quidquid
561 2257 599 2318 Ι).
617 2257 720 2338 Tycha
744 2256 786 2318 sit
798 2258 943 2331 editurus,
968 2257 1081 2318 forent
1098 2253 1172 2315 haec
1190 2248 1397 2332 Copernicana
1420 2248 1518 2330 hypo-

171 2345 267 2407 thesis
289 2350 415 2427 propter
438 2342 651 2407 intellectionis
680 2346 856 2408 facilitatem
875 2347 965 2425 juxta
987 2362 1127 2407 mansura
1151 2342 1207 2415 sit,
1232 2358 1321 2420 quam
1344 2338 1463 2418 quidem
1487 2339 1518 2400 in

168 2433 289 2496 tabulas
323 2431 460 2512 redigere
489 2433 558 2494 dum
588 2433 692 2496 vixero
714 2454 773 2496 non
797 2436 958 2497 desistam:
992 2443 1024 2496 tu
1048 2452 1119 2493 vero
1144 2431 1208 2511 jam
1235 2428 1350 2510 pridem
1384 2427 1519 2490 obtulisti

167 2533 248 2586 mam
272 2522 313 2584 D.
337 2519 473 2602 Tychoni
497 2541 617 2602 operam
641 2524 671 2585 in
694 2525 857 2587 condendis
879 2524 1000 2586 tabulis.
1047 2523 1094 2583 Ac
1118 2540 1191 2583 sane
1215 2518 1240 2579 si
1265 2537 1302 2578 ex
1325 2515 1516 2579 restitutione

167 2609 292 2686 hanani,
316 2629 406 2691 qnam
429 2611 509 2692 apud
529 2612 703 2693 'l'ychonem
725 2613 798 2688 vidi,
822 2615 860 2675 de
875 2613 1007 2694 planetis
1031 2610 1140 2674 ceteris
1159 2606 1353 2695 judicandum
1377 2613 1434 2680 est,
1458 2625 1518 2668 non

168 2699 281 2765 nullius
303 2718 378 2762 usus
402 2699 461 2771 erit
474 2701 567 2763 etiam
590 2702 669 2783 apud
683 2703 855 2784 Tychonem
873 2703 948 2765 haec
967 2721 1038 2782 pars
1062 2699 1195 2762 canonis.
1231 2696 1313 2758 Nam
1330 2713 1406 2776 quas
1428 2695 1521 2757 habet

170 2791 256 2856 Ituna
279 2786 512 2875 inaequalitates
535 2798 621 2852 extra
645 2790 869 2873 conjunctiones
890 2800 921 2854 et
935 2789 1278 2873 oppositionesomnes
1293 2784 1396 2866 Tycha
1415 2803 1522 2847 avara

171 2879 380 2961 conjunctione
402 2885 435 2939 et
457 2879 645 2960 oppositione
678 2881 832 2961 regulares
862 2882 955 2957 facit3
987 2889 1021 2942 ut
1049 2879 1113 2958 jatn
1136 2898 1195 2940 non
1224 2875 1321 2937 dicam
1346 2874 1383 2935 de
1406 2872 1521 2953 ingenti

171 2990 223 3034 aen
246 2967 375 3030 canonia
397 2969 565 3048 rectnngnli
583 2970 732 3050 sphaerici
747 2969 777 3032 in
799 2972 878 3033 omni
895 2971 1033 3033 doctrina
1050 2967 1268 3047 triangulorum
1286 2962 1520 3043 sphaericomm,

172 3059 196 3122 si
220 3059 308 3121 frons
331 3057 371 3119 ad
393 3052 455 3120 90⁰
477 3051 715 3135 continuetur.')
751 3060 892 3122 Prolixns
916 3058 1074 3121 admodum
1090 3055 1151 3132 lui;
1175 3054 1300 3116 cessabo
1323 3051 1424 3132 igitur.
1459 3049 1518 3114 Ubi

170 3149 244 3212 baec
266 3154 358 3228 grata
379 3145 435 3208 tubi
457 3141 551 3210 fuisse
579 3147 772 3224 intellexero,
794 3150 881 3230 plura
903 3148 1039 3219 monebo,
1076 3147 1122 3209 'Iu
1144 3164 1217 3207 vero
1236 3141 1358 3222 Magine
1381 3138 1518 3202 celeber,

171 3238 246 3301 rime
265 3236 346 3299 baec
368 3255 404 3298 eo
426 3236 527 3298 animo
550 3236 680 3318 suscipe,
702 3257 761 3319 qno
776 3257 831 3318 ego
855 3239 973 3319 scripsi.
1011 3238 1084 3300 Sum
1107 3234 1183 3296 artis
1206 3229 1408 3295 astronomiae
1432 3227 1518 3308 cupi-

172 3327 317 3391 diasimns
340 3332 373 3386 et
394 3333 561 3405 temperare
583 3326 657 3388 mihi
677 3347 738 3389 non
760 3347 894 3408 possum,
918 3327 989 3408 quin
1007 3323 1170 3388 artificibus
1193 3321 1321 3384 consilia
1343 3338 1411 3381 mea
1433 3336 1518 3379 com-

173 3416 329 3490 municem,
352 3421 387 3477 nt
414 3413 533 3477 illomm
561 3415 814 3480 admonitionibus
845 3418 970 3479 subinde
1002 3416 1033 3478 in
1054 3415 1112 3477 hac
1136 3412 1238 3474 divina
1267 3417 1332 3470 arte
1355 3406 1518 3488 proficiam.
1637 3430 1676 3459 ·--.

172 3508 245 3572 Peto
270 3503 418 3585 majorem
440 3502 471 3567 in
493 3504 624 3580 modurn,
647 3506 691 3568 uti
714 3525 802 3587 quam
829 3505 956 3587 primum
985 3503 1155 3579 rescribas;
1187 3519 1242 3564 nec
1266 3505 1314 3571 est
1341 3513 1464 3558 necesse
1489 3503 1523 3558 nt
1660 3558 1664 3563 .

174 3616 208 3659 ex
230 3595 362 3674 abrupto
386 3591 425 3654 ad
448 3592 567 3674 singula
589 3595 786 3675 respondeas,
811 3595 919 3657 saltem
941 3594 1153 3657 indicationem
1185 3587 1294 3660 facito,
1318 3585 1367 3647 ubi
1390 3583 1446 3646 has
1470 3603 1522 3647 rc·
1623 3634 1668 3681 ᾖ

175 3683 299 3767 coperia
347 3683 383 3744 ln
407 3682 510 3764 Styria
533 3682 651 3763 quidem
674 3703 732 3746 non
756 3684 857 3764 cogito
889 3684 968 3746 ultra
991 3693 1054 3745 tres
1078 3683 1117 3745 ad
1141 3694 1286 3743 summum
1314 3674 1521 3736 hebdomadas
1617 3678 1675 3759 ‘fl-‚³

176 3791 316 3848 manem
346 3770 449 3853 itaque
482 3772 687 3851 praestiterit,
719 3781 760 3853 nt,
781 3792 859 3854 qnae
889 3790 1088 3854 responsurus
1112 3791 1145 3832 es
1168 3770 1299 3845 Pragam
1319 3762 1521 3825 Bohemornrn
1587 3764 1660 3855 'gn-'f

175 3864 312 3927 mitteres
342 3860 382 3921 ad
396 3860 455 3939 ⁴Jll.
484 3862 524 3924 D.
549 3861 767 3937 Germaniam,
800 3861 1088 3925 vicecancellarium
1119 3853 1260 3936 Imperii,
1292 3871 1380 3933 quem
1402 3861 1451 3923 et,
1465 3853 1522 3915 has
1546 3856 1637 3937 ᾖξ’

178 3962 256 4017 arten
279 3968 384 4013 amam
407 3949 470 4012 scio
493 3958 525 4011 et
547 3969 594 4012 me
617 3969 717 4013 amare
740 3969 902 4032 persuasus
926 3971 1000 4013 snm.
1047 3949 1080 4013 Si
1103 3956 1203 4010 tamen
1227 3940 1329 4022 aliqua
1351 3949 1382 4003 te
1405 3942 1521 4005 incom-
1565 3944 1612 4021 ’;;’

178 4041 308 4106 ineditae
330 4038 457 4120 impedit
477 4043 672 4122 (quamquam
694 4060 773 4115 eece,
797 4040 867 4121 qnid
885 4049 916 4103 te
934 4040 1060 4121 impedit
1077 4037 1115 4097 ad
1130 4036 1168 4097 D.
1187 4031 1357 4114 hebonem
1382 4032 1522 4106 scribere,

179 4131 261 4212 eqina
288 4127 394 4193 literis
413 4126 534 4210 siquid
556 4129 595 4191 ad
617 4149 665 4192 me
694 4129 849 4211 pertinens
880 4129 1069 4209 adjunxeris,
1098 4125 1128 4186 id
1150 4141 1198 4184 me
1222 4139 1340 4201 semper
1362 4121 1406 4183 nti
1434 4139 1522 4201 spero

178 4220 255 4301 apud
277 4217 318 4282 D.
343 4216 516 4299 Tychonem
537 4219 682 4299 reperiet)
704 4218 836 4298 Pragam
863 4218 1011 4291 scribere,
1042 4214 1128 4277 mitte
1152 4211 1314 4276 Graeciam
1337 4209 1368 4271 in
1389 4209 1522 4291 Styriam

180 4305 381 4373 adNnncium
393 4306 615 4388 Apostolicnm,
637 4308 664 4370 is
687 4309 714 4370 si
736 4308 850 4371 Abbati
868 4304 1067 4371 Admontensi
1090 4299 1346 4364 commendaverit
1367 4299 1522 4379 epistolas,

181 4398 269 4462 nata
290 4395 367 4458 mihi
388 4396 560 4461 reddentur.

262 4487 346 4550 Dnm
368 4485 557 4548 concludere·
575 4485 659 4559 volo,
691 4485 811 4561 incidit,
844 4487 922 4567 quod
944 4502 1020 4565 pene
1050 4482 1147 4563 primo
1175 4478 1242 4541 loco
1270 4474 1401 4538 scribere
1428 4474 1520 4536 volni.

181 4575 307 4643 l'nearia
322 4575 428 4638 nume
438 4575 576 4637 'multum
591 4574 724 4656 Tychoni
747 4575 931 4638 difficultatis
952 4579 1062 4634 movet.
1101 4568 1178 4633 Mihi
1197 4567 1316 4628 videtur
1337 4564 1522 4644 auspicanda

183 4663 444 4749 a-pnrallaxrbns,
473 4682 552 4746 qnae
566 4663 749 4744 contingunt
770 4665 808 4727 ob
837 4662 1007 4725 sensibilem
1038 4658 1212 4725 distantiam
1242 4652 1338 4716 centri
1360 4661 1392 4714 et
1414 4672 1520 4733 snper—

184 4755 255 4822 btiei
276 4750 363 4836 globi
386 4753 541 4819 Teneai„
564 4754 610 4817 nt
636 4752 836 4833 parallaxinm
866 4750 1004 4814 doctrina
1035 4746 1242 4843 latitudinibus
1265 4744 1368 4806 Lunae
1397 4743 1523 4804 confusa

185 4857 234 4911 eat
283 4843 373 4925 Opas
394 4840 488 4922 igitur
519 4849 603 4905 esset
631 4843 874 4924 praecognitione
903 4840 1104 4904 latitudinum.
1148 4835 1314 4915 Utrumque
1335 4832 1374 4895 ab
1397 4839 1524 4919 utroque
