3354 5504
555 264 625 355 ,lt-{⁸
642 265 731 323 Prima
771 263 853 330 Caput
869 263 915 317 1v.
1148 330 1151 334 Δ
1343 262 1415 405 ι93

61 449 97 509 ut
116 462 187 533 appr
207 407 335 597 yganeta
356 449 465 548 pgpes·
483 443 609 546 epicycli
624 443 779 527 inferiores
794 452 946 533 peragrat,
970 451 1072 506 centro
1090 443 1214 527 epicycli
1230 452 1368 507 versante
1383 444 1415 506 in

63 530 202 617 opposite
242 532 311 617 olis,
335 538 548 614 comp'osrtrone
573 542 703 596 motuum
723 553 754 595 re
778 552 850 595 vera
868 535 908 596 sit
923 535 1124 614 retrogradus.
1164 535 1211 596 lta
1224 534 1415 617 Ptolemaeus

62 608 340 708 senteqtiam'i‘uam
357 624 486 685 nunteris
502 633 532 684 et
543 623 725 703 geometriae
736 624 952 691 accomodavit,
973 625 1199 685 admirationem
1214 643 1271 685 non
1282 624 1413 685 sustulit.

63 710 170 775 Adhuc
194 713 272 773 enim
293 730 386 774 causa
402 713 562 792 quaeritur,
587 731 661 792 qnae
679 712 983 809 omuesplanetarum
1004 713 1151 796 epicyclos
1167 712 1230 774 Soli
1248 721 1417 787 connectat,

62 811 94 864 ut
115 801 137 863 ii
161 819 281 881 semper
304 801 336 863 in
359 821 520 883 congressu
544 803 639 864 centri
663 802 709 863 sui
732 820 798 865 cum
820 798 892 864 Sole
914 803 1068 887 periodum
1092 822 1177 864 suam
1201 802 1369 864 absolvant.

90 948 98 957 .
152 887 392 970 Ceperuicus
432 912 498 953 cum
529 891 744 971 antiquissimis
778 891 976 973 Pythagoreis
1007 897 1038 952 et
1060 891 1254 966 Aristarcho,
1290 910 1413 972 cumque
1450 943 1452 947 ,

63 979 171 1042 iisdem
202 999 261 1040 una
290 999 363 1059 ego
394 999 537 1060 negamus
568 981 644 1041 hanc
676 981 836 1042 secundam
860 981 1104 1060 inaequalitatem
1129 981 1157 1040 in
1182 982 1247 1060 ipso
1271 981 1437 1060 planetae.

63 1077 146 1131 motu
168 1069 292 1149 proprio
315 1068 425 1141 inesse,
449 1070 503 1130 sed
528 1070 620 1130 videri
646 1078 771 1144 tantum,
798 1069 933 1131 accidere
951 1089 1020 1132 vero
1045 1090 1144 1132 annua
1167 1069 1325 1152 gyratione
1341 1069 1414 1130 Tel-

63 1159 138 1221 luris
162 1158 245 1219 circa
267 1155 369 1219 Solem
395 1159 584 1220 immobilem.
631 1161 748 1239 Itaque,
774 1160 1022 1241 quemadmodum
1046 1179 1101 1238 cap
1126 1160 1147 1220 l.
1172 1167 1270 1220 motus
1293 1152 1414 1221 diurnus

64 1269 82 1309 a
112 1247 246 1309 motibus
276 1247 465 1326 planetarum
484 1248 617 1334 propriis
642 1249 698 1309 fuit
721 1258 896 1328 separatus,
920 1249 963 1310 sic
982 1250 1048 1330 jam
1071 1248 1202 1309 secunda
1224 1249 1413 1328 planetarum

62 1335 266 1417 inaequalitas
290 1336 394 1397 itidem
417 1359 435 1397 a
458 1339 555 1418 prima
584 1347 743 1416 separatur
766 1359 784 1398 a
804 1336 970 1418 Copemico
994 1346 1026 1399 et
1050 1338 1169 1418 quidem
1193 1338 1297 1398 eodem
1313 1339 1411 1398 medo.

61 1427 139 1489 Nam
168 1422 298 1505 primum
328 1435 439 1486 motum
470 1427 522 1487 alii
557 1428 686 1489 artifices
716 1427 911 1488 adventitium
943 1427 1063 1509 quidem
1090 1427 1121 1488 in
1143 1426 1274 1511 planetis
1298 1444 1411 1505 agnos·
1456 1471 1463 1487 .
1560 1451 1567 1466 ·

61 1524 147 1589 eunt,
178 1514 232 1576 sed
263 1522 365 1576 tamen
390 1517 531 1590 eredunt,
558 1517 639 1577 illum
664 1536 695 1577 re
729 1536 801 1577 vera
823 1516 954 1598 planetis
977 1517 1078 1578 inesse
1103 1525 1133 1576 et
1162 1515 1262 1577 inferri
1290 1517 1349 1587 sic,
1379 1524 1413 1576 ut

13 1611 15 1615 '
62 1603 168 1666 eodem
192 1612 223 1664 et
246 1605 386 1683 planetae
409 1605 566 1665 vehantur.
616 1604 798 1685 Copemicus
823 1625 917 1687 neque
940 1606 1039 1667 inesse
1063 1624 1117 1686 per
1139 1623 1172 1666 se
1193 1624 1286 1685 neque
1307 1604 1411 1667 inferri

64 1692 205 1755 concedit
229 1693 425 1769 extrinsecus,
451 1694 503 1754 sed
528 1694 631 1774 affingi
654 1702 771 1755 tantum
795 1695 854 1756 illis
877 1714 934 1775 per.
955 1695 1107 1756 fallaciam
1130 1694 1228 1755 visus:
1255 1693 1412 1755 dumenim

64 1783 159 1846 Terra
184 1782 324 1843 volvatur
347 1802 436 1861 super
460 1803 515 1844 axe
541 1803 593 1845 suo
619 1784 656 1844 ab
681 1803 789 1845 occasu
813 1785 842 1845 in
867 1793 972 1859 ortum,
999 1785 1074 1846 risui
1094 1792 1197 1845 nostro
1211 1783 1304 1844 videri
1323 1802 1411 1844 mun-

65 1873 131 1934 dum
157 1870 304 1950 reliquum
327 1873 407 1933 volvi
432 1872 469 1933 ab
494 1882 560 1934 ortu
584 1873 611 1933 in
638 1893 786 1936 oceasum.
821 1873 945 1951 Eodem,
971 1874 1099 1954 inquam,
1125 1873 1211 1933 mode
1228 1870 1411 1953 Oopemicus

64 1955 194 2033 asserit,
219 1961 361 2040 planetas
385 1982 442 2023 non
466 1981 498 2023 re
518 1981 589 2022 vera
613 1963 675 2023 fieri
699 1964 895 2024 stationarios
919 1972 949 2023 et
975 1963 1179 2042 retrogradus,
1218 1962 1271 2022 sed
1294 1961 1408 2023 videri:

65 2051 158 2111 Terra
186 2051 267 2110 enim
300 2050 359 2111 alio
389 2050 511 2130 insuper
543 2061 574 2112 et
607 2072 641 2112 eo
671 2071 767 2113 annuo
796 2061 878 2115 motu
907 2053 935 2113 in
964 2052 1074 2114 circulo
1098 2050 1282 2130 amplissimo
1306 2052 1410 2130 (quem

66 2139 168 2201 orbem
194 2157 336 2218 magnum
351 2140 500 2223 appellat)
520 2142 679 2215 translata,
701 2160 763 2216 eos,
784 2143 831 2221 qui
843 2143 967 2203 Terram
983 2142 1107 2205 credunt
1118 2141 1278 2220 quiescere,
1303 2148 1410 2220 putare

66 2229 207 2308 planetas
231 2238 262 2289 et
286 2226 389 2290 Solem
411 2230 442 2292 iu
465 2230 645 2291 contrarium
669 2230 835 2299 transferri,
860 2239 891 2292 et
914 2229 986 2294 Sole
1009 2231 1087 2292 inter
1101 2230 1225 2312 Terram
1249 2238 1280 2291 et
1301 2229 1412 2309 plane-

65 2327 123 2380 tam
153 2316 272 2397 posito,
307 2320 441 2398 componi
476 2319 504 2379 in
534 2319 647 2380 visione
671 2329 770 2381 motus
794 2321 903 2382 Terrae
927 2327 958 2381 et
981 2319 1134 2400 planetae,
1172 2318 1249 2379 unde
1272 2318 1411 2379 videatur

64 2404 188 2486 planeta
221 2406 324 2480 velox,
353 2409 448 2469 Terra
479 2426 550 2469 vero
578 2409 656 2470 inter
680 2409 779 2472 Solem
805 2417 835 2470 et
859 2409 1015 2489 planetamv
1035 2409 1143 2488 posita,
1168 2407 1261 2469 videri
1285 2407 1410 2487 relinqui

65 2497 219 2575 planetam
243 2496 342 2558 etsie
366 2498 563 2570 retrocedere,
590 2499 719 2578 eoquod
743 2499 836 2559 Terra
860 2498 991 2560 velocior
1014 2498 1054 2559 sit
1077 2498 1208 2577 planeta.

152 2584 280 2666 Tycha
308 2587 434 2648 Brahe
464 2587 560 2648 simile
593 2587 661 2666 quid
695 2587 786 2648 habet
819 2607 884 2648 cum
907 2587 1043 2662 Latinis,
1076 2606 1132 2648 non
1158 2586 1259 2649 Solem
1292 2587 1409 2667 quidem

67 2674 221 2736 attrahere
245 2674 385 2755 planetas
408 2694 463 2755 per
486 2684 658 2756 aspectum,
693 2676 747 2737 sed
770 2677 910 2756 planetas
935 2677 1050 2738 adulari
1074 2675 1155 2738 Soli:
1180 2677 1235 2737 niti
1259 2675 1350 2747 enim,
1376 2682 1410 2737 ut

67 2762 147 2825 illum
172 2765 324 2844 (quamvis
350 2767 484 2840 euntem)
508 2766 537 2827 in
562 2766 658 2827 medio
683 2765 745 2827 iere
770 2786 889 2828 suarum
913 2766 1118 2828 circuitionum
1142 2765 1301 2838 retineant,
1325 2764 1409 2844 ipses

65 2870 131 2914 vero
164 2853 325 2931 genuinam
362 2854 443 2915 viam
472 2854 553 2916 circa
576 2853 679 2917 Solem
710 2855 811 2935 (quasi
843 2864 926 2917 esset
947 2854 1122 2928 immobilis)
1147 2855 1294 2916 ordinare.
1341 2851 1409 2922 Qua

65 2941 180 3002 ratione
205 2939 331 3022 quilibet
352 2943 476 3022 planeta
499 2945 528 3005 iu
552 2963 626 3005 aura
641 2945 785 3006 aetherea
802 2952 922 3024 praeter
940 2944 1020 3006 viam
1035 2944 1185 3024 propriam
1203 2943 1300 3024 ipsam
1315 2941 1409 3003 etiam

67 3027 143 3092 Solis
176 3030 259 3091 viam
287 3032 422 3107 conticit,
455 3032 640 3114 efficiturque
670 3054 707 3096 ex
737 3042 820 3096 motu
847 3043 972 3115 utroque
1006 3033 1189 3113 compositus
1218 3033 1257 3094 ad
1279 3049 1408 3110 unguem

67 3118 143 3182 idem
177 3120 228 3199 qui
253 3120 333 3200 apud
346 3121 552 3184 Ptolemaeum
578 3123 715 3204 (spiralis
730 3125 860 3204 nempe),
885 3133 920 3185 ut
942 3142 1008 3204 cap.
1032 3124 1057 3185 1.
1075 3123 1196 3184 dictum.
1241 3120 1284 3182 Et
1306 3128 1407 3183 astro-

68 3209 178 3270 nomiae
204 3208 398 3273 Ptolemaeus
427 3211 577 3293 epicyclos
608 3214 637 3274 iu
661 3213 837 3276 eccentricis
860 3204 982 3288 statuit,
1011 3213 1147 3275 Braheus
1171 3210 1355 3273 ecceutricos
1378 3207 1407 3269 iu

69 3297 200 3380 epicyclo
224 3318 296 3374 uuo,
323 3299 372 3380 qui
396 3309 444 3361 est
466 3301 531 3380 ipse
556 3301 636 3364 Solis
660 3303 750 3364 orbis.

150 3386 220 3467 Ego
249 3388 278 3449 in
310 3390 504 3469 sequentibus
532 3392 839 3463 demonstrationibus
876 3410 979 3452 omues
1011 3398 1074 3452 tres
1108 3396 1261 3451 auctorum
1294 3386 1408 3448 formas

67 3479 251 3557 conjungam.
297 3478 376 3541 Nam
400 3489 431 3539 et
445 3479 558 3562 Tycha,
583 3500 628 3541 me
652 3481 709 3542 hoc
733 3481 908 3561 quandoque
924 3480 1079 3553 suadente,
1100 3480 1130 3542 id
1149 3499 1181 3541 se
1200 3477 1278 3539 ultro
1297 3475 1347 3536 vel
1360 3494 1408 3536 me

69 3574 185 3628 tacente
211 3567 358 3629 facturum
383 3568 474 3630 luisse
498 3570 653 3650 respoudit
677 3569 873 3650 (fecissetque
897 3570 923 3631 si
948 3569 1194 3650 supervixisset),
1224 3573 1255 3627 et
1276 3564 1407 3626 moriens

68 3675 82 3714 a
101 3676 160 3730 me,
187 3671 275 3734 quem
299 3657 328 3718 in
344 3655 502 3738 Oopemici
527 3658 679 3722 sententia
701 3678 768 3720 esse
793 3658 920 3728 sciebat,
943 3659 1041 3739 petiit,
1066 3659 1110 3720 uti
1128 3658 1156 3718 in
1172 3676 1227 3720 sua
1247 3654 1407 3736 hypothesi

66 3746 160 3807 omnia
185 3745 433 3809 demonstrarem.
453 3743 493 3821 ³¹)

54 3900 56 3906 ,
147 3835 245 3895 Porro
270 3835 359 3898 trium
381 3837 487 3898 harum
512 3839 674 3900 formarum
689 3827 943 3917 *perfectissimam
963 3835 1226 3915 aequipollentiam
1246 3833 1409 3913 geometri-

63 3941 122 3985 cam
148 3932 180 3984 et
200 3923 264 4003 jam
288 3926 393 3988 statim
417 3935 449 3987 et
472 3946 525 4007 per
548 3935 644 3990 totum
657 3926 772 4001 librum,
790 3927 871 3988 aliud
890 3926 961 3988 licet
975 3935 1110 4004 agentes,
1127 3921 1407 3986 demonstrabimus.

60 4012 90 4075 lu
112 4032 261 4091 praeseus
283 4017 520 4096 persequendum
542 4026 590 4079 est
607 4016 776 4078 institutum
792 4025 823 4077 et
837 4015 1110 4089 demonstrandum,
1136 4015 1254 4076 omnino
1270 4031 1409 4092 magnum

60 4103 169 4182 aliquid
193 4102 222 4163 in
245 4105 377 4166 secunda
396 4105 611 4189 inaequalitate
631 4107 759 4189 peccari,
787 4107 812 4168 si
836 4126 889 4185 pro
909 4104 1066 4185 apparenti
1090 4111 1173 4166 motu
1192 4104 1273 4166 Solis
1295 4097 1409 4165 medius

59 4202 217 4272 susceptus
242 4193 344 4271 luerit,
377 4213 442 4257 cum
464 4217 520 4278 quo
540 4198 663 4277 planeta
687 4196 715 4257 iu
732 4197 876 4277 principio
900 4195 986 4275 hujus
1012 4195 1160 4256 secundae
1183 4193 1409 4276 inaequalitatis

59 4287 247 4364 opponatur.v
913 4341 915 4345 Α

144 4373 294 4454 Incipiam
319 4393 338 4434 a
361 4371 800 4459 Copernicanasententia.
851 4375 964 4439 Uentre
985 4375 1006 4452 β
1032 4375 1189 4437 scribatur
1220 4373 1409 4437 evomamus

60 4462 180 4529 Terrae
202 4485 259 4543 pv,
283 4462 406 4545 quatem
431 4467 624 4548 Ceperae‘cas
639 4464 821 4528 Ptolemaeo
837 4465 945 4547 fidene
967 4471 1012 4527 eet
1033 4464 1234 4545 imaginatae,
1258 4460 1294 4526 ae
1315 4464 1351 4524 ire
1373 4482 1408 4524 ee

57 4558 96 4619 rit
117 4557 157 4636 γβ
180 4549 267 4617 &aaa
289 4555 454 4637 apsidum,
472 4580 496 4617 ,κ
518 4556 605 4619 locere
628 4554 716 4618 Solia
742 4553 910 4617 immobilis
933 4561 962 4616 et
984 4557 1004 4631 β
1024 4560 1175 4637 punctum
1203 4549 1408 4634 aequalitatis

59 4653 159 4709 notae
191 4638 342 4709 Tellenis.
397 4647 551 4709 Detentus*
574 4667 636 4728 per
666 4647 685 4723 β
714 4645 779 4727 ipsi
808 4647 847 4723 dy
875 4640 1152 4728 perpendicularis
1181 4641 1266 4719 νβσ,
1297 4661 1408 4704 aecana

60 4734 348 4818 emeamsemle'mn
369 4736 405 4798 ire
423 4737 550 4818 punctis
572 4759 599 4809 ν,
624 4755 662 4809 σ;
686 4743 714 4799 et
737 4742 960 4815 connectentur
981 4758 1009 4809 e,
1033 4755 1053 4794 σ
1076 4751 1146 4795 eum
1168 4755 1192 4792 κ.
1303 4764 1308 4774 ·

147 4820 333 4911 Cepemicus
365 4823 465 4906 igitur,
488 4825 690 4888 Ptolemaieos
724 4843 861 4886 numeros
885 4825 915 4886 iu
940 4843 1025 4887 suam
1049 4820 1174 4884 sormam
1206 4819 1406 4907 hypotheseos

109 4929 199 4983 lepterl
212 4928 289 4981 Opem.
310 4930 346 4971 111.
1160 4924 1194 4983 18
