3354 5504
170 234 236 313 152
530 240 560 292 Iu
578 239 760 291 Commentario
777 240 808 292 da
825 240 930 292 motibus
948 235 1035 290 stellae
1053 235 1150 327 hdardsx

167 424 320 496 Episcopus
333 421 456 479 Arabiae
475 426 506 477 et
518 422 698 491 Taprobanae
717 419 812 492 utique
832 418 946 484 vicinae,
967 438 1022 475 non
1041 435 1107 474 vero
1128 416 1186 475 5⁰0
1205 415 1370 475 milliaribus
1390 435 1502 492 germa-

166 505 235 561 nicia
254 498 322 572 (imo
341 518 408 559 raro
427 518 478 574 per
496 503 637 556 anfractus
657 501 700 555 illi
713 500 801 556 aetati
814 501 930 558 usitatos
944 499 1061 571 amphus
1074 494 1163 568 mille)
1182 499 1210 554 in
1223 499 1357 556 orientem
1368 507 1502 556 remotae.

84 654 85 658 ἵ
168 586 246 650 Quae
266 600 331 639 vero
352 583 432 639 hodie
444 583 609 653 Taprobane
628 587 743 652 putatur
756 581 883 636 Sumatra
902 580 1000 645 insula,
1022 596 1083 635 eam
1101 578 1228 635 existimo
1241 579 1305 635 olim
1319 578 1404 634 brisso
1419 579 1503 637 Cher·

168 680 313 721 sonnesum
333 678 444 721 auream
464 663 564 717 isthmo
585 662 676 717 Indiae
697 661 869 731 conjunctam
897 663 932 715 ad
960 661 1056 715 urbem
1075 659 1236 716 Malaocam.
1277 659 1347 715 Nam
1367 660 1502 716 cherson·

80 734 81 740 ἵ
168 763 258 810 neam,
280 760 359 816 quam
379 743 459 798 hodie
478 742 610 798 credimus
624 758 719 807 aurea
739 760 793 797 nou
807 743 891 797 multo
905 741 993 814 magis
1009 741 1211 797 Chersonnesos
1225 739 1277 795 dici
1291 756 1371 810 posse
1384 738 1502 805 ridetur,

185 843 247 881 uam
268 824 360 880 Italia.
375 818 412 887 ⁸⁰)

168 845 186 898 q
247 905 323 968 Quae
344 903 466 975 quamvis
486 910 566 957 erant
585 901 657 957 alius
676 902 738 967 loci,
760 901 800 957 sio
819 919 873 957 uno
894 905 1026 955 contextu
1046 899 1188 970 explicare
1208 898 1295 967 volui,
1317 908 1350 956 ut
1368 898 1500 971 majorem

167 985 257 1042 mesni
275 984 379 1040 marino
400 991 431 1043 et
449 1001 499 1054 per
518 983 590 1037 hunc
609 982 705 1039 virtuti
725 984 819 1038 Lunae
840 980 989 1037 tractoriae
1010 981 1089 1035 dderu
1109 979 1236 1035 facerem

244 1064 374 1136 Sequitur
392 1064 476 1128 enim,
507 1062 531 1117 si
557 1062 644 1119 virtus
673 1064 804 1119 tractoria
822 1064 918 1118 Lunae
938 1060 1090 1135 porrigitur
1109 1059 1137 1114 in
1157 1060 1256 1115 Terras
1283 1078 1383 1132 usque,
1415 1061 1503 1117 multo

167 1146 254 1218 magis
274 1145 403 1199 virtutem
423 1143 580 1200 tractoriam
601 1144 719 1199 Telluris
739 1143 842 1216 porrigi
863 1143 891 1197 in
909 1143 1014 1198 Lunam
1043 1147 1073 1196 et
1090 1140 1175 1212 longe
1196 1141 1295 1204 altius,
1325 1157 1359 1195 ao
1387 1140 1502 1211 proinde

168 1227 235 1281 nibil
255 1241 362 1288 eorum,
393 1227 463 1297 quod
484 1242 521 1279 ex
551 1230 661 1279 terrena
680 1224 796 1280 materia
815 1224 1055 1296 quomodocunque
1075 1227 1197 1285 constat,
1228 1220 1309 1293 inque
1330 1221 1416 1276 altum
1437 1223 1501 1277 sub·

166 1306 283 1369 vehitur,
304 1305 474 1375 complexum
493 1306 566 1359 hunc
585 1304 760 1360 fortissimum
779 1304 888 1360 virtutis
908 1301 1056 1357 unciariae
1076 1317 1194 1372 unquam
1214 1303 1346 1373 effugere.

243 1386 318 1440 Leve
337 1401 402 1439 vero
423 1383 491 1439 nibil
511 1391 555 1438 est
574 1384 714 1450 absolute,
745 1387 815 1456 quod
835 1399 968 1453 corporea
986 1380 1104 1437 materia
1124 1386 1246 1446 constat,
1274 1383 1322 1436 scd
1342 1387 1501 1452 comparate

166 1464 252 1520 larius
272 1471 325 1529 est,
346 1467 416 1535 quod
436 1463 525 1519 rarius
546 1470 590 1519 est
610 1464 668 1518 sive
688 1471 789 1520 natura
808 1481 867 1530 sua,
889 1463 946 1517 sive
966 1479 1004 1516 ex
1024 1461 1165 1516 accidente
1185 1463 1285 1519 calore.
1319 1463 1422 1517 Rarum
1435 1479 1501 1519 rere

165 1546 224 1600 dico
244 1563 299 1600 non
318 1544 384 1600 illud
405 1551 526 1607 tautum,
554 1547 624 1616 quod
653 1561 780 1616 porosum
801 1551 845 1599 eat
864 1543 941 1597 etin
960 1543 1061 1598 multas
1082 1541 1216 1597 cavitates
1237 1540 1365 1607 dehiscit,
1395 1544 1444 1597 sed
1473 1543 1500 1597 in

164 1644 276 1699 genere,
298 1627 368 1697 quod
389 1627 439 1679 sub
460 1627 555 1679 eadem
576 1624 628 1679 loci
648 1625 835 1696 amplitudine,
855 1640 937 1697 quam
955 1628 1074 1694 occupat
1092 1622 1205 1694 gravius
1226 1622 1349 1695 aliquod.
1370 1622 1501 1679 minorem

168 1706 351 1778 quantitatem
369 1705 503 1760 materiae
523 1722 670 1776 corporeae
691 1706 834 1770 concludit

242 1785 355 1842 Larium
375 1785 556 1841 definitionem
569 1787 693 1857 sequitur
705 1793 735 1841 et
747 1794 845 1841 motus.
884 1785 945 1840 Non
958 1784 1030 1839 euim
1043 1791 1088 1839 eet
1100 1783 1318 1848 existimandum,
1338 1783 1500 1856 illadugera

59 1918 64 1934 ,
166 1869 201 1921 ad
221 1866 391 1936 superficiem
410 1882 497 1938 usque
517 1867 616 1930 mundi,
638 1870 698 1921 dnm
719 1867 844 1922 feruntur
864 1882 976 1929 sursum,
998 1871 1048 1919 aut
1068 1882 1122 1919 non
1135 1865 1240 1920 attrahi
1261 1866 1391 1919 aTerra:
1411 1864 1500 1921 minua

165 1947 236 2002 enim
255 1947 433 2001 attrabuntur
453 1963 533 2018 quam
553 1947 659 2020 gravia,
681 1953 711 2002 et
731 1947 769 2001 sic
789 1947 968 2018 expelluntur
987 1961 1005 1999 a
1023 1945 1165 2018 gravibus,
1191 1962 1244 2017 quo
1264 1945 1338 2001 tacto
1358 1945 1502 2017 quiescunt

164 2027 370 2097 retinenturque
391 2042 410 2080 a
428 2026 515 2082 Terra
535 2028 594 2081 loco
614 2045 672 2082 suo.

242 2107 304 2162 Etsi
323 2122 389 2161 vero
409 2106 495 2161 virtus
516 2107 648 2163 tractoria
668 2109 782 2171 Terrae,
813 2113 844 2161 ut
870 2106 983 2169 dictum,
1013 2105 1164 2179 porrigitur
1192 2105 1351 2178 longissime
1385 2121 1501 2169 emaum,

77 2210 81 2219 ·
166 2195 259 2242 tamen
280 2187 304 2240 si
323 2186 395 2256 lapis
416 2187 515 2260 aliquio
535 2194 614 2242 tanto
635 2187 782 2242 intervallo
803 2187 928 2250 abesset,
960 2188 1029 2257 quod
1050 2187 1129 2242 heret
1147 2187 1182 2242 ad
1202 2186 1362 2242 diametrum
1382 2185 1501 2241 Telluris

165 2266 307 2330 sensibile,
336 2283 429 2322 verum
450 2276 506 2331 est,
528 2269 613 2323 Terra
637 2275 712 2324 mota
738 2266 857 2337 lapidem
883 2268 968 2321 talem
988 2284 1043 2322 non
1062 2267 1146 2338 plane
1166 2273 1337 2332 secuturum,
1367 2268 1416 2324 sed
1436 2282 1500 2322 suas

164 2346 308 2402 resistendi
327 2346 400 2401 vires
420 2347 617 2418 permixtumm
637 2366 697 2403 eum
716 2347 819 2403 viribus
840 2348 941 2401 Terrae
962 2347 1112 2411 tractoriis,
1143 2352 1226 2418 atque
1256 2347 1297 2403 ita
1324 2364 1355 2402 se
1375 2347 1500 2419 explica-

164 2435 254 2482 turum
273 2426 395 2482 nonnihil
417 2435 537 2498 araptu
556 2428 605 2482 illo
625 2428 758 2482 Telluris:
789 2445 842 2482 non
869 2444 947 2482 secus
975 2434 1059 2498 atque
1079 2433 1168 2483 motus
1187 2427 1323 2483 violentus
1344 2426 1502 2498 projectilia
1537 2478 1539 2482 ,

46 2575 49 2579 ⁴
163 2507 285 2562 nonnihil
305 2524 325 2562 a
343 2513 426 2577 raptu
447 2508 564 2562 Telluris
585 2508 721 2578 explicat,
749 2515 782 2562 ut
809 2508 854 2562 vel
874 2515 1070 2577 praecurrant,
1095 2508 1222 2579 projecta
1241 2524 1337 2562 versus
1358 2508 1500 2574 edentem,

163 2589 208 2642 rel
229 2587 423 2649 destituantur,
443 2588 467 2642 si
487 2588 515 2642 in
536 2588 701 2643 occidentem
721 2587 914 2660 projiciantur:
936 2596 1019 2659 atque
1040 2588 1082 2644 ita
1102 2589 1190 2644 locum
1210 2604 1301 2652 suum,
1324 2604 1416 2660 aquo
1436 2605 1499 2660 pro·

158 2669 239 2738 jecta
257 2673 328 2731 sunt,
349 2668 377 2721 vi
397 2669 537 2738 compulsa
556 2670 697 2723 deserant:
718 2686 806 2740 neque
826 2676 923 2738 raptus
942 2670 1045 2723 Terrae
1067 2669 1138 2723 hanc
1158 2667 1316 2724 uiolentiam
1335 2669 1364 2724 iu
1384 2669 1500 2727 solidum

163 2747 291 2819 impedire
312 2747 407 2818 possit,
431 2764 510 2820 quam
531 2749 576 2803 diu
596 2749 732 2804 violentus
752 2755 841 2803 motus
862 2749 890 2802 in
910 2767 959 2803 suo
979 2748 1075 2821 vigore
1095 2757 1147 2804 est
1162 2742 1196 2812 ²¹)

241 2836 296 2895 Sed
317 2836 382 2909 quia
400 2837 504 2892 nullum
525 2837 667 2908 projectile
689 2838 791 2893 centies
811 2837 981 2893 millesimam
998 2837 1123 2895 diametri
1137 2839 1238 2893 Terrae
1252 2843 1359 2908 partem
1371 2854 1391 2894 a
1404 2852 1499 2909 super·

162 2919 222 2974 hoie
242 2918 344 2973 Terrae
365 2924 527 2989 separatur,
557 2917 688 2989 ipsaeque
708 2920 776 2972 adeo
797 2918 883 2972 nubes
904 2927 987 2990 atque
1007 2918 1085 2984 humi,
1114 2934 1184 2990 quae
1204 2918 1339 2974 minimum
1359 2918 1500 2975 amaus

161 2997 294 3055 materiae
314 2998 447 3062 obtinent,
468 3015 522 3053 non
541 2998 687 3052 millesima
706 2998 896 3053 semidiametri
916 3006 997 3069 parte
1018 2999 1177 3054 evolantia
1198 3000 1297 3054 altum:
1325 2997 1393 3054 nihil
1413 2997 1500 3074 igu'tur

161 3084 254 3150 potest
273 3077 391 3142 nubium,
412 3078 546 3134 bimorum
564 3084 594 3132 et
613 3096 714 3142 eorum,
735 3095 806 3150 quae
821 3079 1084 3150 perpendiculariter
1098 3079 1125 3134 in
1139 3079 1225 3135 altum
1239 3077 1419 3150 projiciuntur
1431 3079 1499 3134 reai-

162 3159 267 3214 stentia
285 3164 316 3213 et
334 3157 470 3213 naturalis
490 3161 525 3213 ad
550 3157 668 3229 quietem
694 3158 849 3222 inclinatio,
879 3159 948 3214 nihil
977 3160 1086 3232 inquam
1115 3166 1209 3230 potest
1237 3162 1271 3216 ad
1301 3159 1500 3230 impediendum

161 3241 233 3294 hunc
254 3238 296 3294 sui
314 3246 440 3308 raptum
461 3244 558 3308 utpote
579 3241 614 3293 ad
634 3256 714 3310 quem
736 3239 806 3293 haec
824 3239 983 3295 resistentia
996 3240 1023 3295 in
1036 3241 1114 3294 nulla
1126 3240 1302 3312 proportione
1315 3246 1367 3295 est
1400 3240 1499 3312 ltaque

164 3321 234 3390 quod
253 3318 518 3390 perpendiculariter
537 3334 642 3373 sursum
663 3325 707 3374 eat
727 3319 886 3389 projectum,
907 3321 1011 3376 recidet
1031 3320 1059 3375 iu
1078 3321 1167 3375 locum
1186 3337 1277 3387 suum,
1298 3319 1367 3374 nihil
1386 3319 1498 3390 impedi·

161 3407 219 3454 tum
238 3405 313 3454 motu
334 3399 460 3462 Telluris,
480 3404 513 3452 ut
533 3416 603 3471 quae
624 3399 735 3453 subduci
755 3418 809 3454 non
830 3406 931 3470 potest,
952 3403 1076 3455 seduna
1092 3399 1166 3471 rapit
1188 3401 1215 3455 in
1238 3404 1304 3456 atre
1316 3400 1450 3466 rolwtia
1471 3402 1500 3457 ri

161 3479 319 3552 magnetica
338 3479 390 3533 sibi
410 3496 463 3532 non
483 3478 570 3533 minus
590 3486 784 3544 concatenata,
806 3497 886 3551 quam
906 3480 929 3534 ai
950 3498 1066 3551 corpora
1084 3480 1134 3535 illa
1153 3480 1334 3552 contingeret

242 3559 324 3613 Hisce
345 3558 574 3629 propositionibus
594 3567 685 3614 mente
705 3560 906 3630 comprehensis
926 3567 957 3615 et
975 3561 1121 3633 diligenter
1140 3560 1296 3624 trutinatis,
1317 3578 1370 3615 non
1391 3567 1499 3618 tantum

55 3661 57 3665 ¹
165 3639 305 3694 evanescit
325 3639 480 3694 absurditas
501 3645 531 3693 ct
557 3639 628 3693 falso
653 3639 806 3711 imaginata
834 3640 1036 3711 impossibilitas
1062 3641 1178 3712 physica
1205 3647 1293 3697 metus
1315 3641 1424 3706 Terrae,
1452 3645 1500 3697 sed

165 3720 248 3775 etiam
268 3720 387 3790 patebit.
407 3719 470 3791 quid
491 3722 526 3774 ad
546 3719 657 3788 objecta
676 3720 793 3791 physica
813 3723 1048 3793 quomodocumque
1066 3720 1213 3777 informata
1225 3722 1262 3777 sit
1274 3721 1498 3792 respondendam.

241 3808 304 3863 Etsi
324 3807 473 3879 Copemicc
494 3809 583 3881 magis
603 3810 705 3880 placet,
726 3811 837 3865 Terram
857 3818 888 3866 et
906 3817 1018 3867 terrena
1037 3810 1142 3873 omnia,
1163 3811 1228 3866 licet
1248 3811 1347 3866 avulsa
1365 3827 1385 3867 a
1404 3812 1498 3877 Terra,

163 3905 220 3944 una
238 3895 268 3942 ct
287 3890 382 3943 eadem
402 3890 493 3945 anima
512 3890 624 3945 metrice
644 3890 795 3956 informari,
818 3907 887 3961 quae
908 3893 1033 3956 Terram,
1059 3907 1156 3961 corpus
1183 3908 1273 3955 suurn,
1303 3897 1398 3947 rotans
1424 3900 1500 3950 rotet

162 3970 246 4024 etiam
264 3985 322 4023 una
340 3968 493 4038 particulas
514 3969 582 4025 istas
607 3986 625 4024 a
644 3987 757 4040 corpore
784 3988 833 4025 suo
859 3975 984 4028 avulsas:
1013 3979 1045 4026 ut
1064 3971 1104 4025 sio
1122 3989 1173 4042 per
1192 3977 1281 4026 motus
1300 3971 1437 4028 violentos
1457 3975 1498 4029 ris

163 4051 213 4104 het
243 4048 307 4127 huic
335 4047 442 4104 animae
471 4067 522 4121 per
551 4066 643 4105 omnes
672 4051 822 4120 particulas
851 4053 977 4117 didlrsae,
1006 4054 1227 4124 quemadmodum
1254 4069 1309 4124 ego
1337 4051 1411 4118 dico,
1445 4054 1498 4110 rim

160 4130 219 4184 fleri
246 4129 373 4184 facultati
401 4147 549 4200 corporeae
579 4128 675 4204 (qnam
703 4132 870 4204 gravitatem
900 4133 1009 4189 dicimus
1039 4149 1089 4186 seu
1112 4127 1310 4207 magneticam)
1334 4131 1426 4189 itidem
1448 4151 1499 4207 par

160 4218 251 4265 motus
272 4209 417 4263 violentos.
1319 4250 1324 4258 .
1422 4219 1428 4233 '

238 4289 344 4346 Sufficit
363 4296 455 4346 temen
476 4308 524 4361 pro
545 4292 642 4347 solutis
663 4308 681 4347 a
694 4293 781 4346 Terra
794 4292 912 4346 facultas
928 4291 983 4346 ista
996 4307 1141 4360 corporea;
1162 4294 1284 4348 abundat
1297 4293 1348 4349 illa
1361 4292 1495 4353 animalia

240 4381 317 4444 Quod
337 4397 402 4434 vero
423 4380 603 4436 caeleritate
623 4390 711 4437 motus
732 4371 911 4452 bujua'multi
932 4381 984 4435 sibi
1004 4387 1148 4452 terraeque
1168 4380 1343 4437 ducentibus
1371 4390 1497 4441 extrama

101 4462 103 4469 ’
161 4466 293 4524 metuunt,
314 4475 425 4517 causam
445 4462 549 4516 nullam
568 4462 681 4523 habeut.
722 4463 790 4517 Vide
811 4464 844 4516 de
864 4463 966 4516 haere
986 4461 1053 4532 Cap.
1073 4461 1133 4518 XV.
1155 4468 1186 4517 et
1203 4462 1278 4519 xvi.
1300 4461 1364 4518 libri
1384 4464 1437 4520 mei
1462 4467 1495 4520 ds

159 4539 248 4596 Stella
267 4541 435 4610 Serpeutarii
456 4542 502 4598 sol.
523 4541 570 4596 82.
591 4548 622 4596 et
641 4542 687 4599 84.
712 4547 757 4611 (ΙΙ,
775 4565 799 4613 p.
819 4546 869 4597 672
887 4546 919 4605 ι.)

238 4621 340 4675 Ibidem
360 4621 443 4675 etiem
463 4621 584 4675 invenies
604 4622 693 4691 plenis
713 4623 781 4676 velis
802 4622 962 4692 navigatum
975 4638 1026 4691 per
1039 4621 1247 4678 immensitatem
1265 4621 1339 4677 urbis
1358 4623 1492 4690 mundani,

159 4717 229 4775 quae
249 4700 398 4774 Cepernicc
419 4700 491 4756 solet
509 4701 591 4772 abjici
611 4708 643 4756 ut
663 4703 835 4777 prodigiosa:
857 4704 1059 4761 demonstratur
1075 4702 1154 4768 enim,
1175 4703 1246 4758 bene
1258 4705 1492 4776 proportionatam
