3354 5504
174 286 217 359 48
590 274 809 355 ωτιδῑορῑοή
826 286 977 353 monaque
993 292 1104 339 mauu.

173 470 302 545 modum,
325 467 375 551 qui
398 466 500 530 nescio
524 488 561 529 an
586 467 625 529 ad
648 487 776 548 unguem
801 470 890 550 jussa
911 469 1046 531 facturus
1070 466 1129 543 sit}
1161 472 1241 529 certe
1263 465 1295 529 in
1317 462 1428 527 vicinia
1451 471 1519 526 octo

173 562 306 624 locorum
329 558 360 621 in
385 559 423 634 d,
440 561 477 631 0⁰,
491 550 536 631 U,
551 550 596 631 [l
615 561 650 634 sst
672 560 707 635 1ss
731 561 765 634 tss
789 562 825 637 ssss
846 559 928 623 facit.
974 561 1007 621 ls
1030 558 1102 621 talis
1121 561 1189 620 est:
1214 560 1314 631 Luna,
1338 565 1372 619 nt
1393 555 1521 639 quilibet

174 670 211 712 ex
233 647 382 731 planetis,
414 654 539 708 naturae
563 646 700 708 consilio
713 657 850 712 movetur
871 650 903 713 in
924 649 1064 731 longum,
1087 649 1197 724 latum,
1220 647 1408 730 profundum.
1454 646 1519 708 Nec

173 746 243 803 sunt
264 737 366 819 plures
399 734 609 799 dimensiones.
656 737 773 800 Motum
797 739 827 802 in
849 739 1001 820 longum
1033 740 1124 804 infert
1145 740 1200 803 Sol
1221 737 1370 819 planetis,
1399 735 1458 817 ipsi
1482 737 1519 799 do

173 848 227 890 suo
251 825 325 889 nihil
341 825 467 899 addunt,
489 824 548 886 nisi
571 833 718 905 quatenns
742 826 772 887 iu
792 828 920 891 diversis
944 829 1168 892 circuitionibus
1192 849 1211 890 a
1232 836 1341 889 nature
1363 825 1415 889 siti
1438 834 1516 889 sunt

172 919 291 981 Motum
313 915 345 977 in
372 914 486 976 latum
517 913 641 994 planeta
659 913 729 993 ipse
759 918 895 994 conficit,
927 919 982 982 Sol
1005 920 1062 982 huc
1085 919 1161 982 nihil
1184 918 1311 981 confert
1348 916 1464 978 Motum
1487 915 1519 976 in

171 1005 388 1088 profundum
412 1002 490 1065 inter
514 1022 547 1063 se
569 1002 749 1083 partiuntur,
772 1006 896 1087 planeta
918 1027 1046 1071 ascensu
1068 1009 1117 1071 vel
1140 1009 1295 1082 descensu,
1320 1005 1375 1070 Sol
1397 1005 1519 1067 accele-

171 1096 266 1161 rmdo
290 1093 339 1155 vel
353 1091 500 1154 tardando
520 1091 600 1153 ultra
622 1110 767 1157 ascensus
788 1097 838 1157 vel
854 1098 1017 1176 descensus
1038 1118 1218 1161 mensnram.
1255 1099 1361 1178 Itaque
1384 1103 1519 1157 centrum

171 1182 330 1247 eccentrici
352 1180 473 1262 ponitur
495 1180 660 1260 aplaneta,
682 1192 817 1248 centrum
840 1188 998 1268 aequantia
1016 1209 1034 1249 a
1050 1188 1149 1251 Sole..
1172 1188 1307 1268 Suntque
1330 1185 1360 1246 in
1384 1184 1521 1265 quolibet

169 1274 292 1355 planma
305 1277 447 1352 quatuor:
464 1268 582 1332 medius
595 1269 804 1351 longitudinis,
820 1276 975 1340 inclinatio
992 1277 1172 1352 latitudinis,
1188 1284 1323 1363 centrum
1347 1272 1519 1348 eccentrici,

170 1369 304 1426 centrum
326 1357 494 1440 aequantia.
532 1358 619 1421 Luna
633 1379 706 1440 prae
724 1364 834 1426 ceteris
848 1366 905 1428 hoc
918 1367 1020 1441 habet,
1044 1376 1078 1429 ut
1093 1386 1159 1429 cum
1177 1356 1261 1431 coelo
1278 1385 1332 1427 suo
1350 1370 1518 1437 moveatur,

62 1517 83 1536 Α
170 1469 303 1534 quaeque
326 1449 357 1510 in
379 1447 449 1509 aliis
480 1454 562 1511 suut.
579 1448 744 1530 simplicia,
777 1453 891 1517 sintin
917 1456 975 1518 hac
1006 1457 1144 1537 duplicia.
1176 1454 1350 1535 ·Duplicem
1372 1456 1401 1515 r'r.
1425 1451 1519 1515 habet

170 1543 285 1604 fontem
315 1536 451 1600 motricis
483 1536 624 1614 virtutis,
646 1538 752 1605 Solem
773 1562 827 1624 per
851 1564 900 1618 se,
923 1547 1048 1608 Terram
1070 1565 1125 1626 per
1151 1544 1312 1618 accidens,
1344 1550 1376 1604 et
1396 1551 1431 1605 nt
1453 1541 1518 1604 dixi

170 1650 279 1712 supra,
312 1627 378 1706 ejus
408 1625 476 1687 lons
508 1626 629 1688 virtutis
654 1638 702 1692 est
730 1630 818 1694 linea.
865 1635 1005 1716 Respicit
1033 1635 1125 1716 igitur
1148 1654 1207 1696 non
1236 1640 1353 1695 tanturn
1377 1634 1513 1705 Terram,
1544 1691 1546 1699 ,

168 1721 258 1802 qnam
280 1717 451 1788 circumeat,
476 1715 531 1777 sed
549 1716 640 1778 etiam
654 1719 767 1783 Solem.
806 1722 916 1804 Omnia
928 1724 1035 1807 itaque
1050 1746 1105 1787 sua
1123 1732 1250 1806 quatuor
1265 1722 1358 1784 habet
1372 1720 1516 1801 duplicia.

167 1808 319 1882 Primum,
349 1811 449 1866 motus
471 1803 588 1866 medius
612 1805 642 1868 in
665 1808 745 1872 linea
768 1812 938 1875 diametrali
961 1814 1051 1876 velox
1075 1822 1141 1888 est,
1174 1813 1290 1877 tardior
1313 1830 1371 1892 quo
1395 1809 1517 1889 longius

167 1900 194 1970 0
225 1896 367 1959 distata
393 1893 565 1956 diametrali
597 1894 686 1959 linea.
731 1901 819 1964 Hanc
852 1904 1048 1967 variationem
1077 1922 1132 1984 per
1163 1909 1341 1983 aequantem
1370 1899 1516 1963 debemus

169 1987 299 2062 salvare,
321 1982 393 2066 quia
414 2003 434 2043 a
453 1981 526 2046 Sole
550 2002 604 2046 seu
628 1988 748 2051 afonte
771 1991 892 2054 virtutis
915 1993 1091 2074 simpliciter
1113 1999 1224 2066 manat,
1248 1991 1335 2053 Luna
1350 1989 1418 2070 ipsa
1440 1986 1516 2051 nihil

617 2080 742 2142 confert.
788 2083 818 2144 A
841 2084 945 2157 Terra,
968 2082 1021 2147 Bo
1045 2081 1252 2146 concentricus
1270 2082 1309 2153 h,
1332 2076 1417 2142 BAG
1434 2076 1518 2139 linea

617 2169 813 2233 diametralis.
861 2171 937 2237 Cum
960 2189 1031 2252 ergo
1054 2174 1080 2244 J)
1107 2171 1207 2234 estin
1229 2172 1273 2244 B,
1307 2168 1348 2232 sit
1371 2174 1515 2248 punctum

615 2260 773 2340 aequantia
788 2260 818 2321 in
833 2262 870 2335 Ε,
887 2268 993 2324 contra
1007 2281 1075 2324 cum
1089 2263 1175 2331 est)
1193 2259 1223 2321 in
1241 2257 1277 2334 0,
1298 2258 1340 2320 sit
1355 2254 1516 2337 aequantia

584 2366 586 2371 ’
614 2357 756 2430 punctum
778 2349 809 2412 in
832 2352 871 2414 D.
919 2350 1081 2422 Quantitas
1104 2349 1161 2415 Ac
1185 2350 1224 2410 ad
1242 2348 1302 2411 DA
1325 2353 1359 2409 ut
1384 2341 1515 2409 100000

616 2440 654 2500 ad
679 2436 765 2503 2400
788 2440 860 2502 lere.
907 2440 985 2502 Nam
1009 2440 1039 2502 in
1062 2437 1123 2502 45⁰
1149 2439 1288 2520 aequatio
1310 2437 1443 2498 maxima
1465 2440 1515 2497 est

617 2524 671 2593 tt‘
694 2529 822 2591 circiter.
862 2529 954 2593 Sinus
977 2539 1078 2592 autem
1101 2527 1299 2611 digressionis
1322 2525 1371 2586 vel
1395 2524 1517 2589 distan-

616 2618 727 2690 tiae)
757 2639 776 2679 a
807 2618 887 2680 linea
908 2617 962 2682 Βο
992 2619 1210 2699 multiplicatus
1239 2617 1271 2678 in
1299 2615 1359 2679 DA
1391 2611 1516 2693 rejectis

618 2704 637 2770 5
661 2707 764 2788 liguris
787 2708 889 2788 prodit
911 2708 1009 2770 locum
1031 2709 1134 2788 puncti
1157 2704 1325 2788 aequantia.

705 2797 859 2861 Secundo:
894 2797 1022 2860 latitudo
1053 2797 1186 2859 maxima
1213 2796 1249 2857 in
1275 2789 1516 2875 oppositionibus

617 2894 650 2947 et
694 2886 953 2962 conjunctionibus
991 2887 1134 2949 statuitur
1170 2904 1209 2947 ex
1251 2880 1514 2945 observationibus

618 2970 797 3058 l⁰.58¹l,‘;
828 2977 868 3038 iu·
889 2976 1080 3057 quadraturis
1111 2992 1182 3037 vero
1205 2993 1243 3036 ex
1270 2972 1376 3034 eodem
1407 2971 1525 3033 obser·-

369 3104 385 3158 0
618 3064 772 3127 vationum
804 3066 998 3127 fundamento
1030 3064 1185 3127 inveniunt
1212 3061 1375 3125 maximam
1406 3059 1514 3121 latitu—

508 3153 509 3156 ’
619 3152 717 3216 dinem
734 3147 892 3238 5⁰1r¹l,‘.
931 3155 997 3217 Hoc
1015 3162 1112 3216 totum
1130 3154 1168 3215 ab
1182 3149 1386 3214 inclinationis
1405 3167 1515 3211 eccen-

168 3242 236 3304 trici
259 3241 437 3316 venatione,
460 3241 585 3303 hocest
605 3242 729 3323 abipsa
752 3245 856 3306 Lunae
878 3244 1079 3323 divagatione,
1103 3263 1161 3324 qua
1185 3260 1218 3304 se
1241 3240 1280 3301 ad
1303 3248 1406 3302 nutum
1430 3236 1514 3301 Solia

168 3331 329 3412 componit,
352 3329 520 3415 provenire,
538 3339 677 3393 manente
691 3340 794 3394 centro
814 3332 994 3395 concentrici
1010 3333 1168 3412 conjuncto
1187 3350 1254 3393 cum
1269 3336 1373 3391 centro
1390 3328 1512 3400 Terrae,

168 3420 271 3483 multis
302 3419 468 3482 rationibus
499 3428 627 3482 constat.
673 3422 742 3484 Non
771 3431 876 3502 potest
907 3423 985 3484 enim
1017 3423 1080 3486 lieri
1110 3440 1164 3500 per
1193 3417 1514 3500 appropinquationem

169 3508 339 3572 latitudiuis
361 3509 400 3570 ed
422 3511 556 3582 Terram,
581 3528 636 3572 nec
657 3529 711 3590 per
734 3512 951 3573 revolutionem
975 3513 1070 3574 centri
1092 3509 1251 3573 eccentrici
1274 3506 1355 3568 circa
1377 3508 1513 3569 Terram.

167 3600 301 3680 Utroque
325 3599 403 3660 euim
425 3598 513 3662 modo
536 3599 711 3678 proveniret
732 3600 933 3681 inaequalitas
956 3600 1057 3682 aliqua
1080 3600 1111 3662 in
1134 3597 1331 3677 longitudine,
1354 3614 1431 3677 quae
1454 3614 1513 3658 uon

168 3695 217 3749 est
248 3687 524 3749 commensurabilis
555 3687 593 3748 ad
633 3687 857 3751 observatorias
892 3690 1133 3770 inaequalitates.
1188 3690 1295 3768 Itaque
1324 3704 1377 3764 per
1409 3704 1514 3749 omnes

168 3775 273 3838 modos
297 3776 379 3839 eunti
407 3776 479 3839 mihi
510 3776 667 3857 apparuit,
698 3797 764 3840 cum
790 3778 874 3840 nulla
903 3778 1150 3861 inaequalitatum
1180 3786 1346 3839 ceterarum
1368 3774 1512 3839 ianuam

170 3865 352 3948 hypothesin
375 3865 517 3928 confundi
538 3884 640 3946 posse,
664 3868 717 3928 sed
741 3887 810 3930 esse
833 3875 1005 3949 separatam
1027 3866 1157 3947 penitus.

258 3953 378 4017 Tertio:
412 3955 623 4031 eccentricitas
652 3957 756 4018 Lunae
784 3965 911 4036 augetur
940 3965 972 4019 et
1004 3956 1146 4029 minuitur
1177 3974 1231 4036 per
1259 3953 1356 4034 ipsam
1384 3954 1513 4031 Lunam,

169 4044 416 4131 quemadmodqm
439 4044 535 4107 omnis
558 4045 768 4111 eccentricitas
791 4046 901 4107 accidit
922 4064 976 4126 per
998 4064 1154 4107 ascensum
1171 4054 1203 4107 et
1217 4044 1394 4106 descensum
1416 4040 1513 4122 ipsine

168 4134 320 4214 planetae.
358 4132 407 4197 Sit
428 4135 571 4207 F'lerra,¹
595 4136 625 4197 A
649 4142 782 4197 centrum
805 4134 975 4209 eccentrici,
998 4136 1024 4197 B
1047 4133 1224 4215 principium
1246 4131 1425 4206 anomaliae,
1449 4132 1516 4212 ejus

171 4244 212 4285 sc.
231 4241 406 4303 apogaeum,
431 4223 654 4304 Operigaeum.
692 4225 748 4287 AF
770 4223 979 4286 eccentricitas
1002 4223 1109 4298 media,
1133 4224 1164 4285 in
1180 4225 1220 4299 ri,
1238 4226 1275 4295 0⁰·
1310 4222 1390 4284 Dum
1413 4230 1515 4287 autem

170 4313 257 4375 Luna
281 4311 373 4374 currit
398 4312 435 4373 ah
459 4315 485 4385 00
511 4312 540 4372 in
564 4306 614 4385 [],
639 4312 760 4375 libratio
790 4312 885 4375 centri
915 4312 1072 4375 eccentrici
1095 4314 1128 4375 lit
1150 4331 1204 4393 per
1225 4311 1293 4385 AB,
1317 4317 1424 4372 contra
1445 4310 1516 4376 dum

168 4404 194 4474 h
220 4402 286 4463 ita
308 4394 344 4465 [l
359 4395 394 4464 [J
417 4401 447 4463 in
471 4405 497 4474 00
521 4401 570 4461 vel
586 4405 624 4478 ό,
648 4402 768 4465 libratio
792 4404 827 4464 lit
847 4420 902 4482 per
923 4402 992 4464 AI).
1039 4401 1089 4464 Sit
1109 4404 1135 4474 J)
1161 4402 1234 4473 in0⁰
1259 4418 1326 4462 cum
1349 4398 1433 4475 Sole,
1458 4402 1516 4465 erit

168 4499 302 4554 centrum
326 4489 485 4553 eccentrici
501 4490 532 4551 in
548 4489 584 4563 Ε,
606 4490 693 4553 Luna
708 4491 881 4572 egrediente
895 4490 926 4552 in
942 4482 986 4564 U,
1010 4491 1068 4552 crit
1089 4492 1118 4552 in
1134 4493 1174 4564 A,
1199 4490 1253 4551 sed
1270 4488 1357 4552 Luna
1373 4489 1514 4554 veniente

168 4580 198 4644 in
223 4580 260 4657 C,
285 4580 344 4642 erit
366 4588 500 4642 centrum
524 4579 683 4641 eccentrici
706 4579 737 4641 in
759 4582 798 4643 D.
843 4579 1068 4643 Dimensioncm
1092 4581 1223 4649 noudum
1244 4597 1368 4659 possum
1391 4576 1514 4649 addam.

168 4672 240 4733 Non
255 4677 419 4732 esttamen
442 4676 538 4741 tauta,
562 4675 596 4729 ut
611 4676 708 4731 totum
730 4668 917 4750 aequationis
939 4668 1088 4731 maximae
1104 4670 1135 4731 in
1151 4668 1342 4751 quadraturis
1356 4686 1515 4733 excessum

169 4759 352 4831 absorbeat,
382 4777 437 4819 uec
461 4758 539 4819 enim
569 4757 650 4820 ultra
674 4755 725 4821 le‘
758 4757 849 4820 debet
878 4757 996 4819 inferre.
1043 4760 1109 4822 Hoc
1131 4757 1219 4820 modo
1243 4759 1277 4819 fit
1298 4757 1397 4819 ovalis
1418 4760 1515 4842 ligura

733 4876 738 4910 l

346 2144 399 2210 rig.
419 2139 444 2192 0.
