<?xml version="1.0" encoding="UTF-8"?>
<!DOCTYPE html PUBLIC "-//W3C//DTD XHTML 1.0 Transitional//EN"
    "http://www.w3.org/TR/xhtml1/DTD/xhtml1-transitional.dtd">
<html xmlns="http://www.w3.org/1999/xhtml" xml:lang="en" lang="en">
 <head>
  <title>
</title>
<meta http-equiv="Content-Type" content="text/html;charset=utf-8" />
  <meta name='ocr-system' content='tesseract 3.04.00' />
  <meta name='ocr-capabilities' content='ocr_page ocr_carea ocr_par ocr_line ocrx_word'/>
</head>
<body>
  <div class='ocr_page' id='page_1' title='image "./joanniskepleria14frisgoog_0309.png"; bbox 0 0 3354 5504; ppageno 0'>
   <div class='ocr_carea' id='block_1_1' title="bbox 588 264 1591 370">
    <p class='ocr_par' dir='ltr' id='par_1_1' title="bbox 588 264 1591 370">
     <span class='ocr_line' id='line_1_1' title="bbox 588 264 1591 370; baseline 0 -21"><span class='ocrx_word' id='word_1_1' title='bbox 588 297 651 349; x_wconf 72' lang='lat' dir='ltr'>rm</span> <span class='ocrx_word' id='word_1_2' title='bbox 667 298 759 350; x_wconf 65' lang='lat' dir='ltr'>raon.</span> <span class='ocrx_word' id='word_1_3' title='bbox 797 297 878 365; x_wconf 67' lang='lat' dir='ltr'>capue</span> <span class='ocrx_word' id='word_1_4' title='bbox 895 299 1006 352; x_wconf 80' lang='lat' dir='ltr'>xxxiv.</span> <span class='ocrx_word' id='word_1_5' title='bbox 1407 299 1473 370; x_wconf 70' lang='lat'>³05</span> <span class='ocrx_word' id='word_1_6' title='bbox 1581 264 1591 349; x_wconf 72' lang='lat'>².</span> 
     </span>
    </p>
   </div>
   <div class='ocr_carea' id='block_1_2' title="bbox 128 473 1590 2711">
    <p class='ocr_par' dir='ltr' id='par_1_2' title="bbox 129 473 1509 1367">
     <span class='ocr_line' id='line_1_2' title="bbox 129 473 1471 562; baseline 0.007 -24"><span class='ocrx_word' id='word_1_7' title='bbox 129 475 225 538; x_wconf 90' lang='lat' dir='ltr'>oculos</span> <span class='ocrx_word' id='word_1_8' title='bbox 249 477 315 556; x_wconf 87' lang='lat' dir='ltr'>ejus</span> <span class='ocrx_word' id='word_1_9' title='bbox 339 473 457 553; x_wconf 66' lang='lat' dir='ltr'>vident}</span> <span class='ocrx_word' id='word_1_10' title='bbox 490 479 540 559; x_wconf 94' lang='lat' dir='ltr'>qui</span> <span class='ocrx_word' id='word_1_11' title='bbox 564 498 635 540; x_wconf 91' lang='lat' dir='ltr'>vero</span> <span class='ocrx_word' id='word_1_12' title='bbox 658 479 836 561; x_wconf 84' lang='lat' dir='ltr'>postillam</span> <span class='ocrx_word' id='word_1_13' title='bbox 859 486 958 554; x_wconf 89' lang='lat' dir='ltr'>stant,</span> <span class='ocrx_word' id='word_1_14' title='bbox 988 479 1140 542; x_wconf 88' lang='lat' dir='ltr'>oculomm</span> <span class='ocrx_word' id='word_1_15' title='bbox 1163 479 1230 560; x_wconf 88' lang='lat' dir='ltr'>ejus</span> <span class='ocrx_word' id='word_1_16' title='bbox 1252 487 1377 562; x_wconf 80' lang='lat' dir='ltr'>aspectu</span> <span class='ocrx_word' id='word_1_17' title='bbox 1398 486 1471 548; x_wconf 74' lang='lat' dir='ltr'>mcc</span> 
     </span>
     <span class='ocr_line' id='line_1_3' title="bbox 129 567 1468 652; baseline 0.006 -24"><span class='ocrx_word' id='word_1_18' title='bbox 129 572 232 629; x_wconf 78' lang='lat' dir='ltr'>carent.</span> <span class='ocrx_word' id='word_1_19' title='bbox 288 567 334 629; x_wconf 84' lang='lat' dir='ltr'>At</span> <span class='ocrx_word' id='word_1_20' title='bbox 365 588 433 630; x_wconf 89' lang='lat' dir='ltr'>sese</span> <span class='ocrx_word' id='word_1_21' title='bbox 470 577 649 630; x_wconf 85' lang='lat' dir='ltr'>convertens</span> <span class='ocrx_word' id='word_1_22' title='bbox 686 570 858 633; x_wconf 80' lang='lat' dir='ltr'><strong>circumfert</strong></span> <span class='ocrx_word' id='word_1_23' title='bbox 898 568 1002 631; x_wconf 90' lang='lat' dir='ltr'>oculos</span> <span class='ocrx_word' id='word_1_24' title='bbox 1035 569 1073 631; x_wconf 76' lang='lat' dir='ltr'>dd</span> <span class='ocrx_word' id='word_1_25' title='bbox 1103 568 1262 632; x_wconf 81' lang='lat' dir='ltr'>universos</span> <span class='ocrx_word' id='word_1_26' title='bbox 1291 568 1323 633; x_wconf 93' lang='lat' dir='ltr'>in</span> <span class='ocrx_word' id='word_1_27' title='bbox 1356 571 1468 652; x_wconf 86' lang='lat' dir='ltr'>orbem,</span> 
     </span>
     <span class='ocr_line' id='line_1_4' title="bbox 129 655 1468 740; baseline 0.005 -21"><span class='ocrx_word' id='word_1_28' title='bbox 129 674 222 719; x_wconf 80' lang='lat' dir='ltr'>&gt;mnes</span> <span class='ocrx_word' id='word_1_29' title='bbox 247 655 339 735; x_wconf 89' lang='lat' dir='ltr'>igitur</span> <span class='ocrx_word' id='word_1_30' title='bbox 367 677 507 719; x_wconf 90' lang='lat' dir='ltr'>successu</span> <span class='ocrx_word' id='word_1_31' title='bbox 535 659 706 720; x_wconf 89' lang='lat' dir='ltr'>brevissimi</span> <span class='ocrx_word' id='word_1_32' title='bbox 729 658 873 740; x_wconf 89' lang='lat' dir='ltr'>temporis</span> <span class='ocrx_word' id='word_1_33' title='bbox 893 660 958 738; x_wconf 89' lang='lat' dir='ltr'>ejus</span> <span class='ocrx_word' id='word_1_34' title='bbox 982 659 1135 723; x_wconf 86' lang='lat' dir='ltr'>oculorum</span> <span class='ocrx_word' id='word_1_35' title='bbox 1157 666 1282 740; x_wconf 90' lang='lat' dir='ltr'>aspectu</span> <span class='ocrx_word' id='word_1_36' title='bbox 1305 659 1468 740; x_wconf 71' lang='lat' dir='ltr'>potiuntur.</span> 
     </span>
     <span class='ocr_line' id='line_1_5' title="bbox 129 744 1509 830; baseline 0.004 -22"><span class='ocrx_word' id='word_1_37' title='bbox 129 744 164 808; x_wconf 77' lang='lat' dir='ltr'>at</span> <span class='ocrx_word' id='word_1_38' title='bbox 184 745 341 826; x_wconf 88' lang='lat' dir='ltr'>potiuntur</span> <span class='ocrx_word' id='word_1_39' title='bbox 364 766 417 826; x_wconf 91' lang='lat' dir='ltr'>per</span> <span class='ocrx_word' id='word_1_40' title='bbox 440 767 595 810; x_wconf 87' lang='lat' dir='ltr'>accessum</span> <span class='ocrx_word' id='word_1_41' title='bbox 618 749 734 810; x_wconf 89' lang='lat' dir='ltr'>luculae</span> <span class='ocrx_word' id='word_1_42' title='bbox 759 769 810 811; x_wconf 89' lang='lat' dir='ltr'>seu</span> <span class='ocrx_word' id='word_1_43' title='bbox 841 748 953 830; x_wconf 87' lang='lat' dir='ltr'>speciei</span> <span class='ocrx_word' id='word_1_44' title='bbox 976 748 1085 810; x_wconf 91' lang='lat' dir='ltr'>coloris</span> <span class='ocrx_word' id='word_1_45' title='bbox 1109 748 1146 809; x_wconf 90' lang='lat' dir='ltr'>ab</span> <span class='ocrx_word' id='word_1_46' title='bbox 1171 748 1264 810; x_wconf 90' lang='lat' dir='ltr'>oculis</span> <span class='ocrx_word' id='word_1_47' title='bbox 1287 751 1416 812; x_wconf 88' lang='lat' dir='ltr'>oratoris</span> <span class='ocrx_word' id='word_1_48' title='bbox 1438 752 1470 814; x_wconf 91' lang='lat' dir='ltr'>iu</span> <span class='ocrx_word' id='word_1_49' title='bbox 1503 745 1509 758; x_wconf 84' lang='lat'>&#39;</span> 
     </span>
     <span class='ocr_line' id='line_1_6' title="bbox 129 834 1470 919; baseline 0.004 -22"><span class='ocrx_word' id='word_1_50' title='bbox 129 834 224 897; x_wconf 78' lang='lat' dir='ltr'>rculos</span> <span class='ocrx_word' id='word_1_51' title='bbox 258 838 458 915; x_wconf 78' lang='lat' dir='ltr'>spectantium</span> <span class='ocrx_word' id='word_1_52' title='bbox 489 837 641 918; x_wconf 83' lang='lat' dir='ltr'>delapsae.</span> <span class='ocrx_word' id='word_1_53' title='bbox 687 839 769 918; x_wconf 85' lang='lat' dir='ltr'>Ergo</span> <span class='ocrx_word' id='word_1_54' title='bbox 808 839 1019 901; x_wconf 85' lang='lat' dir='ltr'>circumferens</span> <span class='ocrx_word' id='word_1_55' title='bbox 1058 838 1162 901; x_wconf 91' lang='lat' dir='ltr'>oculos</span> <span class='ocrx_word' id='word_1_56' title='bbox 1200 838 1232 900; x_wconf 92' lang='lat' dir='ltr'>iu</span> <span class='ocrx_word' id='word_1_57' title='bbox 1258 847 1388 919; x_wconf 81' lang='lat' dir='ltr'>angusto</span> <span class='ocrx_word' id='word_1_58' title='bbox 1416 840 1470 903; x_wconf 90' lang='lat' dir='ltr'>illo</span> 
     </span>
     <span class='ocr_line' id='line_1_7' title="bbox 129 923 1470 1006; baseline 0.005 -21"><span class='ocrx_word' id='word_1_59' title='bbox 129 923 231 1005; x_wconf 75' lang='lat' dir='ltr'>patio,</span> <span class='ocrx_word' id='word_1_60' title='bbox 255 924 286 985; x_wconf 95' lang='lat' dir='ltr'>in</span> <span class='ocrx_word' id='word_1_61' title='bbox 305 944 363 1006; x_wconf 93' lang='lat' dir='ltr'>quo</span> <span class='ocrx_word' id='word_1_62' title='bbox 378 935 469 1006; x_wconf 90' lang='lat' dir='ltr'>caput</span> <span class='ocrx_word' id='word_1_63' title='bbox 491 927 556 1005; x_wconf 91' lang='lat' dir='ltr'>ejus</span> <span class='ocrx_word' id='word_1_64' title='bbox 571 928 750 989; x_wconf 91' lang='lat' dir='ltr'>collocatum</span> <span class='ocrx_word' id='word_1_65' title='bbox 772 936 830 1003; x_wconf 87' lang='lat' dir='ltr'>est,</span> <span class='ocrx_word' id='word_1_66' title='bbox 852 947 913 990; x_wconf 90' lang='lat' dir='ltr'>uua</span> <span class='ocrx_word' id='word_1_67' title='bbox 928 928 1099 990; x_wconf 82' lang='lat' dir='ltr'>circumfert</span> <span class='ocrx_word' id='word_1_68' title='bbox 1121 927 1239 989; x_wconf 92' lang='lat' dir='ltr'>luculae</span> <span class='ocrx_word' id='word_1_69' title='bbox 1261 926 1344 991; x_wconf 88' lang='lat' dir='ltr'>illius</span> <span class='ocrx_word' id='word_1_70' title='bbox 1367 928 1470 993; x_wconf 81' lang='lat' dir='ltr'>radios</span> 
     </span>
     <span class='ocr_line' id='line_1_8' title="bbox 129 1013 1470 1100; baseline 0.007 -27"><span class='ocrx_word' id='word_1_71' title='bbox 129 1032 148 1074; x_wconf 90' lang='lat' dir='ltr'>n</span> <span class='ocrx_word' id='word_1_72' title='bbox 175 1013 365 1094; x_wconf 90' lang='lat' dir='ltr'>amplissimo</span> <span class='ocrx_word' id='word_1_73' title='bbox 397 1014 450 1077; x_wconf 95' lang='lat' dir='ltr'>illo</span> <span class='ocrx_word' id='word_1_74' title='bbox 482 1017 570 1091; x_wconf 91' lang='lat' dir='ltr'>orbe,</span> <span class='ocrx_word' id='word_1_75' title='bbox 603 1017 633 1077; x_wconf 92' lang='lat' dir='ltr'>in</span> <span class='ocrx_word' id='word_1_76' title='bbox 657 1037 743 1098; x_wconf 92' lang='lat' dir='ltr'>quem</span> <span class='ocrx_word' id='word_1_77' title='bbox 771 1022 974 1099; x_wconf 90' lang='lat' dir='ltr'>spectatorum</span> <span class='ocrx_word' id='word_1_78' title='bbox 1003 1017 1081 1079; x_wconf 92' lang='lat' dir='ltr'>oculi</span> <span class='ocrx_word' id='word_1_79' title='bbox 1112 1015 1305 1079; x_wconf 82' lang='lat' dir='ltr'><strong>circumcirca</strong></span> <span class='ocrx_word' id='word_1_80' title='bbox 1328 1016 1470 1100; x_wconf 78' lang='lat' dir='ltr'><strong>dispositi</strong></span> 
     </span>
     <span class='ocr_line' id='line_1_9' title="bbox 129 1103 1470 1189; baseline 0.007 -26"><span class='ocrx_word' id='word_1_81' title='bbox 129 1109 198 1164; x_wconf 81' lang='lat' dir='ltr'>mut</span> <span class='ocrx_word' id='word_1_82' title='bbox 236 1103 306 1165; x_wconf 81' lang='lat' dir='ltr'>Nisi</span> <span class='ocrx_word' id='word_1_83' title='bbox 330 1124 358 1165; x_wconf 92' lang='lat' dir='ltr'>u.</span> <span class='ocrx_word' id='word_1_84' title='bbox 383 1125 442 1166; x_wconf 91' lang='lat' dir='ltr'>una</span> <span class='ocrx_word' id='word_1_85' title='bbox 458 1106 627 1168; x_wconf 88' lang='lat' dir='ltr'>circumiret</span> <span class='ocrx_word' id='word_1_86' title='bbox 649 1106 749 1168; x_wconf 89' lang='lat' dir='ltr'>lucula</span> <span class='ocrx_word' id='word_1_87' title='bbox 771 1107 835 1181; x_wconf 90' lang='lat' dir='ltr'>illa,</span> <span class='ocrx_word' id='word_1_88' title='bbox 859 1114 1046 1186; x_wconf 78' lang='lat' dir='ltr'>spectatores</span> <span class='ocrx_word' id='word_1_89' title='bbox 1070 1106 1135 1187; x_wconf 90' lang='lat' dir='ltr'>ejus</span> <span class='ocrx_word' id='word_1_90' title='bbox 1152 1106 1305 1169; x_wconf 90' lang='lat' dir='ltr'>oculorum</span> <span class='ocrx_word' id='word_1_91' title='bbox 1327 1114 1470 1189; x_wconf 87' lang='lat' dir='ltr'>aspectus</span> 
     </span>
     <span class='ocr_line' id='line_1_10' title="bbox 129 1193 1470 1277; baseline 0.004 -24"><span class='ocrx_word' id='word_1_92' title='bbox 129 1211 176 1254; x_wconf 90' lang='lat' dir='ltr'>ron</span> <span class='ocrx_word' id='word_1_93' title='bbox 199 1193 309 1254; x_wconf 85' lang='lat' dir='ltr'>fierent</span> <span class='ocrx_word' id='word_1_94' title='bbox 331 1195 504 1275; x_wconf 90' lang='lat' dir='ltr'>participes.</span> <span class='ocrx_word' id='word_1_95' title='bbox 540 1196 597 1257; x_wconf 90' lang='lat' dir='ltr'>Hic</span> <span class='ocrx_word' id='word_1_96' title='bbox 617 1196 702 1258; x_wconf 80' lang='lat' dir='ltr'>vides</span> <span class='ocrx_word' id='word_1_97' title='bbox 725 1198 894 1269; x_wconf 88' lang='lat' dir='ltr'>manifeste,</span> <span class='ocrx_word' id='word_1_98' title='bbox 919 1196 1050 1277; x_wconf 88' lang='lat' dir='ltr'>speciem</span> <span class='ocrx_word' id='word_1_99' title='bbox 1064 1194 1297 1258; x_wconf 87' lang='lat' dir='ltr'>immateriatam</span> <span class='ocrx_word' id='word_1_100' title='bbox 1319 1195 1397 1259; x_wconf 86' lang='lat' dir='ltr'>lucis</span> <span class='ocrx_word' id='word_1_101' title='bbox 1419 1195 1470 1260; x_wconf 91' lang='lat' dir='ltr'>vel</span> 
     </span>
     <span class='ocr_line' id='line_1_11' title="bbox 129 1279 1468 1367; baseline 0.004 -25"><span class='ocrx_word' id='word_1_102' title='bbox 129 1279 304 1344; x_wconf 86' lang='lat' dir='ltr'>:ircumferri</span> <span class='ocrx_word' id='word_1_103' title='bbox 320 1284 367 1344; x_wconf 88' lang='lat' dir='ltr'>vel</span> <span class='ocrx_word' id='word_1_104' title='bbox 387 1293 479 1359; x_wconf 89' lang='lat' dir='ltr'>stare,</span> <span class='ocrx_word' id='word_1_105' title='bbox 503 1304 562 1345; x_wconf 90' lang='lat' dir='ltr'>uua</span> <span class='ocrx_word' id='word_1_106' title='bbox 578 1305 644 1347; x_wconf 91' lang='lat' dir='ltr'>cum</span> <span class='ocrx_word' id='word_1_107' title='bbox 662 1285 837 1348; x_wconf 88' lang='lat' dir='ltr'>circumlata</span> <span class='ocrx_word' id='word_1_108' title='bbox 851 1286 900 1346; x_wconf 94' lang='lat' dir='ltr'>vel</span> <span class='ocrx_word' id='word_1_109' title='bbox 920 1292 1019 1348; x_wconf 86' lang='lat' dir='ltr'>stante</span> <span class='ocrx_word' id='word_1_110' title='bbox 1035 1305 1067 1348; x_wconf 90' lang='lat' dir='ltr'>re</span> <span class='ocrx_word' id='word_1_111' title='bbox 1083 1306 1146 1360; x_wconf 89' lang='lat' dir='ltr'>sua,</span> <span class='ocrx_word' id='word_1_112' title='bbox 1171 1284 1255 1365; x_wconf 90' lang='lat' dir='ltr'>cujus</span> <span class='ocrx_word' id='word_1_113' title='bbox 1270 1291 1317 1346; x_wconf 87' lang='lat' dir='ltr'>est</span> <span class='ocrx_word' id='word_1_114' title='bbox 1340 1286 1468 1367; x_wconf 89' lang='lat' dir='ltr'>species.</span> 
     </span>
    </p>

    <p class='ocr_par' dir='ltr' id='par_1_3' title="bbox 128 1370 1535 1633">
     <span class='ocr_line' id='line_1_12' title="bbox 208 1370 1471 1456; baseline 0.002 -22"><span class='ocrx_word' id='word_1_115' title='bbox 208 1370 286 1434; x_wconf 87' lang='lat' dir='ltr'>Cum</span> <span class='ocrx_word' id='word_1_116' title='bbox 309 1373 410 1454; x_wconf 83' lang='lat' dir='ltr'>itaque</span> <span class='ocrx_word' id='word_1_117' title='bbox 435 1374 549 1453; x_wconf 88' lang='lat' dir='ltr'>species</span> <span class='ocrx_word' id='word_1_118' title='bbox 574 1375 680 1450; x_wconf 84' lang='lat' dir='ltr'>sontis,</span> <span class='ocrx_word' id='word_1_119' title='bbox 715 1395 767 1438; x_wconf 91' lang='lat' dir='ltr'>seu</span> <span class='ocrx_word' id='word_1_120' title='bbox 791 1376 886 1437; x_wconf 92' lang='lat' dir='ltr'>virtus</span> <span class='ocrx_word' id='word_1_121' title='bbox 909 1376 1049 1456; x_wconf 86' lang='lat' dir='ltr'>planetas</span> <span class='ocrx_word' id='word_1_122' title='bbox 1072 1393 1209 1450; x_wconf 91' lang='lat' dir='ltr'>movens,</span> <span class='ocrx_word' id='word_1_123' title='bbox 1242 1381 1366 1456; x_wconf 81' lang='lat' dir='ltr'>gyretur</span> <span class='ocrx_word' id='word_1_124' title='bbox 1389 1374 1471 1438; x_wconf 90' lang='lat' dir='ltr'>circa</span> 
     </span>
     <span class='ocr_line' id='line_1_13' title="bbox 129 1462 1535 1548; baseline 0.003 -27"><span class='ocrx_word' id='word_1_125' title='bbox 129 1468 254 1522; x_wconf 82' lang='lat' dir='ltr'>:autrum</span> <span class='ocrx_word' id='word_1_126' title='bbox 269 1463 381 1537; x_wconf 88' lang='lat' dir='ltr'>mundi,</span> <span class='ocrx_word' id='word_1_127' title='bbox 396 1482 458 1524; x_wconf 89' lang='lat' dir='ltr'>rem</span> <span class='ocrx_word' id='word_1_128' title='bbox 473 1465 569 1544; x_wconf 85' lang='lat' dir='ltr'>ipsam</span> <span class='ocrx_word' id='word_1_129' title='bbox 584 1484 709 1546; x_wconf 90' lang='lat' dir='ltr'>quoque,</span> <span class='ocrx_word' id='word_1_130' title='bbox 734 1466 818 1545; x_wconf 87' lang='lat' dir='ltr'>cujus</span> <span class='ocrx_word' id='word_1_131' title='bbox 839 1471 887 1527; x_wconf 90' lang='lat' dir='ltr'>est</span> <span class='ocrx_word' id='word_1_132' title='bbox 906 1462 1033 1545; x_wconf 84' lang='lat' dir='ltr'>species,</span> <span class='ocrx_word' id='word_1_133' title='bbox 1056 1463 1178 1528; x_wconf 90' lang='lat' dir='ltr'>Solem</span> <span class='ocrx_word' id='word_1_134' title='bbox 1200 1482 1305 1545; x_wconf 91' lang='lat' dir='ltr'>nempe</span> <span class='ocrx_word' id='word_1_135' title='bbox 1328 1465 1467 1548; x_wconf 81' lang='lat' dir='ltr'>gyrari,</span> <span class='ocrx_word' id='word_1_136' title='bbox 1529 1502 1535 1525; x_wconf 51' lang='grc' dir='ltr'><strong>ς</strong></span> 
     </span>
     <span class='ocr_line' id='line_1_14' title="bbox 128 1550 1469 1633; baseline 0.001 -21"><span class='ocrx_word' id='word_1_137' title='bbox 128 1569 173 1613; x_wconf 86' lang='lat' dir='ltr'>roc</span> <span class='ocrx_word' id='word_1_138' title='bbox 191 1550 259 1631; x_wconf 90' lang='lat' dir='ltr'>jam</span> <span class='ocrx_word' id='word_1_139' title='bbox 283 1551 364 1614; x_wconf 92' lang='lat' dir='ltr'>dicto</span> <span class='ocrx_word' id='word_1_140' title='bbox 387 1555 524 1633; x_wconf 87' lang='lat' dir='ltr'>exemplo</span> <span class='ocrx_word' id='word_1_141' title='bbox 548 1573 607 1615; x_wconf 93' lang='lat' dir='ltr'>uon</span> <span class='ocrx_word' id='word_1_142' title='bbox 630 1555 757 1616; x_wconf 85' lang='lat' dir='ltr'>absurde</span> <span class='ocrx_word' id='word_1_143' title='bbox 781 1554 936 1617; x_wconf 92' lang='lat' dir='ltr'>concludo.</span> <span class='ocrx_word' id='word_1_144' title='bbox 1461 1591 1469 1614; x_wconf 87' lang='lat'>.</span> 
     </span>
    </p>

    <p class='ocr_par' dir='ltr' id='par_1_4' title="bbox 129 1637 1590 2711">
     <span class='ocr_line' id='line_1_15' title="bbox 207 1637 1590 1724; baseline 0.004 -23"><span class='ocrx_word' id='word_1_145' title='bbox 207 1639 355 1711; x_wconf 84' lang='lat' dir='ltr'>Quamvis</span> <span class='ocrx_word' id='word_1_146' title='bbox 371 1649 402 1703; x_wconf 89' lang='lat' dir='ltr'>et</span> <span class='ocrx_word' id='word_1_147' title='bbox 423 1643 481 1704; x_wconf 89' lang='lat' dir='ltr'>hoc</span> <span class='ocrx_word' id='word_1_148' title='bbox 505 1651 681 1722; x_wconf 86' lang='lat' dir='ltr'>argumento</span> <span class='ocrx_word' id='word_1_149' title='bbox 705 1643 784 1706; x_wconf 89' lang='lat' dir='ltr'>idem</span> <span class='ocrx_word' id='word_1_150' title='bbox 803 1644 958 1719; x_wconf 88' lang='lat' dir='ltr'>evincitur,</span> <span class='ocrx_word' id='word_1_151' title='bbox 982 1643 1062 1724; x_wconf 93' lang='lat' dir='ltr'>quod</span> <span class='ocrx_word' id='word_1_152' title='bbox 1083 1649 1182 1705; x_wconf 89' lang='lat' dir='ltr'>motus</span> <span class='ocrx_word' id='word_1_153' title='bbox 1204 1641 1312 1704; x_wconf 87' lang='lat' dir='ltr'>localis</span> <span class='ocrx_word' id='word_1_154' title='bbox 1334 1647 1367 1705; x_wconf 90' lang='lat' dir='ltr'>et</span> <span class='ocrx_word' id='word_1_155' title='bbox 1387 1647 1468 1705; x_wconf 87' lang='lat' dir='ltr'>tem·</span> <span class='ocrx_word' id='word_1_156' title='bbox 1582 1637 1590 1654; x_wconf 81' lang='grc'><strong><em>’</em></strong></span> 
     </span>
     <span class='ocr_line' id='line_1_16' title="bbox 129 1729 1467 1815; baseline 0.001 -23"><span class='ocrx_word' id='word_1_157' title='bbox 129 1729 181 1792; x_wconf 80' lang='lat' dir='ltr'>›ori</span> <span class='ocrx_word' id='word_1_158' title='bbox 210 1729 350 1792; x_wconf 89' lang='lat' dir='ltr'>subditus</span> <span class='ocrx_word' id='word_1_159' title='bbox 380 1732 482 1813; x_wconf 88' lang='lat' dir='ltr'>nequit</span> <span class='ocrx_word' id='word_1_160' title='bbox 510 1742 679 1813; x_wconf 86' lang='lat' dir='ltr'>competere</span> <span class='ocrx_word' id='word_1_161' title='bbox 711 1735 897 1815; x_wconf 76' lang='lat' dir='ltr'>inspeciem</span> <span class='ocrx_word' id='word_1_162' title='bbox 925 1733 1157 1796; x_wconf 89' lang='lat' dir='ltr'>immateriatam</span> <span class='ocrx_word' id='word_1_163' title='bbox 1180 1732 1304 1806; x_wconf 87' lang='lat' dir='ltr'>nudam,</span> <span class='ocrx_word' id='word_1_164' title='bbox 1335 1738 1370 1794; x_wconf 89' lang='lat' dir='ltr'>ut</span> <span class='ocrx_word' id='word_1_165' title='bbox 1390 1750 1467 1815; x_wconf 87' lang='lat' dir='ltr'>quae</span> 
     </span>
     <span class='ocr_line' id='line_1_17' title="bbox 129 1818 1468 1904; baseline 0 -22"><span class='ocrx_word' id='word_1_166' title='bbox 129 1826 218 1882; x_wconf 89' lang='lat' dir='ltr'>notus</span> <span class='ocrx_word' id='word_1_167' title='bbox 241 1818 321 1881; x_wconf 89' lang='lat' dir='ltr'>illati</span> <span class='ocrx_word' id='word_1_168' title='bbox 343 1821 517 1902; x_wconf 87' lang='lat' dir='ltr'>passionem</span> <span class='ocrx_word' id='word_1_169' title='bbox 539 1823 672 1903; x_wconf 88' lang='lat' dir='ltr'>recipere</span> <span class='ocrx_word' id='word_1_170' title='bbox 695 1824 811 1904; x_wconf 87' lang='lat' dir='ltr'>nequit,</span> <span class='ocrx_word' id='word_1_171' title='bbox 845 1823 904 1886; x_wconf 84' lang='lat' dir='ltr'>nisi</span> <span class='ocrx_word' id='word_1_172' title='bbox 928 1824 1030 1897; x_wconf 90' lang='lat' dir='ltr'>simul,</span> <span class='ocrx_word' id='word_1_173' title='bbox 1062 1829 1097 1884; x_wconf 94' lang='lat' dir='ltr'>ut</span> <span class='ocrx_word' id='word_1_174' title='bbox 1119 1820 1215 1884; x_wconf 91' lang='lat' dir='ltr'>virtus</span> <span class='ocrx_word' id='word_1_175' title='bbox 1241 1822 1317 1882; x_wconf 89' lang='lat' dir='ltr'>baec</span> <span class='ocrx_word' id='word_1_176' title='bbox 1338 1821 1468 1884; x_wconf 87' lang='lat' dir='ltr'>materia</span> 
     </span>
     <span class='ocr_line' id='line_1_18' title="bbox 129 1909 1468 1995; baseline 0.002 -26"><span class='ocrx_word' id='word_1_177' title='bbox 129 1918 309 1991; x_wconf 72' lang='lat' dir='ltr'>peccaret,</span> <span class='ocrx_word' id='word_1_178' title='bbox 342 1910 385 1972; x_wconf 91' lang='lat' dir='ltr'>sic</span> <span class='ocrx_word' id='word_1_179' title='bbox 416 1919 514 1973; x_wconf 85' lang='lat' dir='ltr'>motus</span> <span class='ocrx_word' id='word_1_180' title='bbox 538 1931 653 1995; x_wconf 91' lang='lat' dir='ltr'>quoque</span> <span class='ocrx_word' id='word_1_181' title='bbox 682 1921 820 1994; x_wconf 89' lang='lat' dir='ltr'>receptus</span> <span class='ocrx_word' id='word_1_182' title='bbox 850 1922 985 1994; x_wconf 88' lang='lat' dir='ltr'>tempore</span> <span class='ocrx_word' id='word_1_183' title='bbox 1009 1918 1121 1973; x_wconf 90' lang='lat' dir='ltr'>careat.</span> <span class='ocrx_word' id='word_1_184' title='bbox 1169 1911 1245 1975; x_wconf 80' lang='lat' dir='ltr'>Cum</span> <span class='ocrx_word' id='word_1_185' title='bbox 1273 1929 1344 1992; x_wconf 83' lang='lat' dir='ltr'>ergo</span> <span class='ocrx_word' id='word_1_186' title='bbox 1370 1909 1468 1973; x_wconf 86' lang='lat' dir='ltr'>virtus</span> 
     </span>
     <span class='ocr_line' id='line_1_19' title="bbox 129 1998 1468 2085; baseline 0.001 -24"><span class='ocrx_word' id='word_1_187' title='bbox 129 2006 176 2061; x_wconf 83' lang='lat' dir='ltr'>sta</span> <span class='ocrx_word' id='word_1_188' title='bbox 189 2017 318 2061; x_wconf 89' lang='lat' dir='ltr'>movens</span> <span class='ocrx_word' id='word_1_189' title='bbox 337 1999 492 2063; x_wconf 90' lang='lat' dir='ltr'>circumire</span> <span class='ocrx_word' id='word_1_190' title='bbox 505 2002 634 2081; x_wconf 89' lang='lat' dir='ltr'>probata</span> <span class='ocrx_word' id='word_1_191' title='bbox 652 2002 702 2077; x_wconf 89' lang='lat' dir='ltr'>sit,</span> <span class='ocrx_word' id='word_1_192' title='bbox 726 2022 820 2085; x_wconf 90' lang='lat' dir='ltr'>neque</span> <span class='ocrx_word' id='word_1_193' title='bbox 838 2011 938 2064; x_wconf 88' lang='lat' dir='ltr'>tamen</span> <span class='ocrx_word' id='word_1_194' title='bbox 962 2001 1094 2063; x_wconf 87' lang='lat' dir='ltr'>infinitae</span> <span class='ocrx_word' id='word_1_195' title='bbox 1107 1999 1207 2082; x_wconf 90' lang='lat' dir='ltr'>possit</span> <span class='ocrx_word' id='word_1_196' title='bbox 1220 2001 1344 2064; x_wconf 84' lang='lat' dir='ltr'>concedi</span> <span class='ocrx_word' id='word_1_197' title='bbox 1358 1998 1468 2063; x_wconf 86' lang='lat' dir='ltr'>celeri-</span> 
     </span>
     <span class='ocr_line' id='line_1_20' title="bbox 129 2087 1468 2171; baseline 0.001 -21"><span class='ocrx_word' id='word_1_198' title='bbox 129 2087 189 2151; x_wconf 84' lang='lat' dir='ltr'>atis</span> <span class='ocrx_word' id='word_1_199' title='bbox 214 2088 377 2162; x_wconf 86' lang='lat' dir='ltr'>(infinitam</span> <span class='ocrx_word' id='word_1_200' title='bbox 400 2090 478 2152; x_wconf 92' lang='lat' dir='ltr'>enim</span> <span class='ocrx_word' id='word_1_201' title='bbox 508 2098 579 2154; x_wconf 89' lang='lat' dir='ltr'>tunc</span> <span class='ocrx_word' id='word_1_202' title='bbox 602 2092 789 2154; x_wconf 86' lang='lat' dir='ltr'>celeritatem</span> <span class='ocrx_word' id='word_1_203' title='bbox 812 2093 903 2155; x_wconf 90' lang='lat' dir='ltr'>etiam</span> <span class='ocrx_word' id='word_1_204' title='bbox 926 2090 1100 2171; x_wconf 89' lang='lat' dir='ltr'>corporibus</span> <span class='ocrx_word' id='word_1_205' title='bbox 1122 2089 1253 2153; x_wconf 87' lang='lat' dir='ltr'>inditura</span> <span class='ocrx_word' id='word_1_206' title='bbox 1279 2089 1414 2164; x_wconf 88' lang='lat' dir='ltr'>videtur)</span> <span class='ocrx_word' id='word_1_207' title='bbox 1437 2098 1468 2152; x_wconf 90' lang='lat' dir='ltr'>et</span> 
     </span>
     <span class='ocr_line' id='line_1_21' title="bbox 129 2178 1466 2262; baseline -0.001 -22"><span class='ocrx_word' id='word_1_208' title='bbox 129 2179 180 2240; x_wconf 88' lang='lat' dir='ltr'>deo</span> <span class='ocrx_word' id='word_1_209' title='bbox 197 2178 229 2238; x_wconf 94' lang='lat' dir='ltr'>in</span> <span class='ocrx_word' id='word_1_210' title='bbox 245 2186 380 2258; x_wconf 89' lang='lat' dir='ltr'>tempore</span> <span class='ocrx_word' id='word_1_211' title='bbox 394 2180 495 2261; x_wconf 91' lang='lat' dir='ltr'>aliquo</span> <span class='ocrx_word' id='word_1_212' title='bbox 510 2181 688 2245; x_wconf 84' lang='lat' dir='ltr'>circumeat:</span> <span class='ocrx_word' id='word_1_213' title='bbox 715 2202 747 2244; x_wconf 90' lang='lat' dir='ltr'>se</span> <span class='ocrx_word' id='word_1_214' title='bbox 763 2183 830 2262; x_wconf 91' lang='lat' dir='ltr'>ipsa</span> <span class='ocrx_word' id='word_1_215' title='bbox 852 2183 943 2262; x_wconf 87' lang='lat' dir='ltr'>igitur</span> <span class='ocrx_word' id='word_1_216' title='bbox 965 2181 1043 2241; x_wconf 89' lang='lat' dir='ltr'>huuc</span> <span class='ocrx_word' id='word_1_217' title='bbox 1058 2186 1168 2241; x_wconf 90' lang='lat' dir='ltr'>motum</span> <span class='ocrx_word' id='word_1_218' title='bbox 1188 2179 1292 2261; x_wconf 91' lang='lat' dir='ltr'>nequit</span> <span class='ocrx_word' id='word_1_219' title='bbox 1313 2181 1466 2261; x_wconf 90' lang='lat' dir='ltr'>perlicere,</span> 
     </span>
     <span class='ocr_line' id='line_1_22' title="bbox 129 2266 1468 2352; baseline -0.001 -22"><span class='ocrx_word' id='word_1_220' title='bbox 129 2269 169 2330; x_wconf 74' lang='lat' dir='ltr'>ed</span> <span class='ocrx_word' id='word_1_221' title='bbox 193 2267 265 2328; x_wconf 91' lang='lat' dir='ltr'>ideo</span> <span class='ocrx_word' id='word_1_222' title='bbox 289 2266 386 2329; x_wconf 88' lang='lat' dir='ltr'>solum</span> <span class='ocrx_word' id='word_1_223' title='bbox 409 2271 522 2331; x_wconf 92' lang='lat' dir='ltr'>moveri</span> <span class='ocrx_word' id='word_1_224' title='bbox 546 2271 629 2332; x_wconf 89' lang='lat' dir='ltr'>illam</span> <span class='ocrx_word' id='word_1_225' title='bbox 653 2291 777 2333; x_wconf 90' lang='lat' dir='ltr'>necesse</span> <span class='ocrx_word' id='word_1_226' title='bbox 801 2280 858 2346; x_wconf 89' lang='lat' dir='ltr'>est,</span> <span class='ocrx_word' id='word_1_227' title='bbox 882 2272 952 2352; x_wconf 89' lang='lat' dir='ltr'>quia</span> <span class='ocrx_word' id='word_1_228' title='bbox 975 2288 1082 2351; x_wconf 90' lang='lat' dir='ltr'>corpus</span> <span class='ocrx_word' id='word_1_229' title='bbox 1106 2268 1171 2348; x_wconf 89' lang='lat' dir='ltr'>ejus</span> <span class='ocrx_word' id='word_1_230' title='bbox 1194 2290 1212 2329; x_wconf 92' lang='lat' dir='ltr'>a</span> <span class='ocrx_word' id='word_1_231' title='bbox 1235 2288 1293 2352; x_wconf 92' lang='lat' dir='ltr'>quo</span> <span class='ocrx_word' id='word_1_232' title='bbox 1318 2268 1468 2351; x_wconf 86' lang='lat' dir='ltr'>dependet</span> 
     </span>
     <span class='ocr_line' id='line_1_23' title="bbox 129 2358 1467 2441; baseline -0.001 -21"><span class='ocrx_word' id='word_1_233' title='bbox 129 2365 262 2420; x_wconf 89' lang='lat' dir='ltr'>novetur.</span> <span class='ocrx_word' id='word_1_234' title='bbox 308 2359 410 2439; x_wconf 88' lang='lat' dir='ltr'>Atque</span> <span class='ocrx_word' id='word_1_235' title='bbox 434 2359 540 2421; x_wconf 88' lang='lat' dir='ltr'>eodem</span> <span class='ocrx_word' id='word_1_236' title='bbox 563 2361 654 2422; x_wconf 88' lang='lat' dir='ltr'>etiam</span> <span class='ocrx_word' id='word_1_237' title='bbox 677 2370 852 2441; x_wconf 86' lang='lat' dir='ltr'>argumento</span> <span class='ocrx_word' id='word_1_238' title='bbox 875 2358 1118 2424; x_wconf 85' lang='lat' dir='ltr'>rectecoucludi</span> <span class='ocrx_word' id='word_1_239' title='bbox 1140 2358 1277 2433; x_wconf 91' lang='lat' dir='ltr'>videtur,</span> <span class='ocrx_word' id='word_1_240' title='bbox 1309 2377 1369 2419; x_wconf 91' lang='lat' dir='ltr'>non</span> <span class='ocrx_word' id='word_1_241' title='bbox 1398 2376 1467 2420; x_wconf 82' lang='lat' dir='ltr'>esse</span> 
     </span>
     <span class='ocr_line' id='line_1_24' title="bbox 129 2446 1467 2530; baseline 0 -20"><span class='ocrx_word' id='word_1_242' title='bbox 129 2447 350 2510; x_wconf 86' lang='lat' dir='ltr'>uunateriatum</span> <span class='ocrx_word' id='word_1_243' title='bbox 375 2447 527 2528; x_wconf 87' lang='lat' dir='ltr'>quippiam</span> <span class='ocrx_word' id='word_1_244' title='bbox 556 2450 636 2511; x_wconf 88' lang='lat' dir='ltr'>intra</span> <span class='ocrx_word' id='word_1_245' title='bbox 662 2451 796 2530; x_wconf 88' lang='lat' dir='ltr'>corporis</span> <span class='ocrx_word' id='word_1_246' title='bbox 820 2450 937 2513; x_wconf 89' lang='lat' dir='ltr'>Solaris</span> <span class='ocrx_word' id='word_1_247' title='bbox 964 2447 1125 2522; x_wconf 92' lang='lat' dir='ltr'>terminos,</span> <span class='ocrx_word' id='word_1_248' title='bbox 1158 2446 1243 2527; x_wconf 92' lang='lat' dir='ltr'>cujus</span> <span class='ocrx_word' id='word_1_249' title='bbox 1270 2446 1467 2510; x_wconf 86' lang='lat' dir='ltr'>conversione</span> 
     </span>
     <span class='ocr_line' id='line_1_25' title="bbox 130 2537 1468 2618; baseline 0 -19"><span class='ocrx_word' id='word_1_250' title='bbox 130 2537 204 2599; x_wconf 88' lang='lat' dir='ltr'>imul</span> <span class='ocrx_word' id='word_1_251' title='bbox 224 2544 418 2599; x_wconf 91' lang='lat' dir='ltr'>convertatur</span> <span class='ocrx_word' id='word_1_252' title='bbox 442 2538 557 2618; x_wconf 88' lang='lat' dir='ltr'>species</span> <span class='ocrx_word' id='word_1_253' title='bbox 580 2540 641 2601; x_wconf 89' lang='lat' dir='ltr'>ista</span> <span class='ocrx_word' id='word_1_254' title='bbox 655 2541 692 2601; x_wconf 91' lang='lat' dir='ltr'>ab</span> <span class='ocrx_word' id='word_1_255' title='bbox 717 2540 768 2602; x_wconf 95' lang='lat' dir='ltr'>illo</span> <span class='ocrx_word' id='word_1_256' title='bbox 793 2539 992 2601; x_wconf 88' lang='lat' dir='ltr'>immateriato</span> <span class='ocrx_word' id='word_1_257' title='bbox 1008 2537 1202 2599; x_wconf 86' lang='lat' dir='ltr'>descendeus.</span> <span class='ocrx_word' id='word_1_258' title='bbox 1240 2537 1373 2599; x_wconf 89' lang='lat' dir='ltr'>Rursum</span> <span class='ocrx_word' id='word_1_259' title='bbox 1388 2537 1468 2599; x_wconf 88' lang='lat' dir='ltr'>euim</span> 
     </span>
     <span class='ocr_line' id='line_1_26' title="bbox 129 2624 1467 2711; baseline -0.001 -22"><span class='ocrx_word' id='word_1_260' title='bbox 129 2624 321 2689; x_wconf 86' lang='lat' dir='ltr'>urmateriato</span> <span class='ocrx_word' id='word_1_261' title='bbox 345 2627 473 2706; x_wconf 88' lang='lat' dir='ltr'>cuipiam</span> <span class='ocrx_word' id='word_1_262' title='bbox 495 2628 603 2711; x_wconf 86' lang='lat' dir='ltr'>localis</span> <span class='ocrx_word' id='word_1_263' title='bbox 627 2637 726 2691; x_wconf 86' lang='lat' dir='ltr'>motus</span> <span class='ocrx_word' id='word_1_264' title='bbox 741 2648 807 2691; x_wconf 89' lang='lat' dir='ltr'>cum</span> <span class='ocrx_word' id='word_1_265' title='bbox 830 2624 963 2708; x_wconf 86' lang='lat' dir='ltr'>tempore</span> <span class='ocrx_word' id='word_1_266' title='bbox 986 2647 1044 2689; x_wconf 93' lang='lat' dir='ltr'>uon</span> <span class='ocrx_word' id='word_1_267' title='bbox 1068 2635 1148 2688; x_wconf 91' lang='lat' dir='ltr'>recte</span> <span class='ocrx_word' id='word_1_268' title='bbox 1172 2625 1320 2688; x_wconf 89' lang='lat' dir='ltr'>tribuitur.</span> <span class='ocrx_word' id='word_1_269' title='bbox 1357 2625 1467 2689; x_wconf 90' lang='lat' dir='ltr'>Relin-</span> 
     </span>
    </p>
   </div>
   <div class='ocr_carea' id='block_1_3' title="bbox 129 2714 1593 2800">
    <p class='ocr_par' dir='ltr' id='par_1_5' title="bbox 129 2714 1593 2800">
     <span class='ocr_line' id='line_1_27' title="bbox 129 2714 1593 2800; baseline -0.003 -22"><span class='ocrx_word' id='word_1_270' title='bbox 129 2716 216 2798; x_wconf 64' lang='lat' dir='ltr'>[uitur</span> <span class='ocrx_word' id='word_1_271' title='bbox 241 2714 342 2793; x_wconf 82' lang='lat' dir='ltr'>igitur,</span> <span class='ocrx_word' id='word_1_272' title='bbox 365 2723 400 2777; x_wconf 94' lang='lat' dir='ltr'>ut</span> <span class='ocrx_word' id='word_1_273' title='bbox 422 2736 529 2796; x_wconf 91' lang='lat' dir='ltr'>corpus</span> <span class='ocrx_word' id='word_1_274' title='bbox 553 2718 649 2798; x_wconf 90' lang='lat' dir='ltr'>ipsum</span> <span class='ocrx_word' id='word_1_275' title='bbox 664 2718 747 2781; x_wconf 83' lang='lat' dir='ltr'>Solis</span> <span class='ocrx_word' id='word_1_276' title='bbox 769 2720 858 2781; x_wconf 92' lang='lat' dir='ltr'>modo</span> <span class='ocrx_word' id='word_1_277' title='bbox 878 2717 1067 2799; x_wconf 89' lang='lat' dir='ltr'>supradicto</span> <span class='ocrx_word' id='word_1_278' title='bbox 1090 2722 1223 2800; x_wconf 84' lang='lat' dir='ltr'>gyratur,</span> <span class='ocrx_word' id='word_1_279' title='bbox 1246 2723 1278 2777; x_wconf 91' lang='lat' dir='ltr'>ot</span> <span class='ocrx_word' id='word_1_280' title='bbox 1299 2715 1378 2796; x_wconf 90' lang='lat' dir='ltr'>polis</span> <span class='ocrx_word' id='word_1_281' title='bbox 1393 2734 1467 2777; x_wconf 81' lang='lat' dir='ltr'>suae</span> <span class='ocrx_word' id='word_1_282' title='bbox 1584 2756 1593 2773; x_wconf 95' lang='lat'>.</span> 
     </span>
    </p>
   </div>
   <div class='ocr_carea' id='block_1_4' title="bbox 129 2804 1542 4499">
    <p class='ocr_par' dir='ltr' id='par_1_6' title="bbox 129 2804 1468 3069">
     <span class='ocr_line' id='line_1_28' title="bbox 129 2804 1468 2889; baseline -0.001 -21"><span class='ocrx_word' id='word_1_283' title='bbox 129 2804 324 2868; x_wconf 84' lang='lat' dir='ltr'>unversiouis</span> <span class='ocrx_word' id='word_1_284' title='bbox 349 2805 443 2877; x_wconf 89' lang='lat' dir='ltr'>(linea</span> <span class='ocrx_word' id='word_1_285' title='bbox 466 2824 503 2866; x_wconf 83' lang='lat' dir='ltr'>ex</span> <span class='ocrx_word' id='word_1_286' title='bbox 523 2816 625 2869; x_wconf 89' lang='lat' dir='ltr'>centro</span> <span class='ocrx_word' id='word_1_287' title='bbox 649 2808 781 2889; x_wconf 87' lang='lat' dir='ltr'>corporis</span> <span class='ocrx_word' id='word_1_288' title='bbox 804 2828 858 2889; x_wconf 90' lang='lat' dir='ltr'>per</span> <span class='ocrx_word' id='word_1_289' title='bbox 880 2808 949 2870; x_wconf 93' lang='lat' dir='ltr'>illos</span> <span class='ocrx_word' id='word_1_290' title='bbox 971 2807 1051 2868; x_wconf 88' lang='lat' dir='ltr'>inter</span> <span class='ocrx_word' id='word_1_291' title='bbox 1073 2806 1149 2868; x_wconf 80' lang='lat' dir='ltr'>lixas</span> <span class='ocrx_word' id='word_1_292' title='bbox 1173 2805 1296 2877; x_wconf 88' lang='lat' dir='ltr'>educta)</span> <span class='ocrx_word' id='word_1_293' title='bbox 1319 2812 1468 2867; x_wconf 88' lang='lat' dir='ltr'>monstret</span> 
     </span>
     <span class='ocr_line' id='line_1_29' title="bbox 129 2893 1467 2977; baseline 0 -20"><span class='ocrx_word' id='word_1_294' title='bbox 129 2894 202 2957; x_wconf 84' lang='lat' dir='ltr'>olus</span> <span class='ocrx_word' id='word_1_295' title='bbox 226 2893 354 2968; x_wconf 88' lang='lat' dir='ltr'>zodiaci,</span> <span class='ocrx_word' id='word_1_296' title='bbox 379 2895 490 2957; x_wconf 90' lang='lat' dir='ltr'>circulo</span> <span class='ocrx_word' id='word_1_297' title='bbox 508 2916 579 2958; x_wconf 92' lang='lat' dir='ltr'>vero</span> <span class='ocrx_word' id='word_1_298' title='bbox 604 2897 737 2977; x_wconf 90' lang='lat' dir='ltr'>corporis</span> <span class='ocrx_word' id='word_1_299' title='bbox 762 2898 807 2959; x_wconf 91' lang='lat' dir='ltr'>sui</span> <span class='ocrx_word' id='word_1_300' title='bbox 831 2897 961 2958; x_wconf 84' lang='lat' dir='ltr'>marimo</span> <span class='ocrx_word' id='word_1_301' title='bbox 976 2895 1157 2975; x_wconf 87' lang='lat' dir='ltr'>eclipticam,</span> <span class='ocrx_word' id='word_1_302' title='bbox 1181 2895 1344 2977; x_wconf 88' lang='lat' dir='ltr'>harumque</span> <span class='ocrx_word' id='word_1_303' title='bbox 1368 2913 1467 2957; x_wconf 87' lang='lat' dir='ltr'>rerum</span> 
     </span>
     <span class='ocr_line' id='line_1_30' title="bbox 129 2981 948 3069; baseline 0.002 -25"><span class='ocrx_word' id='word_1_304' title='bbox 129 2981 387 3069; x_wconf 71' lang='lat' dir='ltr'>stponomicarum</span> <span class='ocrx_word' id='word_1_305' title='bbox 408 2984 465 3045; x_wconf 91' lang='lat' dir='ltr'>hoc</span> <span class='ocrx_word' id='word_1_306' title='bbox 487 2996 577 3066; x_wconf 90' lang='lat' dir='ltr'>pacto</span> <span class='ocrx_word' id='word_1_307' title='bbox 601 3006 693 3049; x_wconf 90' lang='lat' dir='ltr'>causa</span> <span class='ocrx_word' id='word_1_308' title='bbox 716 2988 864 3049; x_wconf 88' lang='lat' dir='ltr'>naturalis</span> <span class='ocrx_word' id='word_1_309' title='bbox 886 2988 948 3049; x_wconf 88' lang='lat' dir='ltr'>fiat.</span> 
     </span>
    </p>

    <p class='ocr_par' dir='ltr' id='par_1_7' title="bbox 129 3068 1542 4499">
     <span class='ocr_line' id='line_1_31' title="bbox 201 3068 1542 3165; baseline -0.002 -28"><span class='ocrx_word' id='word_1_310' title='bbox 201 3071 345 3153; x_wconf 82' lang='lat' dir='ltr'>Autplius</span> <span class='ocrx_word' id='word_1_311' title='bbox 377 3092 443 3135; x_wconf 90' lang='lat' dir='ltr'>cum</span> <span class='ocrx_word' id='word_1_312' title='bbox 475 3075 645 3151; x_wconf 86' lang='lat' dir='ltr'>videamus,</span> <span class='ocrx_word' id='word_1_313' title='bbox 677 3096 732 3139; x_wconf 92' lang='lat' dir='ltr'>nec</span> <span class='ocrx_word' id='word_1_314' title='bbox 765 3077 899 3156; x_wconf 86' lang='lat' dir='ltr'>singulos</span> <span class='ocrx_word' id='word_1_315' title='bbox 931 3076 1070 3157; x_wconf 85' lang='lat' dir='ltr'>planetas</span> <span class='ocrx_word' id='word_1_316' title='bbox 1101 3071 1131 3133; x_wconf 93' lang='lat' dir='ltr'>iu</span> <span class='ocrx_word' id='word_1_317' title='bbox 1157 3071 1243 3134; x_wconf 68' lang='lat' dir='ltr'>*omni</span> <span class='ocrx_word' id='word_1_318' title='bbox 1273 3090 1329 3133; x_wconf 88' lang='lat' dir='ltr'>sua</span> <span class='ocrx_word' id='word_1_319' title='bbox 1351 3090 1370 3131; x_wconf 93' lang='lat' dir='ltr'>a</span> <span class='ocrx_word' id='word_1_320' title='bbox 1392 3068 1465 3134; x_wconf 88' lang='lat' dir='ltr'>Sole</span> <span class='ocrx_word' id='word_1_321' title='bbox 1531 3110 1542 3165; x_wconf 84' lang='lat'>.&#39;</span> 
     </span>
     <span class='ocr_line' id='line_1_32' title="bbox 129 3158 1467 3247; baseline -0.004 -21"><span class='ocrx_word' id='word_1_322' title='bbox 129 3161 280 3245; x_wconf 66' lang='lat' dir='ltr'>iqtantia,</span> <span class='ocrx_word' id='word_1_323' title='bbox 313 3181 368 3223; x_wconf 91' lang='lat' dir='ltr'>nec</span> <span class='ocrx_word' id='word_1_324' title='bbox 392 3182 495 3225; x_wconf 89' lang='lat' dir='ltr'>omnes</span> <span class='ocrx_word' id='word_1_325' title='bbox 525 3165 556 3228; x_wconf 92' lang='lat' dir='ltr'>in</span> <span class='ocrx_word' id='word_1_326' title='bbox 580 3164 708 3228; x_wconf 86' lang='lat' dir='ltr'>diversis</span> <span class='ocrx_word' id='word_1_327' title='bbox 741 3164 803 3229; x_wconf 89' lang='lat' dir='ltr'>suis</span> <span class='ocrx_word' id='word_1_328' title='bbox 827 3163 981 3243; x_wconf 80' lang='lat' dir='ltr'>distantiis</span> <span class='ocrx_word' id='word_1_329' title='bbox 1009 3162 1128 3247; x_wconf 91' lang='lat' dir='ltr'>aequali</span> <span class='ocrx_word' id='word_1_330' title='bbox 1152 3162 1261 3244; x_wconf 90' lang='lat' dir='ltr'>corripi</span> <span class='ocrx_word' id='word_1_331' title='bbox 1291 3158 1467 3237; x_wconf 78' lang='lat' dir='ltr'>celeritate3</span> 
     </span>
     <span class='ocr_line' id='line_1_33' title="bbox 130 3246 1465 3339; baseline -0.001 -24"><span class='ocrx_word' id='word_1_332' title='bbox 130 3246 169 3339; x_wconf 82' lang='lat' dir='ltr'>ed</span> <span class='ocrx_word' id='word_1_333' title='bbox 191 3251 358 3315; x_wconf 87' lang='lat' dir='ltr'>Saturnum</span> <span class='ocrx_word' id='word_1_334' title='bbox 381 3272 525 3315; x_wconf 89' lang='lat' dir='ltr'>annorum</span> <span class='ocrx_word' id='word_1_335' title='bbox 549 3252 591 3317; x_wconf 89' lang='lat'>30</span> <span class='ocrx_word' id='word_1_336' title='bbox 615 3275 714 3318; x_wconf 93' lang='lat' dir='ltr'>moras</span> <span class='ocrx_word' id='word_1_337' title='bbox 738 3264 872 3328; x_wconf 87' lang='lat' dir='ltr'>nectere,</span> <span class='ocrx_word' id='word_1_338' title='bbox 895 3257 1002 3319; x_wconf 87' lang='lat' dir='ltr'>Jovom</span> <span class='ocrx_word' id='word_1_339' title='bbox 1026 3271 1170 3315; x_wconf 91' lang='lat' dir='ltr'>annorum</span> <span class='ocrx_word' id='word_1_340' title='bbox 1195 3248 1245 3326; x_wconf 82' lang='lat'>12,</span> <span class='ocrx_word' id='word_1_341' title='bbox 1269 3250 1400 3312; x_wconf 86' lang='lat' dir='ltr'>Martem</span> <span class='ocrx_word' id='word_1_342' title='bbox 1423 3246 1465 3314; x_wconf 84' lang='lat'>23</span> 
     </span>
     <span class='ocr_line' id='line_1_34' title="bbox 129 3338 1466 3427; baseline 0 -25"><span class='ocrx_word' id='word_1_343' title='bbox 129 3342 272 3417; x_wconf 66' lang='lat' dir='ltr'>nuncium,</span> <span class='ocrx_word' id='word_1_344' title='bbox 296 3342 422 3403; x_wconf 87' lang='lat' dir='ltr'>Terram</span> <span class='ocrx_word' id='word_1_345' title='bbox 448 3340 501 3417; x_wconf 78' lang='lat'>12,</span> <span class='ocrx_word' id='word_1_346' title='bbox 526 3345 676 3407; x_wconf 88' lang='lat' dir='ltr'>Venerem</span> <span class='ocrx_word' id='word_1_347' title='bbox 707 3346 894 3427; x_wconf 89' lang='lat' dir='ltr'>sesquiocto,</span> <span class='ocrx_word' id='word_1_348' title='bbox 927 3342 1108 3406; x_wconf 90' lang='lat' dir='ltr'>Mercurium</span> <span class='ocrx_word' id='word_1_349' title='bbox 1131 3338 1168 3416; x_wconf 77' lang='lat'>33</span> <span class='ocrx_word' id='word_1_350' title='bbox 1193 3347 1346 3402; x_wconf 84' lang='lat' dir='ltr'>ettamen</span> <span class='ocrx_word' id='word_1_351' title='bbox 1369 3338 1466 3403; x_wconf 91' lang='lat' dir='ltr'>omnis</span> 
     </span>
     <span class='ocr_line' id='line_1_35' title="bbox 129 3427 1466 3516; baseline -0.001 -22"><span class='ocrx_word' id='word_1_352' title='bbox 129 3431 194 3494; x_wconf 83' lang='lat' dir='ltr'>rbis</span> <span class='ocrx_word' id='word_1_353' title='bbox 229 3429 352 3491; x_wconf 89' lang='lat' dir='ltr'>virtutis</span> <span class='ocrx_word' id='word_1_354' title='bbox 385 3434 552 3496; x_wconf 87' lang='lat' dir='ltr'>emanantis</span> <span class='ocrx_word' id='word_1_355' title='bbox 584 3453 621 3495; x_wconf 85' lang='lat' dir='ltr'>ex</span> <span class='ocrx_word' id='word_1_356' title='bbox 654 3434 725 3497; x_wconf 88' lang='lat' dir='ltr'>Sole</span> <span class='ocrx_word' id='word_1_357' title='bbox 756 3438 834 3508; x_wconf 85' lang='lat' dir='ltr'>(tam</span> <span class='ocrx_word' id='word_1_358' title='bbox 865 3454 922 3516; x_wconf 94' lang='lat' dir='ltr'>quo</span> <span class='ocrx_word' id='word_1_359' title='bbox 961 3434 1028 3495; x_wconf 93' lang='lat' dir='ltr'>loco</span> <span class='ocrx_word' id='word_1_360' title='bbox 1061 3430 1242 3494; x_wconf 91' lang='lat' dir='ltr'>Mercurium</span> <span class='ocrx_word' id='word_1_361' title='bbox 1275 3427 1466 3509; x_wconf 88' lang='lat' dir='ltr'>amplectitur</span> 
     </span>
     <span class='ocr_line' id='line_1_36' title="bbox 129 3516 1468 3603; baseline -0.001 -20"><span class='ocrx_word' id='word_1_362' title='bbox 129 3520 327 3593; x_wconf 78' lang='lat' dir='ltr'>rumillimum,</span> <span class='ocrx_word' id='word_1_363' title='bbox 360 3540 448 3600; x_wconf 91' lang='lat' dir='ltr'>quarn</span> <span class='ocrx_word' id='word_1_364' title='bbox 476 3543 533 3603; x_wconf 89' lang='lat' dir='ltr'>quo</span> <span class='ocrx_word' id='word_1_365' title='bbox 566 3524 822 3586; x_wconf 87' lang='lat' dir='ltr'>loco.Satnrnum</span> <span class='ocrx_word' id='word_1_366' title='bbox 854 3523 1051 3595; x_wconf 86' lang='lat' dir='ltr'>altissimum)</span> <span class='ocrx_word' id='word_1_367' title='bbox 1084 3540 1122 3581; x_wconf 83' lang='lat' dir='ltr'>ex</span> <span class='ocrx_word' id='word_1_368' title='bbox 1153 3518 1315 3581; x_wconf 88' lang='lat' dir='ltr'>antedictis</span> <span class='ocrx_word' id='word_1_369' title='bbox 1347 3516 1468 3602; x_wconf 87' lang='lat' dir='ltr'>aequali</span> 
     </span>
     <span class='ocr_line' id='line_1_37' title="bbox 129 3607 1466 3693; baseline -0.001 -21"><span class='ocrx_word' id='word_1_370' title='bbox 129 3630 181 3672; x_wconf 75' lang='lat' dir='ltr'>:um</span> <span class='ocrx_word' id='word_1_371' title='bbox 210 3628 336 3689; x_wconf 87' lang='lat' dir='ltr'>corpore</span> <span class='ocrx_word' id='word_1_372' title='bbox 360 3610 460 3672; x_wconf 89' lang='lat' dir='ltr'>Solari</span> <span class='ocrx_word' id='word_1_373' title='bbox 492 3614 638 3693; x_wconf 87' lang='lat' dir='ltr'>vertigine</span> <span class='ocrx_word' id='word_1_374' title='bbox 663 3623 693 3675; x_wconf 90' lang='lat' dir='ltr'>et</span> <span class='ocrx_word' id='word_1_375' title='bbox 717 3614 820 3675; x_wconf 92' lang='lat' dir='ltr'>eodem</span> <span class='ocrx_word' id='word_1_376' title='bbox 843 3621 976 3693; x_wconf 90' lang='lat' dir='ltr'>tempore</span> <span class='ocrx_word' id='word_1_377' title='bbox 999 3617 1173 3693; x_wconf 88' lang='lat' dir='ltr'>torqueatur</span> <span class='ocrx_word' id='word_1_378' title='bbox 1196 3610 1268 3690; x_wconf 93' lang='lat' dir='ltr'>(quo</span> <span class='ocrx_word' id='word_1_379' title='bbox 1295 3607 1363 3669; x_wconf 94' lang='lat' dir='ltr'>loco</span> <span class='ocrx_word' id='word_1_380' title='bbox 1390 3607 1466 3670; x_wconf 92' lang='lat' dir='ltr'>nihil</span> 
     </span>
     <span class='ocr_line' id='line_1_38' title="bbox 129 3696 1465 3785; baseline -0.004 -21"><span class='ocrx_word' id='word_1_381' title='bbox 129 3698 238 3764; x_wconf 87' lang='lat' dir='ltr'>bsurdi</span> <span class='ocrx_word' id='word_1_382' title='bbox 263 3699 415 3785; x_wconf 79' lang='lat' dir='ltr'>statuitur,</span> <span class='ocrx_word' id='word_1_383' title='bbox 439 3720 504 3763; x_wconf 92' lang='lat' dir='ltr'>cum</span> <span class='ocrx_word' id='word_1_384' title='bbox 527 3702 622 3765; x_wconf 88' lang='lat' dir='ltr'>virtus</span> <span class='ocrx_word' id='word_1_385' title='bbox 646 3723 788 3765; x_wconf 87' lang='lat' dir='ltr'>emanans</span> <span class='ocrx_word' id='word_1_386' title='bbox 810 3702 1012 3765; x_wconf 86' lang='lat' dir='ltr'>immateriata</span> <span class='ocrx_word' id='word_1_387' title='bbox 1035 3699 1076 3762; x_wconf 89' lang='lat' dir='ltr'>sit</span> <span class='ocrx_word' id='word_1_388' title='bbox 1099 3717 1210 3781; x_wconf 88' lang='lat' dir='ltr'>suaque</span> <span class='ocrx_word' id='word_1_389' title='bbox 1233 3705 1341 3760; x_wconf 88' lang='lat' dir='ltr'>natura</span> <span class='ocrx_word' id='word_1_390' title='bbox 1364 3696 1465 3760; x_wconf 87' lang='lat' dir='ltr'>inlini-</span> 
     </span>
     <span class='ocr_line' id='line_1_39' title="bbox 129 3785 1465 3873; baseline -0.003 -22"><span class='ocrx_word' id='word_1_391' title='bbox 129 3808 164 3851; x_wconf 89' lang='lat' dir='ltr'>ae</span> <span class='ocrx_word' id='word_1_392' title='bbox 186 3788 356 3850; x_wconf 87' lang='lat' dir='ltr'>celeritatis</span> <span class='ocrx_word' id='word_1_393' title='bbox 379 3808 448 3869; x_wconf 85' lang='lat' dir='ltr'>esse</span> <span class='ocrx_word' id='word_1_394' title='bbox 469 3799 591 3870; x_wconf 88' lang='lat' dir='ltr'>posset,</span> <span class='ocrx_word' id='word_1_395' title='bbox 625 3793 650 3853; x_wconf 91' lang='lat' dir='ltr'>si</span> <span class='ocrx_word' id='word_1_396' title='bbox 673 3792 818 3873; x_wconf 91' lang='lat' dir='ltr'>possibile</span> <span class='ocrx_word' id='word_1_397' title='bbox 842 3799 942 3867; x_wconf 89' lang='lat' dir='ltr'>esset,</span> <span class='ocrx_word' id='word_1_398' title='bbox 967 3799 1079 3853; x_wconf 88' lang='lat' dir='ltr'>motum</span> <span class='ocrx_word' id='word_1_399' title='bbox 1102 3786 1159 3869; x_wconf 93' lang='lat' dir='ltr'>ipsi</span> <span class='ocrx_word' id='word_1_400' title='bbox 1183 3786 1319 3849; x_wconf 87' lang='lat' dir='ltr'>alicunde</span> <span class='ocrx_word' id='word_1_401' title='bbox 1343 3785 1465 3861; x_wconf 87' lang='lat' dir='ltr'>inierri;</span> 
     </span>
     <span class='ocr_line' id='line_1_40' title="bbox 129 3875 1467 3962; baseline -0.001 -21"><span class='ocrx_word' id='word_1_402' title='bbox 129 3898 183 3941; x_wconf 90' lang='lat' dir='ltr'>unc</span> <span class='ocrx_word' id='word_1_403' title='bbox 207 3878 289 3939; x_wconf 86' lang='lat' dir='ltr'>enim</span> <span class='ocrx_word' id='word_1_404' title='bbox 320 3897 374 3939; x_wconf 91' lang='lat' dir='ltr'>nec</span> <span class='ocrx_word' id='word_1_405' title='bbox 405 3880 554 3959; x_wconf 91' lang='lat' dir='ltr'>pondere,</span> <span class='ocrx_word' id='word_1_406' title='bbox 589 3902 646 3962; x_wconf 93' lang='lat' dir='ltr'>quo</span> <span class='ocrx_word' id='word_1_407' title='bbox 670 3889 769 3957; x_wconf 86' lang='lat' dir='ltr'>caret,</span> <span class='ocrx_word' id='word_1_408' title='bbox 801 3901 856 3943; x_wconf 89' lang='lat' dir='ltr'>uec</span> <span class='ocrx_word' id='word_1_409' title='bbox 888 3880 1024 3962; x_wconf 91' lang='lat' dir='ltr'>corporei</span> <span class='ocrx_word' id='word_1_410' title='bbox 1056 3876 1146 3940; x_wconf 89' lang='lat' dir='ltr'>medii</span> <span class='ocrx_word' id='word_1_411' title='bbox 1169 3895 1294 3939; x_wconf 92' lang='lat' dir='ltr'>occursu</span> <span class='ocrx_word' id='word_1_412' title='bbox 1325 3875 1467 3957; x_wconf 89' lang='lat' dir='ltr'>impediri</span> 
     </span>
     <span class='ocr_line' id='line_1_41' title="bbox 129 3964 1467 4052; baseline -0.003 -21"><span class='ocrx_word' id='word_1_413' title='bbox 129 3969 249 4041; x_wconf 84' lang='lat' dir='ltr'>osset):</span> <span class='ocrx_word' id='word_1_414' title='bbox 276 3985 313 4028; x_wconf 88' lang='lat' dir='ltr'>ex</span> <span class='ocrx_word' id='word_1_415' title='bbox 337 3986 372 4029; x_wconf 88' lang='lat' dir='ltr'>eo</span> <span class='ocrx_word' id='word_1_416' title='bbox 401 3968 502 4050; x_wconf 89' lang='lat' dir='ltr'>itaque</span> <span class='ocrx_word' id='word_1_417' title='bbox 525 3978 620 4050; x_wconf 90' lang='lat' dir='ltr'>patet,</span> <span class='ocrx_word' id='word_1_418' title='bbox 643 3972 782 4052; x_wconf 88' lang='lat' dir='ltr'>planetas</span> <span class='ocrx_word' id='word_1_419' title='bbox 804 3970 953 4034; x_wconf 88' lang='lat' dir='ltr'>inhabiles</span> <span class='ocrx_word' id='word_1_420' title='bbox 977 3988 1055 4044; x_wconf 86' lang='lat' dir='ltr'>esse,</span> <span class='ocrx_word' id='word_1_421' title='bbox 1078 3973 1113 4029; x_wconf 94' lang='lat' dir='ltr'>ut</span> <span class='ocrx_word' id='word_1_422' title='bbox 1133 3972 1335 4047; x_wconf 87' lang='lat' dir='ltr'>assequantur</span> <span class='ocrx_word' id='word_1_423' title='bbox 1357 3964 1467 4028; x_wconf 88' lang='lat' dir='ltr'>celeri·</span> 
     </span>
     <span class='ocr_line' id='line_1_42' title="bbox 129 4054 1467 4138; baseline -0.003 -18"><span class='ocrx_word' id='word_1_424' title='bbox 129 4066 209 4120; x_wconf 84' lang='lat' dir='ltr'>atem</span> <span class='ocrx_word' id='word_1_425' title='bbox 239 4056 375 4118; x_wconf 85' lang='lat' dir='ltr'>metricis</span> <span class='ocrx_word' id='word_1_426' title='bbox 404 4058 534 4121; x_wconf 88' lang='lat' dir='ltr'>virtutis.</span> <span class='ocrx_word' id='word_1_427' title='bbox 582 4061 730 4124; x_wconf 86' lang='lat' dir='ltr'>Saturnus</span> <span class='ocrx_word' id='word_1_428' title='bbox 763 4060 841 4122; x_wconf 89' lang='lat' dir='ltr'>enirn</span> <span class='ocrx_word' id='word_1_429' title='bbox 868 4059 1030 4122; x_wconf 88' lang='lat' dir='ltr'>inhabilior</span> <span class='ocrx_word' id='word_1_430' title='bbox 1058 4063 1106 4118; x_wconf 92' lang='lat' dir='ltr'>est</span> <span class='ocrx_word' id='word_1_431' title='bbox 1128 4075 1217 4137; x_wconf 89' lang='lat' dir='ltr'>quam</span> <span class='ocrx_word' id='word_1_432' title='bbox 1239 4055 1372 4138; x_wconf 90' lang='lat' dir='ltr'>Jupiter,</span> <span class='ocrx_word' id='word_1_433' title='bbox 1396 4054 1467 4138; x_wconf 90' lang='lat' dir='ltr'>quia</span> 
     </span>
     <span class='ocr_line' id='line_1_43' title="bbox 129 4143 1466 4232; baseline -0.003 -22"><span class='ocrx_word' id='word_1_434' title='bbox 129 4146 232 4210; x_wconf 78' lang='lat' dir='ltr'>ardius</span> <span class='ocrx_word' id='word_1_435' title='bbox 250 4146 435 4224; x_wconf 87' lang='lat' dir='ltr'>restituitur,</span> <span class='ocrx_word' id='word_1_436' title='bbox 459 4168 526 4211; x_wconf 90' lang='lat' dir='ltr'>cum</span> <span class='ocrx_word' id='word_1_437' title='bbox 542 4150 623 4212; x_wconf 91' lang='lat' dir='ltr'>orbis</span> <span class='ocrx_word' id='word_1_438' title='bbox 646 4150 767 4213; x_wconf 87' lang='lat' dir='ltr'>virtutis</span> <span class='ocrx_word' id='word_1_439' title='bbox 790 4151 869 4232; x_wconf 91' lang='lat' dir='ltr'>apud</span> <span class='ocrx_word' id='word_1_440' title='bbox 884 4149 1006 4214; x_wconf 88' lang='lat' dir='ltr'>Saturni</span> <span class='ocrx_word' id='word_1_441' title='bbox 1029 4148 1088 4210; x_wconf 90' lang='lat' dir='ltr'>iter</span> <span class='ocrx_word' id='word_1_442' title='bbox 1101 4164 1195 4228; x_wconf 85' lang='lat' dir='ltr'>aeque</span> <span class='ocrx_word' id='word_1_443' title='bbox 1212 4144 1350 4208; x_wconf 88' lang='lat' dir='ltr'>celeriter</span> <span class='ocrx_word' id='word_1_444' title='bbox 1372 4143 1466 4208; x_wconf 88' lang='lat' dir='ltr'>resti-</span> 
     </span>
     <span class='ocr_line' id='line_1_44' title="bbox 129 4233 1467 4320; baseline -0.002 -21"><span class='ocrx_word' id='word_1_445' title='bbox 129 4244 218 4299; x_wconf 84' lang='lat' dir='ltr'>uatur</span> <span class='ocrx_word' id='word_1_446' title='bbox 246 4255 282 4296; x_wconf 89' lang='lat' dir='ltr'>ao</span> <span class='ocrx_word' id='word_1_447' title='bbox 315 4235 396 4297; x_wconf 89' lang='lat' dir='ltr'>orbis</span> <span class='ocrx_word' id='word_1_448' title='bbox 427 4238 547 4301; x_wconf 89' lang='lat' dir='ltr'>virtutis</span> <span class='ocrx_word' id='word_1_449' title='bbox 580 4242 657 4320; x_wconf 90' lang='lat' dir='ltr'>apud</span> <span class='ocrx_word' id='word_1_450' title='bbox 690 4240 749 4302; x_wconf 90' lang='lat' dir='ltr'>iter</span> <span class='ocrx_word' id='word_1_451' title='bbox 780 4241 884 4316; x_wconf 86' lang='lat' dir='ltr'>Jovis,</span> <span class='ocrx_word' id='word_1_452' title='bbox 917 4247 948 4302; x_wconf 91' lang='lat' dir='ltr'>et</span> <span class='ocrx_word' id='word_1_453' title='bbox 980 4237 1024 4300; x_wconf 91' lang='lat' dir='ltr'>sic</span> <span class='ocrx_word' id='word_1_454' title='bbox 1056 4244 1273 4317; x_wconf 88' lang='lat' dir='ltr'>consequenter</span> <span class='ocrx_word' id='word_1_455' title='bbox 1304 4253 1398 4316; x_wconf 85' lang='lat' dir='ltr'>usquo</span> <span class='ocrx_word' id='word_1_456' title='bbox 1427 4233 1467 4296; x_wconf 85' lang='lat' dir='ltr'>ad</span> 
     </span>
     <span class='ocr_line' id='line_1_45' title="bbox 129 4321 1467 4411; baseline -0.004 -22"><span class='ocrx_word' id='word_1_457' title='bbox 129 4324 311 4400; x_wconf 85' lang='lat' dir='ltr'>lercurium,</span> <span class='ocrx_word' id='word_1_458' title='bbox 346 4325 395 4405; x_wconf 89' lang='lat' dir='ltr'>qui</span> <span class='ocrx_word' id='word_1_459' title='bbox 426 4329 530 4408; x_wconf 89' lang='lat' dir='ltr'>procul</span> <span class='ocrx_word' id='word_1_460' title='bbox 554 4329 643 4391; x_wconf 91' lang='lat' dir='ltr'>dubio</span> <span class='ocrx_word' id='word_1_461' title='bbox 677 4330 716 4391; x_wconf 91' lang='lat' dir='ltr'>ad</span> <span class='ocrx_word' id='word_1_462' title='bbox 740 4330 906 4411; x_wconf 81' lang='lat' dir='ltr'>exemplum</span> <span class='ocrx_word' id='word_1_463' title='bbox 935 4327 1119 4409; x_wconf 88' lang='lat' dir='ltr'>superiomm</span> <span class='ocrx_word' id='word_1_464' title='bbox 1142 4325 1233 4387; x_wconf 86' lang='lat' dir='ltr'>etiam</span> <span class='ocrx_word' id='word_1_465' title='bbox 1263 4323 1329 4404; x_wconf 86' lang='lat' dir='ltr'>ipse</span> <span class='ocrx_word' id='word_1_466' title='bbox 1350 4321 1467 4385; x_wconf 85' lang='lat' dir='ltr'>tardior</span> 
     </span>
     <span class='ocr_line' id='line_1_46' title="bbox 129 4409 1465 4499; baseline -0.004 -20"><span class='ocrx_word' id='word_1_467' title='bbox 129 4416 171 4479; x_wconf 84' lang='lat' dir='ltr'>rit</span> <span class='ocrx_word' id='word_1_468' title='bbox 184 4414 311 4491; x_wconf 84' lang='lat' dir='ltr'>virtute,</span> <span class='ocrx_word' id='word_1_469' title='bbox 335 4435 411 4496; x_wconf 90' lang='lat' dir='ltr'>quae</span> <span class='ocrx_word' id='word_1_470' title='bbox 430 4417 528 4497; x_wconf 90' lang='lat' dir='ltr'>ipsum</span> <span class='ocrx_word' id='word_1_471' title='bbox 544 4419 636 4480; x_wconf 87' lang='lat' dir='ltr'>vehit.</span> <span class='ocrx_word' id='word_1_472' title='bbox 669 4421 801 4482; x_wconf 86' lang='lat' dir='ltr'>Necesse</span> <span class='ocrx_word' id='word_1_473' title='bbox 821 4427 869 4481; x_wconf 90' lang='lat' dir='ltr'>est</span> <span class='ocrx_word' id='word_1_474' title='bbox 890 4419 992 4499; x_wconf 84' lang='lat' dir='ltr'>igitur,</span> <span class='ocrx_word' id='word_1_475' title='bbox 1015 4424 1049 4480; x_wconf 92' lang='lat' dir='ltr'>ut</span> <span class='ocrx_word' id='word_1_476' title='bbox 1061 4413 1297 4498; x_wconf 87' lang='lat' dir='ltr'>planetariorum</span> <span class='ocrx_word' id='word_1_477' title='bbox 1310 4409 1465 4493; x_wconf 81' lang='lat' dir='ltr'>globorum</span> 
     </span>
    </p>
   </div>
   <div class='ocr_carea' id='block_1_5' title="bbox 129 4501 1580 4590">
    <p class='ocr_par' dir='ltr' id='par_1_8' title="bbox 129 4501 1580 4590">
     <span class='ocr_line' id='line_1_47' title="bbox 129 4501 1580 4590; baseline -0.005 -21"><span class='ocrx_word' id='word_1_478' title='bbox 129 4512 223 4569; x_wconf 80' lang='lat' dir='ltr'>utura</span> <span class='ocrx_word' id='word_1_479' title='bbox 240 4503 281 4566; x_wconf 92' lang='lat' dir='ltr'>sit</span> <span class='ocrx_word' id='word_1_480' title='bbox 304 4505 475 4580; x_wconf 88' lang='lat' dir='ltr'>materiata,</span> <span class='ocrx_word' id='word_1_481' title='bbox 500 4526 537 4569; x_wconf 87' lang='lat' dir='ltr'>ex</span> <span class='ocrx_word' id='word_1_482' title='bbox 560 4509 743 4572; x_wconf 87' lang='lat' dir='ltr'>adhaerente</span> <span class='ocrx_word' id='word_1_483' title='bbox 756 4509 942 4590; x_wconf 87' lang='lat' dir='ltr'>proprietate</span> <span class='ocrx_word' id='word_1_484' title='bbox 965 4506 1033 4569; x_wconf 88' lang='lat' dir='ltr'>inde</span> <span class='ocrx_word' id='word_1_485' title='bbox 1053 4523 1185 4568; x_wconf 82' lang='lat' dir='ltr'>ararum</span> <span class='ocrx_word' id='word_1_486' title='bbox 1204 4501 1351 4584; x_wconf 88' lang='lat' dir='ltr'>principio</span> <span class='ocrx_word' id='word_1_487' title='bbox 1368 4518 1465 4583; x_wconf 87' lang='lat' dir='ltr'>prona</span> <span class='ocrx_word' id='word_1_488' title='bbox 1578 4573 1580 4576; x_wconf 9' lang='grc' dir='ltr'><em>Α</em></span> 
     </span>
    </p>
   </div>
   <div class='ocr_carea' id='block_1_6' title="bbox 129 4589 1465 5026">
    <p class='ocr_par' dir='ltr' id='par_1_9' title="bbox 129 4589 1464 4678">
     <span class='ocr_line' id='line_1_48' title="bbox 129 4589 1464 4678; baseline -0.004 -19"><span class='ocrx_word' id='word_1_489' title='bbox 129 4594 308 4677; x_wconf 81' lang='lat' dir='ltr'>dquietem</span> <span class='ocrx_word' id='word_1_490' title='bbox 337 4613 390 4656; x_wconf 90' lang='lat' dir='ltr'>seu</span> <span class='ocrx_word' id='word_1_491' title='bbox 424 4595 463 4656; x_wconf 91' lang='lat' dir='ltr'>ad</span> <span class='ocrx_word' id='word_1_492' title='bbox 494 4595 693 4678; x_wconf 88' lang='lat' dir='ltr'>privationem</span> <span class='ocrx_word' id='word_1_493' title='bbox 721 4606 828 4660; x_wconf 89' lang='lat' dir='ltr'>motus.</span> <span class='ocrx_word' id='word_1_494' title='bbox 875 4596 1009 4671; x_wconf 85' lang='lat' dir='ltr'>Quarum</span> <span class='ocrx_word' id='word_1_495' title='bbox 1040 4614 1139 4659; x_wconf 89' lang='lat' dir='ltr'>rerum</span> <span class='ocrx_word' id='word_1_496' title='bbox 1174 4589 1365 4656; x_wconf 87' lang='lat' dir='ltr'>contentione</span> <span class='ocrx_word' id='word_1_497' title='bbox 1397 4609 1464 4654; x_wconf 90' lang='lat' dir='ltr'>cum</span> 
     </span>
    </p>

    <p class='ocr_par' dir='ltr' id='par_1_10' title="bbox 129 4678 1463 4770">
     <span class='ocr_line' id='line_1_49' title="bbox 129 4678 1463 4770; baseline -0.006 -21"><span class='ocrx_word' id='word_1_498' title='bbox 129 4690 258 4749; x_wconf 72' lang='lat' dir='ltr'>necatur</span> <span class='ocrx_word' id='word_1_499' title='bbox 284 4702 402 4764; x_wconf 85' lang='lat' dir='ltr'>pugna,</span> <span class='ocrx_word' id='word_1_500' title='bbox 427 4694 550 4766; x_wconf 88' lang='lat' dir='ltr'>superat</span> <span class='ocrx_word' id='word_1_501' title='bbox 573 4686 664 4768; x_wconf 82' lang='lat' dir='ltr'>igitur</span> <span class='ocrx_word' id='word_1_502' title='bbox 684 4688 753 4770; x_wconf 90' lang='lat' dir='ltr'>plus</span> <span class='ocrx_word' id='word_1_503' title='bbox 776 4686 827 4748; x_wconf 89' lang='lat' dir='ltr'>ille</span> <span class='ocrx_word' id='word_1_504' title='bbox 849 4687 988 4770; x_wconf 85' lang='lat' dir='ltr'>planeta,</span> <span class='ocrx_word' id='word_1_505' title='bbox 1011 4686 1062 4768; x_wconf 92' lang='lat' dir='ltr'>qui</span> <span class='ocrx_word' id='word_1_506' title='bbox 1084 4685 1115 4747; x_wconf 94' lang='lat' dir='ltr'>iu</span> <span class='ocrx_word' id='word_1_507' title='bbox 1137 4682 1248 4746; x_wconf 90' lang='lat' dir='ltr'>virtute</span> <span class='ocrx_word' id='word_1_508' title='bbox 1269 4678 1463 4744; x_wconf 86' lang='lat' dir='ltr'>imbecilliore</span> 
     </span>
    </p>

    <p class='ocr_par' dir='ltr' id='par_1_11' title="bbox 130 4772 1465 5026">
     <span class='ocr_line' id='line_1_50' title="bbox 130 4772 1343 4859; baseline -0.003 -21"><span class='ocrx_word' id='word_1_509' title='bbox 130 4773 258 4840; x_wconf 78' lang='lat' dir='ltr'>oueistit</span> <span class='ocrx_word' id='word_1_510' title='bbox 281 4793 375 4854; x_wconf 86' lang='lat' dir='ltr'>eaque</span> <span class='ocrx_word' id='word_1_511' title='bbox 398 4775 515 4839; x_wconf 87' lang='lat' dir='ltr'>tardius</span> <span class='ocrx_word' id='word_1_512' title='bbox 536 4785 690 4854; x_wconf 91' lang='lat' dir='ltr'>movetur;</span> <span class='ocrx_word' id='word_1_513' title='bbox 723 4775 821 4839; x_wconf 87' lang='lat' dir='ltr'>minus</span> <span class='ocrx_word' id='word_1_514' title='bbox 842 4776 906 4855; x_wconf 89' lang='lat' dir='ltr'>ille,</span> <span class='ocrx_word' id='word_1_515' title='bbox 928 4776 978 4859; x_wconf 92' lang='lat' dir='ltr'>qui</span> <span class='ocrx_word' id='word_1_516' title='bbox 1001 4773 1066 4839; x_wconf 89' lang='lat' dir='ltr'>Soli</span> <span class='ocrx_word' id='word_1_517' title='bbox 1089 4772 1219 4856; x_wconf 88' lang='lat' dir='ltr'>propior.</span> <span class='ocrx_word' id='word_1_518' title='bbox 1337 4802 1343 4817; x_wconf 92' lang='lat'><strong>·</strong></span> 
     </span>
     <span class='ocr_line' id='line_1_51' title="bbox 200 4856 1465 4952; baseline -0.002 -24"><span class='ocrx_word' id='word_1_519' title='bbox 200 4866 303 4928; x_wconf 86' lang='lat' dir='ltr'>Docet</span> <span class='ocrx_word' id='word_1_520' title='bbox 324 4863 394 4926; x_wconf 90' lang='lat' dir='ltr'>hiuc</span> <span class='ocrx_word' id='word_1_521' title='bbox 416 4865 559 4950; x_wconf 78' lang='lat' dir='ltr'>anologia</span> <span class='ocrx_word' id='word_1_522' title='bbox 580 4874 733 4944; x_wconf 85' lang='lat' dir='ltr'>statuere,</span> <span class='ocrx_word' id='word_1_523' title='bbox 766 4864 902 4933; x_wconf 84' lang='lat' dir='ltr'>omuibus</span> <span class='ocrx_word' id='word_1_524' title='bbox 931 4864 1082 4952; x_wconf 84' lang='lat' dir='ltr'>planetis,</span> <span class='ocrx_word' id='word_1_525' title='bbox 1112 4860 1171 4948; x_wconf 87' lang='lat' dir='ltr'>ipsi</span> <span class='ocrx_word' id='word_1_526' title='bbox 1199 4859 1292 4926; x_wconf 82' lang='lat' dir='ltr'>etiarn</span> <span class='ocrx_word' id='word_1_527' title='bbox 1313 4856 1465 4928; x_wconf 74' lang='lat' dir='ltr'>Mercurio</span> 
     </span>
     <span class='ocr_line' id='line_1_52' title="bbox 190 4967 1253 5026; baseline -0.001 -14"><span class='ocrx_word' id='word_1_528' title='bbox 190 4970 283 5025; x_wconf 62' lang='lat' dir='ltr'>[opteri</span> <span class='ocrx_word' id='word_1_529' title='bbox 296 4972 372 5026; x_wconf 75' lang='lat' dir='ltr'>opert.</span> <span class='ocrx_word' id='word_1_530' title='bbox 386 4972 423 5013; x_wconf 80' lang='lat'>111.</span> <span class='ocrx_word' id='word_1_531' title='bbox 1219 4967 1253 5022; x_wconf 81' lang='lat'>20</span> 
     </span>
    </p>
   </div>
   <div class='ocr_carea' id='block_1_7' title="bbox 0 0 1682 5504">
    <p class='ocr_par' dir='ltr' id='par_1_12' title="bbox 0 0 1682 5504">
     <span class='ocr_line' id='line_1_53' title="bbox 0 0 1682 5504; baseline 0 0"><span class='ocrx_word' id='word_1_532' title='bbox 0 0 1682 5504; x_wconf 95' lang='lat' dir='ltr'> </span> 
     </span>
    </p>
   </div>
  </div>
 </body>
</html>
