3354 5504
641 264 702 325 Pers
720 271 822 336 Quarta
860 272 941 340 Caput
957 274 1008 325 Lx.
1423 270 1483 342 4¹1

158 450 272 514 nudis
312 449 352 511 In
374 450 525 512 schemate
548 447 612 510 117
634 460 705 513 euru
735 455 797 515 icto
826 452 1012 515 clarissima.
1051 450 1103 513 Sit
1126 450 1186 523 GQ
1208 454 1403 526 cromerus,
1426 453 1482 514 AB
1576 475 1581 486 “

158 541 378 612 εσσοηίήσίωε,
403 538 460 601 GD
481 536 529 601 vel
550 539 605 602 LD
628 542 788 604 anomalia
810 544 950 613 eccmtrr’,
971 541 1053 604 FAC
1077 549 1260 620 coaequata,
1283 544 1337 604 FA
1359 540 1406 603 uel
1428 541 1484 602 EA

159 631 319 694 distamia.
371 629 411 692 Ut
432 629 529 710 ἐρίων
551 629 611 689 ΑΚ
633 629 677 690 ud
698 631 763 705 AB,
787 634 833 693 cic
854 629 906 693 Bc
931 632 975 692 ad
994 631 1066 691 KE:
1092 637 1121 690 et
1141 633 1176 692 in
1200 629 1283 693 OAO
1308 639 1503 711 coaequata,

158 728 192 783 ut
213 717 274 781 AR
296 717 341 780 ad
361 719 433 791 AB,
463 719 510 779 cic
532 718 589 777 BV
618 716 663 778 ud
683 719 755 781 ΒΜ.
801 721 905 801 Ipitur
926 720 982 781 ΕΚ
1009 718 1055 780 vel
1076 718 1137 779 ΒΜ
1166 720 1298 802 ponitur
1327 740 1393 781 ecee
1423 739 1489 782 unu

158 808 265 871 radim.
314 805 424 868 cetera
445 813 480 869 ut
502 826 608 888 supra.

244 897 290 958 At
313 895 385 956 data
407 896 554 955 anomalia
576 895 687 969 media,
711 896 792 956 nulla
814 895 995 974 geometrica
1023 895 1179 956 methodus
1203 902 1265 969 est,
1295 895 1488 974 perveniendi

159 987 196 1047 ad
220 992 423 1064 coaequatam,
446 983 587 1045 videlicet
609 984 648 1044 ad
671 980 848 1045 anomaliam
872 985 1009 1045 eccentri.
1047 984 1125 1047 Nam
1149 985 1296 1044 anomalia
1319 984 1417 1045 media
1441 994 1490 1047 est

159 1077 325 1155 composita
353 1092 389 1133 ex
421 1072 533 1133 duabus
563 1092 650 1133 areae
686 1074 837 1152 partibus,
872 1080 987 1134 sectore
1019 1080 1050 1134 et
1081 1073 1246 1150 triangulo:
1284 1091 1406 1152 quorum
1436 1075 1488 1135 ille

160 1164 277 1245 quidem
307 1168 476 1222 numeratur
499 1161 536 1222 ab
560 1180 630 1222 arcu
661 1163 808 1237 occentu,
839 1161 895 1223 hoc
918 1161 957 1222 ab
979 1160 1042 1241 ejus
1070 1181 1156 1223 arcus
1184 1162 1268 1234 sinu,
1302 1162 1330 1223 iu
1354 1163 1488 1224 valorem

159 1251 299 1332 trianguli
322 1249 440 1311 maximi
463 1249 659 1329 multiplicato
688 1249 812 1311 resectis
840 1250 961 1312 ultimis.
1007 1251 1051 1312 At
1072 1251 1276 1330 proportiones
1300 1250 1378 1313 inter
1400 1270 1487 1313 arens
1566 1252 1575 1269 “

160 1350 314 1404 eteorum
336 1338 418 1401 sinus
441 1339 572 1401 infinitae
596 1348 665 1400 sunt
693 1359 824 1403 numero.
869 1341 974 1419 Itaque
997 1356 1112 1400 summe
1141 1339 1294 1420 utriusque
1321 1320 1486 1419 pr’oposita‚

161 1430 216 1492 dici
244 1449 304 1491 non
329 1435 450 1508 potest,
480 1435 608 1508 quantus
631 1429 672 1489 sit
700 1447 804 1503 arcus,
838 1436 965 1508 quantus
995 1427 1058 1506 ejus
1090 1426 1173 1489 sinus
1204 1428 1388 1507 respondens
1420 1429 1488 1509 huic

162 1537 310 1586 summae,
339 1517 396 1578 nisi
419 1517 499 1595 prius
527 1517 728 1597 exploremus,
761 1517 831 1578 dato
861 1535 931 1579 arcu
962 1524 1074 1597 quanta
1104 1517 1214 1577 evadat
1240 1536 1327 1577 area:
1361 1518 1416 1579 hoc
1440 1524 1488 1578 est

163 1609 216 1670 nisi
239 1607 360 1669 tabulas
384 1607 585 1667 construxeris
609 1615 640 1667 et
662 1624 697 1665 ex
721 1605 757 1667 iis
779 1614 885 1685 postea
908 1605 1051 1683 opereris.

245 1698 346 1760 Haec
368 1702 424 1755 est
451 1715 527 1756 mea
554 1694 749 1756 sententia.
796 1693 882 1765 Quae
906 1694 1081 1772 quominus
1112 1693 1220 1754 habere
1243 1694 1391 1755 videbitur
1414 1713 1487 1773 geo-

164 1787 302 1849 metricae
333 1783 577 1864 pulchritudinis‚
609 1784 664 1844 hoc
687 1783 781 1863 magis
812 1783 953 1844 adhortor
984 1790 1166 1862 geometras,
1199 1782 1243 1842 uti
1268 1783 1337 1845 mihi
1366 1784 1486 1845 solvant

166 1876 216 1937 hoc
239 1874 412 1955 problema:

246 1966 344 2027 Data
381 1980 466 2022 area
498 1959 623 2040 partis'
655 1958 894 2032 semicirculi,
938 1958 1094 2038 datoque
1135 1967 1267 2038 puncto
1305 1959 1488 2034 diametri,

169 2052 326 2115 iuvenire
349 2068 467 2111 arcum
489 2057 525 2109 et
548 2048 716 2127 angulum
740 2047 784 2107 ad
807 2047 900 2108 illud
923 2056 1103 2126 puuctum,
1133 2048 1236 2126 cujus
1260 2049 1380 2128 auguli
1405 2068 1485 2110 crn·
1566 2053 1575 2071 ⁰

170 2143 262 2204 ribus
289 2150 326 2202 et
344 2156 410 2219 qno
434 2157 517 2200 arcu
538 2137 621 2197 data
648 2157 732 2198 area
754 2135 1080 2214 comprehenditur.
1119 2137 1209 2197 Vel:
1229 2138 1361 2199 Aream
1380 2136 1485 2199 semi-

172 2231 293 2293 circuli
316 2248 358 2289 ex
381 2245 587 2307 quocunque
609 2234 742 2306 puncto
766 2224 932 2287 diametri
955 2223 988 2285 in
1012 2224 1099 2285 data
1122 2225 1265 2287 ratione
1289 2245 1426 2288 secare.

247 2319 322 2382 Mihi
346 2317 452 2378 sufficit
473 2315 601 2388 credere,
626 2315 701 2376 solui
725 2333 745 2374 a
764 2314 854 2392 priori
878 2332 935 2373 uon
957 2331 1063 2392 posse,
1093 2325 1214 2393 propter
1241 2334 1327 2377 arcus
1351 2324 1382 2376 et
1404 2316 1487 2376 sinus

175 2403 360 2489 irrpoysrucr.
397 2404 517 2523 Furenti
540 2404 610 2465 mihi
633 2403 796 2484 quicunque
813 2401 890 2462 viam
913 2402 1132 2477 monstraverit,
1157 2404 1181 2464 is
1197 2404 1253 2466 erit
1267 2403 1338 2466 mihi
1362 2423 1488 2484 magnus

176 2496 354 2579 Apollonius.
369 2489 396 2525 ¹⁰
413 2498 427 2569 )
