3354 5504
767 306 808 361 o·
828 306 911 361 om·
1446 305 1508 375 au
1619 256 1626 267 ’

143 490 198 567 „el
219 483 376 568 proportio
400 493 567 548 ceterorum
590 495 623 548 et
637 487 765 568 denique
782 484 883 566 'ipsius
901 488 959 550 ΑΕ
983 486 1021 548 ad
1036 482 1119 551 360⁰
1141 452 1271 549 dabitis
1310 488 1345 549 ln
1364 486 1511 566 triangulo

161 572 259 657 igitur
276 574 433 655 sphaerico
448 573 545 648 AED,
569 577 744 656 rectangulo
764 575 803 637 ad
816 576 853 648 E,
879 576 967 638 datur
989 583 1149 655 praetcrea
1166 576 1248 638 latus
1266 574 1511 654 rostangnus

162 662 324 745 oppositos
347 662 445 731 ΔΒΕ,
468 682 559 745 qnare
582 674 615 726 et
628 665 687 727 AD
711 664 856 727 distantia
878 664 950 727 nodi
973 664 1011 727 ab
1035 665 1173 744 opposito
1197 665 1261 725 lcco
1277 663 1358 727 Solis
1383 664 1510 738 dabitur,
1636 720 1642 731 .

161 762 196 813 et
217 752 275 815 ΕΙ)
298 752 450 833 elongatio
473 753 577 815 Lunae
601 754 639 815 ab
670 753 721 815 illo
753 754 849 826 uodo,
880 754 958 836 qood
987 762 1054 815 erat
1085 753 1262 833 quaesitum.
1310 755 1411 835 Atque
1438 754 1511 815 haec

160 848 213 903 eat
234 842 406 915 methodos,
430 862 489 923 qua
512 843 702 906 Ptolemaeus
726 843 809 905 initio
834 843 933 904 suerat
956 863 1038 905 usus.

254 927 398 993 Ceterum
421 931 512 992 aliam
539 930 620 993 viam
652 932 796 995 insistens
818 931 847 992 in
871 933 986 1012 Magna
1010 926 1255 1010 Compositione,
1285 949 1441 1011 regressus
1465 938 1512 993 est

159 1018 201 1081 ad
224 1019 301 1081 haec
324 1020 406 1100 ipsa,
434 1034 511 1101 quae
534 1020 612 1083 inter
642 1014 789 1100 principia
820 1029 1007 1083 assumserat
1028 1028 1061 1081 et
1083 1038 1159 1100 quae
1187 1018 1254 1080 inde
1279 1019 1510 1090 deducebantur,

159 1108 382 1188 redarguenda.
419 1108 575 1171 Facillime
591 1110 670 1172 euim
693 1130 776 1173 error
798 1110 826 1172 iu
845 1119 907 1171 tarn
926 1109 1029 1172 subtili
1052 1108 1179 1170 materia
1201 1108 1375 1188 contingere
1397 1118 1509 1191 potest.

157 1196 297 1261 Primum
320 1197 440 1280 dioptra
462 1197 668 1279 Hipparchum
695 1199 821 1273 fefellit,
845 1219 900 1261 nee
923 1200 1013 1278 plane
1047 1205 1134 1259 tanta
1156 1205 1204 1259 est
1226 1196 1331 1260 Lunae
1354 1197 1508 1261 diameter.

160 1285 283 1349 Deinde
306 1305 362 1349 nec
385 1286 523 1349 horarios
546 1287 590 1350 ita
603 1298 705 1351 certus
725 1297 782 1363 est,
807 1295 841 1351 nt
855 1289 934 1350 omni
958 1287 1049 1349 dubio
1072 1292 1185 1349 careat.
1224 1284 1309 1348 Duas
1332 1287 1409 1349 enim
1423 1287 1511 1377 Luna

158 1374 282 1439 obtinet
304 1376 557 1455 inaequalitates,
585 1397 710 1458 quarum
742 1397 819 1457 qnae
847 1378 877 1439 in
908 1377 1005 1439 coitus
1036 1375 1180 1438 luminum
1208 1374 1321 1437 desinit
1351 1376 1510 1439 admodum
1576 1367 1581 1377 '

156 1465 309 1529 haetenus
332 1464 448 1527 incerta
464 1465 537 1547 fnit,
562 1477 596 1528 ut
617 1466 706 1529 aliter
729 1467 812 1529 illam
835 1466 1028 1529 Ptolemaeus
1051 1460 1226 1537 tradiderit,
1250 1464 1339 1526 aliter
1362 1461 1510 1546 Copemi-

157 1573 224 1631 oua
250 1555 339 1616 aliter
353 1554 466 1635 Tycho.
503 1554 585 1618 Fieri
607 1556 700 1619 etiam
721 1556 828 1636 potuit,
852 1562 887 1616 ut
904 1555 935 1615 io
950 1553 1101 1633 eclipseos
1124 1562 1156 1615 et
1178 1572 1279 1615 morae
1303 1560 1335 1615 et
1347 1554 1510 1635 digitorum

157 1644 379 1709 observatione
411 1662 469 1704 non
500 1644 578 1707 satis
608 1644 784 1725 diligentiae
815 1644 856 1706 sit
888 1643 1063 1705 adhibitum.
1110 1643 1189 1703 Nam
1210 1643 1240 1704 io
1264 1642 1383 1705 defectu
1405 1644 1509 1707 Lunae

141 1732 284 1796 difficile
312 1739 361 1793 est
383 1732 545 1795 aestimare
576 1734 654 1814 qnod
682 1734 786 1815 periit,
817 1753 884 1795 cum
906 1752 964 1796 non
987 1732 1134 1794 videatur.
1181 1730 1317 1813 Denique
1341 1731 1509 1796 latitudinis

158 1822 301 1902 angulus,
326 1829 360 1883 ut
378 1821 457 1883 inira
480 1822 605 1897 dicetur,
630 1822 718 1885 dubio
738 1842 797 1884 nou
816 1830 909 1885 caret.
947 1822 991 1886 Ut
1008 1822 1073 1902 jam
1095 1839 1154 1883 uon
1178 1819 1276 1883 dicam
1300 1820 1336 1882 de
1360 1839 1405 1896 eo,
1430 1821 1509 1902 qnod

158 1910 310 1973 diameter
332 1910 452 1983 Lunae,
485 1912 545 1973 etsi
567 1912 597 1974 in
621 1932 679 1974 uno
702 1911 828 1994 epicycli
851 1912 917 1974 loco
949 1919 1031 1973 recte
1055 1908 1145 1971 inerit
1173 1907 1352 1982 observata,
1385 1910 1415 1975 io
1439 1910 1508 1973 aliis

157 2010 263 2063 tamen
286 1999 361 2061 locis
385 1999 490 2061 vitium
518 2000 739 2063 contrahat'ob
762 2001 883 2063 nimiam
906 2000 945 2063 ab
967 1998 1142 2081 Hipparcho
1170 1999 1357 2079 suppositam
1384 2000 1507 2079 quanti·
1557 2020 1563 2036 ‘

156 2097 256 2152 tatem
278 2088 415 2170 epicycli,
440 2088 510 2151 dnm
532 2090 734 2171 inaequalitas
757 2090 854 2152 omnis
876 2110 915 2153 ex
938 2088 1070 2170 epicyclo
1100 2085 1261 2163 derivator,
1285 2106 1360 2170 qnae
1383 2088 1506 2152 dimidia

156 2198 196 2241 ex
218 2184 307 2259 parte
330 2177 449 2263 aliunde
472 2178 565 2240 venit.
663 2242 666 2251 ,

247 2266 441 2329 Ptolemaeus
465 2285 537 2348 ergo
561 2268 591 2329 in
612 2266 823 2330 iterationibus
846 2267 989 2347 pauciora
1010 2265 1156 2328 assumsit
1179 2273 1209 2329 et
1227 2266 1358 2329 certiora
1380 2266 1504 2329 demon-

156 2355 286 2421 strando
309 2356 403 2418 motui
427 2356 605 2419 latitudinis.
650 2357 745 2420 Bioas
769 2357 912 2435 eclipses,
941 2374 1029 2437 quam
1051 2355 1151 2434 potuit
1176 2354 1308 2419 invenire
1331 2355 1505 2436 longissimo

155 2445 305 2529 temporis
328 2444 487 2507 intervallo
511 2446 678 2521 distantes,
703 2446 797 2527 elegit
819 2446 863 2508 sic
886 2452 1094 2525 comparatas,
1123 2450 1158 2506 ut
1180 2452 1305 2526 utraque
1328 2453 1410 2507 esset
1431 2463 1506 2525 par·

155 2534 243 2599 tialis
276 2533 410 2614 ejusdem
443 2535 640 2615 quantitatis,
671 2536 751 2617 apud
783 2535 909 2596 eundem
937 2534 1065 2608 nodum,
1097 2533 1128 2595 in
1150 2533 1258 2596 eadem
1279 2533 1371 2615 plaga
1392 2534 1503 2609 mundi,

155 2623 287 2705 deniqne
311 2623 341 2684 in
364 2622 470 2684 eodem
492 2624 558 2686 loco
582 2624 724 2707 epicycli,
749 2633 783 2686 ut
805 2631 975 2697 constaret,
1004 2620 1138 2685 umbram
1160 2622 1192 2684 in
1215 2624 1344 2686 transitu
1367 2623 1504 2705 ubisque
1549 2658 1556 2687 c
1638 2656 1642 2663 ·

155 2712 296 2791 ejusdem
325 2731 393 2775 esse
422 2712 582 2774 crassitiei.
632 2713 689 2775 llis
712 2713 790 2776 enim
814 2714 895 2775 datis
928 2720 1042 2774 certum
1064 2718 1148 2783 crat,
1178 2706 1314 2792 utrinque
1337 2712 1505 2793 aequaliter

155 2801 296 2867 abluisse
319 2801 402 2864 illam
418 2801 545 2885 anodo,
562 2821 598 2863 ac
611 2802 735 2883 proinde
759 2802 846 2864 orbes
865 2801 1058 2864 latitudinum
1081 2809 1302 2863 consummatos
1326 2820 1395 2863 esse
1414 2809 1503 2883 atque

154 2892 304 2971 integros,
326 2889 401 2952 nihil
424 2890 593 2965 residuum,
616 2891 689 2953 nihil
712 2891 871 2966 deficiens,
902 2908 956 2953 nec
980 2908 1063 2970 opus.
1080 2888 1139 2952 fuit
1161 2897 1194 2951 ut
1216 2897 1323 2963 antea,
1356 2908 1503 2970 praeccg-
1610 2912 1615 2920 ·

154 2980 243 3045 noaci
266 2979 437 3054 horarium,
470 2979 649 3042 diametrum
670 2982 774 3043 Lunae
799 2989 851 3042 aut
872 2981 1013 3053 umbrae,
1046 2998 1101 3041 uec
1125 2979 1265 3059 angulum
1288 2978 1502 3055 inclinationis,

153 3088 192 3147 aq
215 3088 255 3130 ne
278 3069 422 3149 epocham
445 3068 563 3150 quidem
588 3076 686 3131 motus
710 3070 889 3132 latitudinis.
936 3068 1060 3132 Suffecit
1085 3068 1171 3140 scire,
1195 3067 1313 3130 Lunam
1335 3067 1503 3149 aequaliter

154 3180 176 3223 a
196 3158 280 3221 nodo
302 3156 436 3220 abfuisse
458 3157 614 3238 utrinque,
646 3159 746 3240 potnit
768 3159 894 3234 nesciri,
926 3164 1067 3238 qnantum
1095 3156 1234 3221 abluerit.
1281 3157 1326 3221 Ut
1347 3164 1448 3219 autem
1472 3167 1504 3218 et

154 3248 214 3315 boo
237 3246 367 3309 sciretur
388 3247 593 3327 postmodum,
621 3266 738 3311 mrsom
761 3248 954 3310 Ptolemaeus
984 3247 1077 3327 elegit
1100 3246 1174 3307 duas
1196 3246 1340 3328 partiales
1363 3246 1501 3327 eclipses,

155 3336 295 3418 ejusdem
329 3335 496 3397 anomaliae
530 3337 638 3416 plagae
667 3345 700 3399 et
727 3337 924 3417 quantitatis,
958 3336 1013 3399 sed
1041 3335 1169 3397 alteram
1201 3335 1278 3399 nodo
1309 3336 1502 3398 descendenti

156 3425 300 3500 vicinam,
326 3424 453 3487 alteram
476 3426 661 3488 ascendenti.
697 3426 776 3489 Nam
799 3434 916 3505 tempus
939 3425 1127 3506 interjectum
1151 3426 1312 3487 seeundum
1334 3425 1502 3507 latitudiuis

155 3524 274 3579 motum
289 3522 359 3576 ante
373 3513 586 3593 investigatum
605 3514 794 3587 ostendebat,
818 3522 929 3596 quanto
944 3533 1016 3577 arcu
1034 3514 1138 3577 circuli
1156 3514 1193 3576 ab
1208 3514 1334 3576 invicem
1350 3516 1501 3577 abessent.

157 3594 287 3669 Certum
310 3612 420 3677 autem,
445 3605 543 3665 miuus
566 3605 753 3667 semicirculo
772 3603 895 3668 distare.
933 3601 1034 3673 Quare
1057 3604 1206 3666 residuum
1229 3603 1267 3665 ad
1288 3602 1503 3666 semicirculum

156 3703 209 3757 est
238 3693 386 3755 distantia
416 3694 567 3773 utriusque
598 3694 746 3775 eclipseos
774 3712 867 3756 aeno
896 3693 973 3754 nodo
1005 3693 1034 3753 in
1058 3712 1148 3754 unam
1179 3712 1323 3755 summam
1355 3693 1501 3774 conjecta,

156 3802 237 3865 quae
271 3781 390 3844 bisecta
420 3781 521 3860 prodit
548 3792 696 3845 secretam
725 3782 909 3862 singularum
932 3802 950 3843 a
973 3782 1052 3843 nodo
1084 3781 1273 3857 distantiam,
1302 3783 1379 3863 qnod
1408 3802 1501 3864 quae-

156 3872 300 3935 rebatur:
325 3870 437 3950 angnlo
458 3870 627 3935 latitudiuis
649 3871 812 3943 etiamnum
833 3872 979 3952 ignorato.

247 3959 410 4024 Succincta
437 3979 510 4021 sane
540 3961 712 4037 methodus,
744 3959 891 4043 siquidem
927 3959 1080 4041 quantitas
1112 3959 1246 4020 delectus
1276 3960 1501 4029 aestimatorum

157 4049 289 4115 intuitus
303 4067 362 4111 non
378 4048 527 4123 refellerit,
553 4059 585 4112 et
597 4069 716 4131 semper
734 4050 763 4111 in
778 4058 894 4129 promtu
909 4049 971 4111 sint
988 4057 1050 4110 tam
1070 4049 1241 4111 commodae
1265 4049 1500 4113 observationes.

248 4136 313 4202 Sed
335 4156 512 4218 pergamus;
536 4140 761 4220 quarto‘itaque
775 4140 966 4201 Ptolemaeus
990 4138 1117 4200 alteram
1139 4137 1383 4218 inaequalitatem
1396 4140 1500 4201 Lunae

156 4229 211 4293 lib.
237 4228 279 4289 V.
305 4227 487 4308 aggreditur,
513 4247 588 4309 quae
612 4228 641 4290 in
665 4228 818 4291 novilunia
849 4228 961 4290 desinit
982 4234 1014 4289 et
1034 4226 1214 4309 plenilunio,
1244 4247 1333 4309 qnam
1355 4246 1421 4308 cop.
1449 4227 1500 4293 10.

156 4318 350 4387 demonstrat
381 4316 458 4378 citra
486 4334 627 4396 maguum
657 4318 873 4379 incommodum
897 4316 926 4378 in
950 4316 1065 4379 calculo
1095 4317 1250 4397 eclipsium
1272 4317 1370 4380 omitti
1399 4337 1500 4400 posse.

248 4403 364 4477 Quinto
388 4405 574 4467 latitudinem
597 4408 700 4469 Lunae
725 4407 894 4481 maximam,
923 4425 997 4487 quae
1021 4406 1126 4467 eadem
1148 4416 1197 4467 est
1224 4425 1289 4468 cum
1319 4408 1428 4487 angulo
1452 4407 1501 4470 in-

157 4495 333 4560 clinationis
357 4494 438 4556 orbis
461 4494 564 4557 Lunae
588 4495 768 4577 adplenum
801 4495 976 4574 eclipticae,
1000 4494 1192 4556 Ptolemaeus
1216 4514 1273 4557 non
1296 4494 1395 4558 minus
1416 4515 1501 4559 com-

156 4586 305 4668 pendiose
336 4584 508 4662 inquisivit,
541 4595 715 4662 exspectato
745 4592 914 4657 momento,
943 4603 1000 4665 quo
1032 4584 1119 4646 Luna
1147 4583 1175 4645 in
1201 4583 1318 4647 Cancro
1352 4585 1500 4647 borealem

156 4676 287 4739 limitem
310 4672 490 4752 attingebat.
527 4673 609 4734 Tunc
632 4674 710 4736 enim
728 4673 758 4734 in
772 4673 979 4735 Alexandrina
997 4672 1060 4752 poli
1078 4673 1244 4734 elevatione
1258 4673 1345 4735 Luna
1367 4674 1500 4754 proxime

157 4764 304 4829 vorticem
335 4762 482 4824 accedeus
513 4779 588 4841 pene
618 4764 697 4824 omni
729 4780 761 4825 se
790 4761 939 4842 parallaxi
971 4762 1108 4824 exuebat.
1130 4826 1133 4831 ,
1158 4761 1192 4823 ln
1216 4762 1271 4824 hoc
1299 4761 1417 4844 quidem
1440 4764 1499 4825 situ

155 4844 356 4919 Ptolemaeus
378 4850 518 4925 affirmat,
540 4870 573 4915 se
596 4868 737 4933 semper
759 4850 888 4915 eandem
901 4851 1005 4914 Lunae
1027 4850 1206 4915 branciam
1228 4851 1378 4915 avertice
1401 4852 1499 4935 quoad
