3354 5504
253 280 296 353 98
667 282 767 338 literae
785 284 886 351 chieri
905 282 1054 351 aliorumque
1072 288 1173 333 mutuae

254 480 311 516 oum
328 465 354 514 in
372 464 502 528 eclipsibus
519 470 573 515 tum
585 464 655 514 alias.
681 466 755 515 Porto
767 465 840 525 haec,
858 466 984 529 aliquanto
996 466 1075 526 major
1085 468 1177 520 sumta,
1195 460 1387 512 declinationem
1401 454 1513 509 uonmlu‘l
1524 454 1602 506 etism

253 540 373 599 majorem
388 540 454 599 iusto
472 537 540 587 lacit
575 528 664 600 Neque
682 543 768 587 tamen
786 552 832 601 ego
851 553 893 601 pro
911 552 951 585 me
969 536 1038 592 dico,
1067 548 1122 584 cum
1145 548 1202 583 mea
1228 536 1392 583 instrumenta
1414 544 1465 579 nou
1482 532 1604 579 accurata

253 608 304 657 sint
322 614 348 657 et
365 608 400 659 sic
419 608 522 658 aliorum
545 608 622 658 oculis
640 622 680 658 me
697 608 778 658 ridere
806 616 925 672 oporteat
963 604 1059 657 curato
1086 613 1171 655 tamen
1198 605 1263 654 brevi
1290 604 1453 667 quadrantem
1477 596 1620 663 lpedum'

254 680 467 735 accuratissimum
493 679 551 729 milri
579 678 630 729 fieri
662 680 694 729 ad
714 676 746 739 Q
767 680 966 735 observationes,
994 692 1049 727 cum
1067 677 1172 737 videam,
1200 681 1298 725 mutam
1325 688 1380 725 esse
1398 675 1423 723 in
1442 668 1476 733 Q
1495 670 1603 720 omium

253 750 431 814 simplicissimo
446 750 622 801 'differentiam

344 822 418 883 Quae
434 822 481 871 has
499 828 600 871 secatae
619 827 678 871 sunt
694 822 781 871 literae
800 816 1108 882 (elementiciis)
1127 819 1186 869 nihil
1205 820 1256 869 iere
1275 818 1342 869 aliud
1360 830 1435 882 quarn
1453 812 1605 879 mdogios

255 894 385 944 confluent
402 890 492 957 (comp.
507 894 563 943 Vol.
579 892 598 953 1,
621 910 644 958 p.
659 890 740 953 ³52).
759 894 799 943 Ad
811 892 918 943 ilartem
936 906 993 941 vero
1011 892 1075 942 redit
1086 891 1213 941 Fabricius
1230 892 1256 939 iu
1274 891 1350 941 literis
1368 889 1392 937 d.
1411 887 1435 937 d.
1449 882 1520 951 titt.
1534 886 1604 949 Apa,

256 962 295 1013 ltls
312 980 380 1014 more
398 972 516 1014 consueto
534 966 653 1028 iucipiens
671 964 792 1029 querelis:
812 964 913 1013 Adeone
931 964 972 1014 ilie
991 974 1047 1012 tuus
1065 962 1188 1013 Uranicus
1206 961 1279 1012 ardor
1297 968 1322 1011 et
1340 975 1409 1011 amer
1426 956 1557 1011 detonuit.
1575 960 1605 1005 ui

256 1042 296 1085 tot
312 1037 375 1085 meis
392 1036 469 1085 literis
487 1051 520 1086 ue
532 1038 587 1085 auis
606 1037 702 1100 quidem
715 1044 785 1085 tauto
804 1044 912 1100 tempore
931 1034 1078 1099 respondere
1097 1035 1192 1099 dignari
1211 1030 1336 1083 volueris?
1354 1031 1432 1105 Scito,
1449 1036 1476 1080 te
1487 1043 1539 1079 noa
1550 1034 1605 1077 um

256 1104 383 1157 literarum
401 1107 524 1157 cumulum
543 1108 569 1157 in
586 1108 633 1157 hoc
652 1107 748 1157 silentio
767 1107 874 1157 Uranico
899 1107 1028 1172 colligere,
1046 1120 1119 1170 quam
1142 1106 1251 1155 laborem
1269 1107 1295 1155 in
1313 1100 1483 1168 respondendo
1500 1112 1602 1165 tuum

256 1174 324 1228 Care
341 1178 416 1244 igitur
433 1179 494 1228 tibi!
522 1178 573 1229 Sed
591 1180 674 1237 dices,
699 1179 787 1241 differ,
815 1179 909 1228 habent
934 1192 1025 1243 parrae
1053 1177 1182 1227 commoda
1208 1191 1302 1241 magns
1327 1190 1420 1225 morae.
1455 1172 1560 1237 Accipio
1578 1176 1606 1221 et

172 1288 176 1307 .
206 1310 212 1323 .
256 1249 371 1313 quiesco;
389 1248 458 1299 Mars
477 1256 504 1299 et
521 1252 576 1307 Ars,
596 1251 628 1301 de
646 1251 732 1315 quibus
750 1252 774 1300 in
794 1250 982 1299 Commentariis
999 1250 1122 1312 promissis
1141 1250 1259 1312 exquisite
1277 1255 1388 1307 tractas,
1407 1254 1433 1297 te
1450 1244 1526 1295 facile
1543 1242 1605 1293 mlhl

256 1326 401 1371 usmetum
419 1320 538 1379 reddunt,
559 1328 656 1371 tanturn
681 1323 752 1371 abest
769 1328 798 1371 ut
820 1328 961 1385 suspectum
982 1320 1085 1369 iaciant.
1122 1320 1200 1385 Perge
1226 1334 1283 1385 ergo
1309 1319 1403 1369 deliclls
1421 1316 1470 1367 tuis
1487 1314 1605 1367 Uranicis

255 1396 284 1441 at
300 1389 456 1441 Martialibus
475 1392 529 1454 frui,
549 1394 586 1442 ita
603 1400 688 1443 ιιιιιιιιι
706 1402 834 1442 uteorum
854 1392 985 1456 aliquando
1003 1406 1048 1440 uos
1067 1388 1144 1455 (quod
1161 1406 1256 1441 summe
1279 1386 1458 1449 desideramus)
1477 1392 1605 1451 competes

254 1460 346 1513 reddas
364 1468 390 1513 et
408 1466 618 1528 exspectationem
635 1479 717 1515 meam
734 1480 784 1513 non
802 1466 900 1512 omnino
919 1464 944 1511 iu
963 1463 1131 1526 respondendo
1149 1462 1279 1512 hustreris.
1316 1462 1440 1525 Accepisti
1457 1460 1512 1509 siue
1531 1456 1605 1509 dubio

255 1532 377 1597 proximas
404 1549 474 1585 meas
502 1535 587 1585 literas
614 1535 736 1601 longiores
759 1538 784 1585 in
808 1536 922 1585 nundinis
940 1533 1186 1584 l'rsnlscinrtausibus
1213 1534 1247 1584 ad
1265 1533 1296 1583 D.
1317 1533 1440 1597 Legatum
1457 1530 1606 1583 Visclscrmu

256 1606 423 1655 mnium.
458 1606 545 1656 Habes
562 1608 613 1658 illic
631 1609 696 1672 quod
713 1607 871 1672 respondeas.
1085 1628 1088 1633 ·

345 1675 386 1727 De
403 1675 487 1727 llsrte
502 1680 555 1740 jam
574 1686 633 1729 ante
651 1693 727 1743 saepe
744 1680 784 1743 egi
801 1686 903 1733 tecum.
931 1690 997 1727 nunc
1014 1677 1080 1727 idern
1107 1676 1190 1727 iacere
1215 1690 1305 1741 cogor,
1333 1674 1397 1725 edeo
1414 1672 1484 1726 liare
1508 1688 1607 1739 semper

256 1746 401 1797 adversatur
418 1750 509 1798 nostris
528 1751 665 1801 consutus.

344 1818 502 1869 Ptolemaeus
521 1828 547 1870 ct
564 1820 713 1885 copemicus
740 1822 924 1885 praesupposito
951 1820 1097 1870 libramento
1115 1819 1157 1868 illo
1174 1820 1201 1867 in
1221 1811 1250 1885 (s
1272 1815 1304 1879 Q
1327 1823 1442 1867 statuum
1466 1832 1497 1867 es
1519 1818 1605 1869 ohser-

261 1890 408 1943 rstioaibus.
427 1898 456 1939 ut
473 1900 543 1955 puto,
560 1893 716 1947 lautudinem
735 1892 760 1953 0¹
781 1892 805 1952 5,
826 1889 892 1941 ivel
905 1890 931 1938 'l‘
950 1892 982 1941 ad
994 1906 1133 1947 summutas
1152 1898 1180 1940 st
1197 1898 1243 1940 tus
1258 1889 1401 1959 hypothesis
1418 1888 1484 1939 ultra
1500 1889 1608 1955 gradm

261 1961 293 2011 ad
312 1962 439 2011 minimum
456 1964 482 2011 in
501 1965 715 2027 conjunctionibus
733 1964 855 2013 concedit.
890 1963 986 2028 Magna
1004 1976 1065 2013 saue
1083 1969 1110 2012 et
1128 1963 1232 2011 enormis
1250 1961 1406 2017 differentior
1434 1961 1508 2011 miror
1524 1960 1606 2011 valde.

258 2031 316 2081 Non
342 2032 442 2082 dubium
469 2040 508 2082 est
525 2034 695 2086 Ptolemaeum
715 2050 745 2085 ex
763 2035 980 2092 obserrationibus,
1004 2036 1029 2083 iu
1052 2035 1149 2083 rectiori
1167 2034 1210 2083 illa
1236 2032 1342 2096 sphaera
1365 2040 1392 2081 et
1413 2031 1510 2083 clariori
1537 2030 1608 2083 coelo

258 2103 364 2160 lisbitis.
392 2104 537 2155 latitudines
554 2106 609 2155 illas
627 2106 738 2156 hausisse
758 2112 783 2155 et
801 2108 821 2155 si
839 2114 912 2155 tants
939 2119 1013 2170 quarn
1030 2112 1058 2155 tu
1077 2106 1193 2155 concedis
1218 2111 1284 2154 esset
1310 2102 1414 2154 latitudo
1433 2102 1458 2163 d
1478 2104 1548 2155 circa
1566 2094 1608 2169 ὅ.

261 2182 328 2225 certe
345 2174 383 2224 rel
402 2176 494 2240 absque
512 2180 579 2227 omni
597 2178 758 2227 instrumento
779 2179 938 2241 cognovisset.
978 2176 1075 2226 Deinde
1093 2178 1162 2227 rideo
1180 2179 1206 2225 iu
1224 2183 1270 2225 tua
1293 2175 1422 2238 hypothesi
1440 2176 1509 2225 circa
1525 2174 1610 2225 media

257 2246 313 2295 ioca
329 2244 490 2311 longitudinis
509 2250 638 2299 convenire
650 2248 803 2305 latitudines,
821 2249 892 2299 rideo
904 2251 1070 2312 proportiones
1088 2247 1207 2297 linearum
1220 2247 1409 2311 comespoudere
1426 2246 1607 2305 latitudinibus.

257 2315 323 2381 quod
340 2318 367 2367 in
384 2317 527 2369 Ptolemaeo
546 2328 572 2369 et
590 2318 726 2384 Copornico
752 2336 802 2369 nou
828 2320 873 2376 fir.
899 2320 940 2369 ubi
967 2319 1224 2370 incommensurabilis
1247 2319 1291 2368 illa
1318 2319 1401 2368 omnia
1425 2324 1484 2367 sunt
1509 2320 1608 2369 ratione

258 2387 379 2438 linearum
396 2390 462 2439 inter
478 2404 514 2445 se.
533 2392 598 2455 qaod
615 2392 674 2441 mihi
699 2407 793 2457 quoque
812 2407 861 2440 non
880 2392 960 2439 minus
987 2390 1163 2440 obseruandum
1182 2391 1283 2439 ridetur.
1321 2389 1532 2453 Haereo‘lgitur‚
1550 2390 1608 2453 quis

259 2460 327 2509 circa
346 2453 376 2525 ό
390 2456 424 2519 Q
442 2461 593 2512 sufficientes
612 2464 794 2513 observationes
812 2479 861 2512 non
880 2462 977 2513 habeo:
1003 2478 1051 2511 nou
1070 2462 1152 2511 dubito
1171 2472 1197 2511 te
1215 2462 1320 2517 habere,
1340 2476 1415 2525 quare
1433 2475 1474 2511 me
1492 2461 1534 2510 isc
1553 2475 1607 2512 ccr-

257 2530 344 2579 tiorem
363 2530 395 2580 de
412 2530 461 2582 hac
479 2535 625 2584 enormitate
643 2536 709 2584 iuter
725 2544 751 2585 te
770 2542 796 2585 et
813 2534 983 2584 Ptolemaeum
1002 2541 1027 2582 et
1045 2534 1164 2598 quomodo
1183 2533 1353 2583 Ptolemaeum
1370 2533 1409 2581 rel
1432 2546 1552 2583 excusare
1570 2532 1608 2582 rel

257 2600 366 2652 minure
383 2602 452 2653 velis.
733 2642 736 2647 .
1085 2638 1092 2653 .

346 2672 428 2725 Locus
446 2673 534 2725 Mortis
552 2676 577 2724 in
596 2678 681 2740 genesi
700 2677 733 2726 D.
747 2676 893 2725 Cancellarii
913 2690 930 2725 a
941 2684 967 2726 te
985 2682 1132 2739 supputatus
1150 2676 1210 2724 mire
1228 2688 1268 2723 me
1286 2675 1403 2725 exercuit.
1427 2672 1466 2724 Tu
1486 2670 1516 2723 1⁰
1528 2670 1609 2733 58‘6

260 2744 383 2802 invenisti,
402 2760 449 2810 ego
468 2744 499 2795 ²⁰
518 2744 569 2795 ²1¹.
606 2746 662 2797 lion
682 2748 780 2798 dubium
800 2756 839 2797 est
856 2755 882 2797 te
900 2763 943 2811 per
961 2748 1144 2798 festinationem
1162 2748 1186 2795 in
1206 2745 1300 2796 calculo
1319 2760 1424 2801 errasse.
1441 2746 1506 2811 quod
1523 2747 1609 2811 palam

260 2815 337 2865 isciet
354 2816 491 2867 omenatio
508 2833 567 2868 mes
585 2820 644 2868 anui
663 2815 706 2877 95,
726 2820 750 2867 7.
764 2819 826 2869 Dec.
845 2819 870 2867 h.
884 2818 910 2867 7.
930 2835 954 2882 p.
968 2836 1011 2873 m,
1030 2832 1094 2882 quse
1112 2818 1191 2867 locum
1211 2816 1236 2877 ὀ
1255 2820 1280 2867 in
1299 2817 1367 2867 coele
1385 2818 1430 2867 dat
1450 2814 1498 2864 10⁰
1510 2814 1554 2869 ³⁶⁴
1568 2814 1610 2875 ὅς

260 2886 301 2937 hic
319 2892 365 2937 tus
381 2886 523 2951 hypothesis
542 2888 567 2937 7‘
586 2891 666 2939 miuus
685 2892 729 2940 dat
747 2897 773 2941 et
791 2892 823 2940 ad
841 2890 887 2939 hoe
906 2897 1001 2954 tempus
1020 2892 1196 2954 praescriptum
1218 2902 1299 2938 auom.
1320 2886 1369 2937 9¹⁰
1386 2886 1439 2949 52⁴,
1457 2890 1524 2939 deut
1542 2898 1569 2941 et
1585 2890 1612 2939 in

261 2957 409 3008 cancellarii
427 2962 521 3025 genesi,
540 2961 612 3025 idque
631 2970 726 3012 exacte.
764 2963 829 3027 Ergo
848 2963 973 3025 utrobique
992 2976 1093 3011 necesse
1112 2970 1150 3011 est
1168 2959 1297 3024 aequalem
1316 2960 1481 3009 differentiam
1497 2975 1562 3011 esse.

351 3028 481 3081 Discanus
499 3028 537 3092 Q·
552 3040 578 3081 et
597 3031 622 3093 ὀ
643 3048 716 3082 ame
741 3036 843 3083 iuventa
871 3031 991 3085 153178,
1020 3034 1139 3083 distantia
1168 3029 1200 3091 Q
1227 3029 1296 3097 et&
1325 3028 1438 3081 estere.
1475 3030 1611 3083 Dimidium

263 3102 475 3152 eccentricitatem
494 3100 527 3163 Q
546 3118 613 3154 nunc
630 3104 705 3167 probo
724 3113 750 3155 et
772 3104 904 3161 confirmo,
932 3114 959 3155 at
978 3105 1108 3153 distantias
1127 3102 1152 3163 ὁ
1172 3104 1271 3152 omniuo
1298 3102 1444 3169 prolongare
1463 3109 1561 3167 oportet
1578 3102 1612 3153 ad

258 3172 340 3222 latera
359 3173 392 3221 ad
411 3170 453 3221 12‘
473 3189 563 3238 usque,
592 3181 619 3224 et
636 3176 733 3239 quidem
754 3176 785 3225 ab
810 3176 907 3240 aphelio
926 3176 959 3225 ad
983 3175 1090 3225 mediam
1115 3174 1292 3239 longitudinem
1317 3175 1547 3241 proportionaliter5
1576 3176 1611 3224 sic

260 3259 345 3293 omnes
364 3244 548 3297 observationes
575 3249 675 3311 egregie
702 3250 850 3297 conveniunt
874 3255 933 3296 tuae
956 3248 1092 3309 hypothesi.
1130 3245 1257 3307 Quomodo
1275 3247 1322 3295 hoc
1341 3246 1453 3295 oralltati
1472 3254 1532 3297 tuae
1551 3261 1610 3297 cou-

260 3317 353 3371 renist,
372 3322 400 3365 ta
418 3316 515 3365 rideris.
552 3318 591 3368 Τιι
609 3319 628 3367 si
647 3319 787 3383 ubicunque
811 3320 1003 3371 ecceutricitatis
1028 3320 1150 3368 rationem
1169 3324 1195 3367 et
1212 3318 1310 3366 modum
1329 3324 1355 3366 et
1372 3330 1463 3366 causas
1483 3318 1611 3367 nstmsles

262 3387 407 3443 ostenderis,
425 3386 499 3438 facile
516 3404 561 3439 uos
579 3390 606 3439 iu
624 3398 693 3439 tuem
711 3390 838 3453 pertralres
857 3391 1015 3439 sententiam.
1053 3389 1194 3439 Distantiae
1213 3396 1273 3439 tuae
1291 3389 1325 3439 ad
1343 3388 1468 3439 dimidiam
1488 3390 1609 3440 eccentri-

261 3458 363 3507 citatem
381 3456 408 3519 d*
427 3461 578 3509 constitutae
591 3475 640 3509 uon
653 3461 802 3524 respondent
820 3461 1075 3524 prosthaphaercsium
1096 3461 1218 3511 ditandis
1230 3474 1277 3509 uec
1290 3462 1352 3510 reris
1371 3474 1467 3525 quoque
1485 3460 1610 3511 distantiis

262 3530 419 3580 conveniunt
457 3530 511 3596 Ego
528 3540 596 3595 puto,
616 3534 635 3580 si
655 3534 793 3582 reseratio
811 3532 1038 3595 prostlraphaeresis
1058 3540 1194 3585 constaret.
1216 3537 1330 3581 constare
1348 3546 1443 3595 quoque
1462 3541 1523 3582 tunc
1539 3546 1612 3581 rerss

261 3600 400 3659 distantias,
420 3616 478 3652 uam
493 3617 522 3652 es
536 3604 622 3653 eodem
641 3603 709 3653 lente
727 3607 853 3667 provenire
872 3619 920 3653 nou
940 3613 978 3653 est
990 3604 1098 3657 dubium.
1118 3611 1144 3652 et
1155 3612 1289 3671 autequam
1307 3602 1371 3655 haec
1387 3603 1434 3653 duc
1453 3618 1503 3652 non
1521 3604 1612 3653 luerim

262 3672 300 3720 ita
318 3672 459 3729 consistatis,
478 3680 507 3723 ut
525 3674 598 3737 plane
616 3674 789 3737 respondeant,
813 3691 862 3724 nou
880 3682 939 3738 puto
961 3690 1006 3724 nos
1029 3689 1112 3724 reram
1130 3673 1155 3735 d
1175 3674 1321 3737 hypothesin
1344 3674 1479 3724 hebituros.
1517 3674 1612 3726 Vsum

263 3758 289 3791 a.
309 3757 365 3792 vero
384 3752 512 3794 consonat.
537 3745 575 3795 Tu
592 3744 822 3809 prosthaphaeresiu
836 3754 861 3795 et
874 3749 926 3809 ejus
938 3746 1017 3795 lineas
1035 3747 1249 3811 proportionesque
1267 3747 1303 3795 sic
1315 3746 1417 3809 adapta,
1436 3753 1464 3794 ut
1476 3744 1611 3795 &tantiae

265 3812 323 3863 inde
341 3816 511 3877 provenientes
530 3818 580 3865 sint
597 3830 671 3865 resse
685 3826 711 3866 et
723 3818 929 3867 observationibus
948 3818 1120 3881 respondeant,
1140 3827 1166 3867 et
1178 3832 1207 3866 es
1226 3816 1321 3867 duabus
1339 3816 1515 3882 hypothesibus
1533 3832 1610 3869 unam

265 3885 315 3944 lac,
334 3900 367 3934 ne
385 3886 550 3937 adulteratum
570 3890 710 3953 conjugium
729 3890 893 3939 constituatur
910 3890 974 3939 inter
992 3890 1108 3939 vicariam
1127 3895 1153 3938 et
1170 3903 1261 3939 reram.

353 3954 426 4007 llaec
443 3972 473 4007 ex
492 3972 575 4008 amore
593 3973 666 4008 veruo
685 3961 745 4009 artis
762 3960 874 4023 protero,
903 3976 952 4009 nou
979 3960 1117 4025 sugillando
1136 3968 1204 4010 tuam
1231 3959 1393 4023 hypothesin,
1421 3973 1496 4023 quarn
1514 3966 1611 4027 propter

265 4029 431 4079 inventionem
449 4031 598 4094 magnifacio
616 4030 753 4093 plurimum,
773 4047 828 4082 cum
841 4032 945 4088 rideam,
964 4046 1020 4087 earu
1032 4032 1178 4094 respondere
1196 4032 1231 4081 sic
1244 4032 1304 4081 satis
1316 4030 1379 4081 bene
1392 4030 1610 4087 observationibus,

261 4098 425 4164 undecunque
444 4103 521 4151 etiam
539 4103 583 4151 illa
601 4102 729 4152 diversitas
748 4103 921 4152 distantiarum
934 4106 973 4154 sit.
999 4102 1055 4153 Nou
1074 4103 1175 4167 despero
1193 4110 1219 4152 te
1232 4116 1334 4152 causam
1346 4102 1483 4153 etmodum
1501 4104 1611 4155 invenire

260 4186 340 4235 posse,
360 4173 382 4220 si
400 4172 471 4223 modo
490 4174 615 4237 ingenium
632 4174 760 4225 intendere
778 4174 846 4223 velis.

353 4242 461 4293 Causam
479 4261 574 4309 quoque
602 4246 665 4294 scire
693 4246 819 4305 desidero,
849 4262 891 4297 cur
909 4246 934 4294 in
952 4245 1082 4309 hypothesi
1100 4244 1125 4305 d
1145 4244 1352 4295 semidiametrum
1380 4244 1514 4296 eccentrici
1533 4244 1560 4306 d
1579 4244 1611 4297 sd

262 4312 326 4363 orbis
340 4313 403 4364 Solis
421 4317 601 4379 proportionem
619 4315 735 4367 reducere
754 4319 834 4381 potius
847 4318 958 4374 volueris,
977 4332 1050 4380 quam
1069 4324 1163 4367 contra.
1182 4317 1219 4365 uti
1232 4314 1380 4380 Ceperuicus
1399 4324 1425 4367 ct
1443 4316 1485 4367 alii
1506 4316 1610 4377 iaciunt,

264 4387 304 4449 qui
323 4386 348 4434 in
367 4388 477 4448 partibus
496 4388 628 4437 eccentrici
647 4387 754 4449 pluribus
774 4390 837 4437 orbis
857 4391 931 4437 annui
951 4388 1157 4437 semidiametrum
1175 4386 1317 4451 inquirunt?

349 4456 468 4513 Obsecro,
487 4466 515 4509 ut
532 4459 592 4508 nrihi
611 4460 756 4521 compendio
769 4470 814 4509 tua
832 4461 1004 4515 communices.
1024 4474 1125 4522 quonum
1143 4460 1293 4508 mentionem
1306 4458 1377 4515 lacis,
1395 4460 1516 4524 quomodo
1528 4458 1609 4523 Ephe·

262 4530 335 4579 meris
354 4528 379 4589 d
399 4531 494 4579 institui
513 4531 604 4580 debeat
623 4531 655 4579 ud
673 4530 749 4579 denos
768 4532 828 4581 dies.
848 4554 882 4563 -
901 4531 946 4581 llis
964 4531 1085 4579 immiscet
1104 4530 1230 4579 Fabricius
1248 4530 1353 4594 plurima
1371 4530 1429 4589 alia.
1449 4545 1514 4595 quae
1532 4532 1609 4581 omui·

263 4601 337 4650 moda
354 4609 479 4664 spectant,
499 4610 525 4652 et
542 4604 567 4651 in
586 4602 731 4665 postscripto
750 4602 847 4651 demum
866 4603 899 4651 ad
918 4602 1022 4651 Martem
1042 4614 1150 4649 reversus
1169 4600 1233 4651 haec
1250 4601 1354 4665 profert:

352 4672 392 4722 Ad
410 4681 506 4737 tempus
526 4672 689 4723 cancellarii:
710 4672 771 4722 PBG
792 4675 916 4723 anomalia
934 4673 1015 4722 suada
1034 4668 1082 4719 91⁰
1101 4671 1153 4729 52¹,
1172 4672 1238 4722 BCA
1262 4674 1367 4737 angulus
1386 4670 1417 4721 5⁰
1436 4671 1488 4723 15‘.
1526 4672 1553 4723 Si
1571 4674 1611 4725 hic

262 4743 367 4808 angulus
394 4742 554 4795 subtrahatur
572 4746 603 4795 ab
629 4744 720 4809 angulo
747 4740 795 4793 91ο
814 4744 865 4799 5²⁴.
888 4751 974 4794 manet
993 4742 1097 4808 angulus
1114 4744 1181 4794 Boc
1200 4742 1249 4793 86⁰
1268 4742 1318 4793 37¹.
1357 4746 1421 4811 Ergo
1445 4755 1474 4796 ut
1492 4744 1560 4797 BAC
1578 4745 1611 4796 cd

261 4814 305 4865 Bc
323 4815 418 4865 radium
436 4816 472 4865 sic
486 4816 551 4867 tssc
570 4816 659 4867 stac
678 4816 821 4865 distantiam
841 4812 873 4877 Q
893 4823 919 4865 et
937 4814 961 4875 d
982 4815 1075 4866 rednct
1097 4812 1242 4865 15270320.
1271 4818 1394 4867 htminor
1407 4816 1472 4869 hacc
1490 4818 1612 4871 mimus

269 4884 303 4936 ali
321 4887 394 4936 medo
413 4894 528 4951 accepta,
548 4904 621 4954 quasa
640 4889 691 4939 obs.
711 4884 754 4935 95.
775 4886 799 4934 7.
819 4886 881 4937 Dec.
901 4887 925 4937 h.
947 4886 971 4935 7.
990 4901 1014 4950 p.
1033 4902 1066 4935 ur.
1086 4888 1200 4938 ostendit
