3354 5504
160 228 257 348 'Dio
559 328 570 338 .
674 277 715 334 n·
732 278 839 333 uerso
857 279 951 334 sousa
968 280 1056 334 uere·

194 461 267 525 tiam
291 461 342 522 αθ
365 456 535 521 necessario
567 464 599 521 et
620 458 685 521 sine
714 458 839 541 speciali
867 458 990 522 consilio
1019 459 1152 523 efficeret
1179 457 1295 539 justam
1322 464 1355 521 et
1383 455 1540 540 aequalem

193 550 251 631 ipsi
273 549 353 611 AD.

191 704 194 709 ,
281 639 328 700 At
345 595 714 741 praeterqunfflffiod
704 657 731 699 rs
755 656 822 699 cnm
861 643 1003 727 2291„
1027 635 1129 718 quinto
1161 656 1294 718 pugne
1278 637 1460 712 eu'detur,
1491 635 1543 721 qui

131 727 279 809 ficit,
303 728 456 807 planetam
479 726 508 787 vi
533 724 626 788 insita
647 727 787 807 progredi
890 725 984 805 I»
1014 727 1110 790 locum
1134 746 1172 788 ex
1193 748 1239 808 γι
1259 732 1317 804 ’,θ
1341 726 1545 790 multaetiam

195 817 257 880 alia
273 817 405 878 absurda
428 815 626 878 involvuntur.
665 816 800 879 Ducatnr
818 817 896 878 enim
914 802 974 877 ri?
994 816 1059 878 BD
1082 816 1245 895 parallelos
1269 817 1346 891 AN,
1372 815 1546 879 etsitAN

195 905 330 988 aequalis
364 905 422 984 ipsi
444 904 525 979 BD,
550 912 581 966 et
604 915 706 967 centro
730 906 758 967 N
783 906 931 968 scribatur
954 906 1119 987 epicyclus,
1152 905 1202 987 qui
1228 925 1282 986 per
1303 907 1332 968 D
1355 906 1421 968 ibit.
1470 903 1546 968 Cum

195 996 304 1077 igitur,
337 994 596 1058 existentec
638 995 733 1056 riecto
756 995 883 1069 circulo,
917 995 1007 1057 iidem
1030 994 1223 1075 perficiantur
1254 995 1354 1075 anguli
1378 1015 1397 1057 a
1419 986 1546 1074 planeta

195 1083 329 1165 anud
352 1084 378 1146 Β
402 1092 536 1145 centrum
623 1085 711 1146 utrici
730 1092 761 1145 et
784 1084 873 1147 abN
898 1093 1000 1146 centro
1025 1085 1148 1166 epicycli
1233 1085 1404 1147 dcentrum
1418 1082 1546 1146 SolisA

196 1174 265 1257 (per
289 1173 554 1275 aequipollentiam
577 1174 815 1236 demonstratam
838 1174 936 1254 capite
959 1175 1000 1236 Il.
1002 1176 1032 1247 ),
1063 1175 1190 1235 diametr
1231 1173 1355 1257 epicycli
1379 1173 1464 1248 ND,
1498 1171 1547 1254 qni

199 1263 384 1344 planetam
376 1282 406 1324 ιιι
421 1263 449 1324 D
464 1262 571 1336 habet,
605 1246 758 1325 manente*
767 1262 824 1343 ipsi
849 1264 913 1326 AB
937 1264 1083 1343 parallelo
1105 1271 1244 1366 respectu
1269 1263 1344 1325 situs
1367 1263 1397 1326 in
1421 1261 1545 1324 mundo.

196 1354 264 1417 ideo
288 1352 336 1415 bic
358 1359 519 1432 poneretur
543 1353 647 1413 eadem
662 1352 804 1413 celeritas
826 1353 854 1414 N
879 1353 973 1414 centri
998 1351 1164 1433 epicycli
1138 1372 1220 1414 cuca
1233 1373 1253 1415 a
1267 1351 1371 1415 Solem
1385 1359 1417 1414 et
1431 1351 1461 1413 D
1476 1351 1544 1432 pla-

198 1450 287 1507 netac
310 1440 390 1504 circa
412 1442 437 1502 Β
461 1449 594 1503 centrum
619 1440 759 1521 epicycli,
793 1441 838 1503 ita
865 1450 899 1503 ut
930 1442 1017 1504 simul
1051 1442 1277 1504 intenderentur
1307 1442 1360 1504 isti
1392 1449 1494 1504 motus
1516 1447 1547 1503 et

199 1532 287 1619 simpl
317 1531 558 1593 remitterentur.
591 1537 623 1591 et
652 1531 723 1610 quia
745 1531 874 1592 intensio
899 1538 929 1593 et
951 1531 1086 1593 remissio
1111 1538 1159 1594 est
1187 1552 1205 1592 a
1233 1531 1336 1611 majori
1364 1531 1415 1592 vel
1442 1527 1546 1592 minori

198 1610 346 1713 disfibtia
370 1619 502 1701 corporis
526 1620 665 1699 planetae
684 1618 800 1693 ason,
825 1620 892 1681 ideo
916 1627 1049 1682 centmm
1073 1620 1214 1702 epicycli,
1241 1640 1365 1682 manens
1388 1620 1419 1682 in
1444 1618 1546 1681 eadem

203 1692 365 1785 distantia,
395 1710 556 1788 fingeretur
579 1709 664 1770 tarde
688 1709 737 1770 vel
760 1710 897 1772 celeriter
926 1711 1036 1772 moveri
1059 1719 1183 1791 proptor
1205 1710 1361 1791 planetam
1384 1708 1546 1771 distantem

174 1800 318 1881 ‘longius
342 1800 390 1860 vel
413 1798 532 1860 brevius
555 1819 574 1859 a
597 1796 678 1859 Sole.

290 1889 332 1950 Et
354 1887 489 1969 quamvis
511 1887 606 1948 virtus
630 1886 770 1966 planetas
793 1886 905 1949 vehens
920 1886 1045 1950 celerior
1069 1894 1118 1950 est
1141 1886 1275 1949 omnibns
1299 1886 1418 1949 omnino
1441 1886 1545 1968 plane·

202 1979 253 2055 tis,
277 1987 313 2040 ut
335 1985 489 2039 ostensum
512 1994 576 2056 cap.
600 1975 752 2051 XXXIV,
784 1975 831 2037 hic
854 1983 955 2039 tamen
979 1984 1063 2039 esset
1085 1977 1171 2039 nobis
1194 1976 1406 2057 supponendus
1438 1973 1545 2056 imagi·

206 2067 327 2130 natione
360 2085 435 2128 nnus
467 2066 586 2128 virtutis
610 2084 646 2127 ex
670 2064 742 2127 Sole
770 2066 870 2128 radius
893 2065 978 2143 AN,
1008 2085 1062 2128 ceu
1094 2067 1189 2142 linea,
1223 2067 1253 2129 in
1282 2086 1340 2148 qna
1362 2065 1393 2128 N
1416 2073 1546 2128 centrum

207 2157 333 2239 epicycli
363 2163 508 2236 perpetuo
540 2162 690 2216 maneret:
724 2174 800 2236 qnae
823 2156 904 2218 linea
927 2174 991 2218 cnm
1023 2155 1087 2236 ipso
1111 2164 1214 2219 centro
1237 2156 1266 2218 N
1288 2156 1440 2218 interdum
1469 2159 1548 2217 esset

170 2252 174 2257 '
203 2247 302 2321 tarda,
325 2244 474 2333 intqdum
497 2244 602 2319 volox;
636 2245 742 2306 iterum
765 2253 870 2307 contra
893 2262 943 2319 ea,
969 2264 1045 2325 quae
1068 2245 1275 2327 supradicta,
1298 2245 1378 2327 quod
1400 2245 1497 2308 virtus
1518 2243 1547 2306 in

204 2338 308 2399 eadem
331 2335 478 2396 distantia
500 2333 625 2395 eandem
648 2343 791 2414 perpetuo
815 2344 950 2415 praestet
965 2335 1166 2398 celeritatem:
1190 2335 1344 2417 planetam
1367 2352 1440 2397 vero
1455 2333 1545 2397 debe·

203 2444 303 2489 remus
324 2443 434 2504 ponere
458 2442 525 2484 sese
550 2424 738 2484 evolventem
752 2441 789 2485 ex
812 2423 867 2486 boc
891 2424 1068 2505 imaginario
1094 2425 1175 2488 radio
1199 2425 1270 2489 AN
1293 2424 1452 2505 inpactos
1475 2442 1545 2486 con-

204 2515 314 2579 trarias
337 2513 520 2594 temporibus
543 2512 717 2594 aequalibus
742 2512 954 2593 inaequaliter,
985 2521 1073 2594 prout
1103 2515 1167 2596 ipse
1196 2513 1245 2576 hic
1268 2512 1369 2575 radius
1397 2514 1447 2576 vel
1472 2512 1546 2575 celer

204 2605 254 2667 vel
277 2605 382 2666 ardus
404 2603 498 2665 fieret.
545 2608 619 2683 (Hoc
647 2612 772 2670 utimum
798 2600 952 2669 rounam
979 2613 1051 2668 inus
1078 2631 1138 2685 cap.
1166 2614 1266 2670 xnrx.
1294 2614 1392 2669 ceretu
1424 2612 1547 2669 ammon

204 2695 401 2771 manentibus.)
442 2690 509 2762 Quo
541 2699 630 2773 pacto
658 2692 848 2771 geometricis
876 2693 994 2774 quidem
1026 2701 1160 2756 veterum
1189 2693 1447 2775 suppositionrbus
1479 2711 1547 2774 pro·

204 2785 305 2866 piores
329 2784 473 2855 fieremus,
499 2782 553 2843 sed
567 2803 585 2844 a
599 2780 730 2863 physicis
753 2781 1008 2862 speculationibus
1028 2782 1234 2847 aberraremus
1252 2802 1340 2865 quam
1364 2781 1547 2864 longissime,

261 2882 414 2936 ostensum
437 2890 501 2952 cap.
527 2872 567 2934 II.
603 2871 708 2951 Neque
732 2871 884 2933 sufficiunt
907 2872 1106 2952 cogitationes
1129 2892 1214 2936 meae
1236 2872 1276 2937 ad
1301 2872 1464 2935 eruendum
1486 2888 1548 2933 rno-

158 2886 285 3079 '¹¹’
310 2981 367 3044 qno
390 2961 452 3023 ista
474 2961 646 3040 contingere
670 2970 794 3038 possent
817 2962 1004 3025 naturaliter.

294 3050 489 3152 Simplicius
481 3050 571 3140 rgitur
590 3049 794 3128 cogitarentur
816 3049 886 3127 ista,
911 3051 937 3112 si
960 3051 1174 3130 inspiceremus
1197 3050 1266 3114 ΝΒ
1290 3049 1471 3118 diametmm
1487 3048 1548 3133 epi·

205 3143 283 3226 cycli
314 3139 461 3220 sibiipsi
492 3146 635 3220 perpetuo
659 3139 836 3218 parallelum
859 3149 1039 3202 manentem
1086 3143 1168 3203 Tunc
1201 3141 1292 3244 igitur
1321 3140 1448 3220 planeta
1478 3139 1550 3202 huuc

207 3242 319 3297 motum
351 3231 529 3302 conficeret,
560 3227 775 3308 imaginatione
807 3248 863 3290 nnn
894 3229 1018 3313 epicycli
1052 3232 1105 3292 sed
1140 3239 1209 3293 cent
1209 3231 1233 3294 ri
1196 3228 1492 3305 teccentriciB,
1524 3235 1551 3290 et

207 3322 317 3386 tuendo
340 3338 407 3382 sese
430 3319 459 3379 in
484 3319 589 3380 eadem
612 3325 757 3398 perpetuo
773 3318 919 3380 distantia
942 3319 980 3381 ab
1005 3320 1056 3381 illo
1080 3327 1194 3382 centro.
1232 3319 1275 3381 At
1298 3318 1353 3381 sub
1377 3318 1551 3400 principium

207 3411 306 3492 operis
330 3428 396 3490 cap.
421 3409 461 3470 ll.
487 3407 683 3481 dictumest,
718 3406 963 3470 absurdissimum
986 3428 1070 3483 esse,
1104 3417 1137 3470 ut
1163 3409 1287 3490 planeta
1311 3409 1466 3489 (quamvis
1490 3424 1552 3470 eum

208 3509 307 3564 mente
329 3499 479 3571 instruas)
502 3498 681 3578 imaginetur
705 3497 760 3558 sibi
776 3506 909 3559 centrum
933 3506 964 3559 et
986 3499 1023 3559 ab
1048 3518 1083 3559 eo
1108 3498 1292 3572 distantiam,
1318 3497 1347 3558 in
1372 3515 1430 3577 quo
1454 3504 1551 3560 centro

208 3590 321 3653 nullum
342 3587 492 3668 peculiare
507 3605 614 3667 corpus
637 3604 690 3666 pro
707 3594 779 3648 nota
802 3585 884 3648 insit.
922 3585 963 3648 Et
986 3588 1122 3669 quamvis
1138 3588 1259 3662 dixeris,
1282 3587 1438 3666 planetam
1458 3584 1551 3667 respi-

210 3699 276 3743 cere
300 3679 338 3741 ad
361 3677 464 3740 Solem
485 3677 529 3751 A,
555 3676 668 3756 etjam
691 3683 782 3737 antea
809 3675 884 3738 scire
918 3677 1101 3751 memoriter,
1137 3678 1240 3757 quales
1264 3676 1366 3738 ordine
1391 3676 1552 3739 distantiae

211 3791 230 3833 a
253 3769 323 3832 Sole
351 3765 476 3847 perfecti
499 3765 658 3828 eccentrici
681 3765 853 3844 contingere
877 3764 1021 3827 debeant:
1054 3766 1180 3847 primurn
1203 3766 1259 3828 hoc
1283 3764 1428 3828 remotius
1456 3773 1506 3828 est
1527 3770 1554 3826 et

182 3859 327 3939 „indiget
349 3855 465 3928 mediis,
488 3875 563 3938 qnae
579 3856 667 3916 effect
654 3861 717 3915 tum
739 3853 865 3934 perfecti
883 3855 1038 3918 circularis
1060 3856 1176 3918 itineris
1201 3875 1267 3916 cum
1291 3854 1376 3935 signo
1393 3853 1551 3917 crescentis

212 3958 243 4011 ει
258 3945 458 4010 decrescentis
482 3945 619 4007 diamet
583 3953 621 4006 ιιι
637 3943 717 4006 Solis
741 3952 929 4018 connectant,
954 3945 1077 4006 etiarn
1069 3966 1098 4006 ιιι
1122 3945 1345 4025 aliquamente.
1395 3944 1433 4007 Id
1456 3952 1551 4006 autern

100 4044 102 4049 '
213 4037 342 4100 medium
371 4054 428 4098 non
459 4043 507 4096 est
534 4035 627 4107 alind,
660 4032 718 4094 nisi
752 4034 862 4112 positio
892 4035 987 4095 centri
1016 4034 1173 4097 eccentrici
1203 4033 1267 4096 Β
1260 4055 1290 4096 ιιι
1321 4039 1406 4095 corta
1437 4053 1458 4096 a
1487 4032 1552 4097 Sole

216 4127 377 4199 distantia3
402 4123 512 4205 quod
499 4144 564 4204 Jam
584 4123 670 4185 modo
695 4123 816 4197 dictum,
841 4142 859 4183 a
881 4123 961 4184 nuda
984 4133 1083 4186 mente
1054 4123 1170 4186 tfieri
1195 4143 1250 4185 non
1275 4139 1374 4202 posse.

301 4216 370 4279 Non
402 4232 493 4294 nego,
527 4213 652 4292 cogitari
685 4230 773 4292 posse
808 4221 955 4288 centrum,
990 4223 1021 4276 et
1044 4214 1124 4275 circa
1151 4213 1181 4274 id
1211 4213 1361 4274 circulum.
1410 4209 1474 4274 Sed
1505 4211 1554 4273 hoc

215 4308 295 4382 dico,
321 4305 346 4368 si
371 4311 504 4367 centrum
528 4302 711 4382 cogitatione
736 4303 801 4363 sola
824 4303 985 4377 consistat,
1010 4303 1089 4366 nullo
1113 4311 1264 4383 tempore,
1290 4302 1369 4363 nullo
1393 4301 1482 4381 signo
1506 4318 1553 4363 ex·

215 4405 310 4471 terno,
334 4414 392 4456 non
415 4412 505 4474 posse
521 4392 601 4454 circa
623 4391 654 4452 id
668 4390 797 4452 ordinari
821 4392 943 4453 realiter
967 4393 1097 4473 corporis
1118 4392 1242 4472 alicujus
1261 4390 1385 4479 'mobilis
1407 4390 1469 4453 iter
1490 4409 1553 4473 per-

216 4488 294 4549 fecte
317 4483 468 4547 circulare.

303 4575 469 4637 Praeterea
491 4572 518 4634 si
540 4571 663 4652 planeta
686 4589 758 4631 suas
777 4570 877 4650 justas
901 4569 1063 4633 distantias
1087 4589 1107 4632 a
1129 4569 1200 4632 Sole
1219 4569 1285 4650 lege
1310 4567 1413 4631 circuli
1437 4569 1552 4633 ordina-

217 4674 266 4729 tas
291 4664 480 4746 depromeret
502 4681 539 4725 ex
563 4658 713 4732 memoria,
738 4660 926 4739 depromeret
954 4660 1085 4722 indidem
1107 4660 1200 4721 etiam
1222 4667 1366 4740 tanquam
1390 4677 1427 4720 ex
1449 4655 1554 4721 tabulis

219 4754 389 4818 Proteniois
414 4759 467 4813 aut
484 4747 681 4831 Alphonsiuis
705 4749 846 4829 aequales
869 4768 955 4811 arcus
979 4749 1145 4823 eccentrici,
1171 4748 1368 4811 decurrendos
1393 4746 1554 4830 inaequali·

54 4862 58 4870 ·
155 4923 161 4936 ι
213 4840 276 4917 bus
293 4841 487 4923 temporibus,
509 4848 542 4902 et
560 4838 759 4901 decurrendos
782 4837 972 4902 viextranea
994 4859 1032 4902 ex
1045 4838 1133 4915 Sole3
1156 4846 1188 4901 et
1202 4838 1245 4900 sic
1266 4837 1435 4920 praesciret
1448 4852 1555 4903 memo·
