3354 5504
623 210 1033 358 ammomum
1436 267 1567 461 mli*

637 469 809 643 &aput
834 482 964 558 LVIII.
1138 460 1160 537 ἱ
1499 468 1525 561 ξ’
1545 488 1576 607 ‘v
1624 580 1629 591 Ι

161 650 323 731 &tm
350 654 452 712 mm
479 647 663 721 libralem,
697 618 798 728 'offic
820 644 915 709 LVI.
945 643 1158 706 amaseam
1180 641 1210 700 et
1229 637 1387 733 incenia&
1399 628 1502 736 possit
1524 652 1577 745 ψ.

157 749 261 804 lamen
291 758 382 802 erma
413 738 541 801 admitti
569 739 604 798 in
629 742 836 820 praepostera
871 731 1050 838 librationis
1085 727 1315 813 applicatione,
1350 743 1412 805 qen
1440 727 1503 783 ster
1531 728 1601 851 *ο*
1624 790 1641 813 W

570 825 719 907 planetae
741 826 903 887 baccosnm
924 823 1081 905 efficeatur.
1125 853 1127 857 ·
1381 858 1396 867 ,,
1548 846 1560 857 ,

256 1022 260 1027 .
404 967 500 1028 Malo
528 986 580 1028 me
612 965 777 1028 Galatea
804 964 910 1046 petit,
943 963 1087 1024 lasciva
1114 954 1249 1038 puella,

216 1115 220 1121 .
338 1055 385 1118 Et
416 1056 511 1135 fugit
541 1057 584 1117 ad
617 1056 773 1129 salices,
807 1062 842 1115 et
872 1072 908 1114 se
939 1051 1041 1132 cupit
1073 1055 1156 1110 ante
1188 1042 1318 1106 videri.

245 1180 390 1242 Profecto
413 1197 516 1239 verum
538 1122 645 1241 hode
670 1188 776 1242 natura
795 1139 995 1240 canofflore
1019 1171 1156 1252 Vergilii.
1194 1169 1262 1242 Quo
1285 1164 1406 1267 propius
1423 1154 1607 1285 enims·

162 1270 198 1332 ad
222 1269 308 1331 illam
331 1270 458 1341 venitur,
482 1269 538 1339 hoc
553 1267 770 1347 petulantiores
793 1268 878 1330 ludos
902 1264 983 1332 facit,
1007 1264 1064 1325 hoc
1078 1260 1210 1342 pluribus
1233 1255 1418 1319 anfractibus
1435 1272 1502 1314 sese

161 1360 228 1441 ipsa
249 1357 501 1438 comprehensum
525 1357 589 1434 jam
608 1359 729 1438 jamque
753 1355 866 1418 tenenti
890 1354 1028 1433 surripit:
1051 1371 1107 1414 uec
1128 1357 1230 1410 tamen
1251 1345 1379 1409 invitare
1402 1349 1504 1404 cessat
1635 1412 1637 1417 ¹

163 1449 200 1510 ad
222 1465 257 1509 se
280 1446 597 1527 comprehendendam,
623 1449 708 1528 quasi
731 1447 896 1509 delectetur
918 1443 993 1505 meis
1016 1439 1174 1504 erroribus.

252 1533 343 1606 Quod
362 1543 427 1597 toto
447 1535 502 1596 hoc
521 1555 609 1615 opere
634 1537 778 1616 spectavi,
801 1543 836 1596 ut
852 1534 1006 1617 physicam
1030 1527 1193 1593 invenirem
1216 1520 1405 1606 hypothesin,
1428 1536 1504 1600 quae

162 1646 218 1690 non
240 1632 361 1687 tantum
385 1623 546 1685 distantias
570 1627 703 1689 efficeret
734 1624 899 1686 observatis
931 1629 1167 1692 consentaneas,
1194 1615 1248 1676 sed
1276 1611 1366 1674 etiam
1389 1627 1503 1690 aequa-

163 1715 258 1778 tioues
282 1714 388 1775 itidem
409 1714 536 1793 probas,
564 1734 639 1795 quas
666 1715 812 1776 hactenus
835 1733 872 1774 ex
894 1712 1009 1774 vicaria
1037 1707 1144 1790 capitis
1166 1704 1253 1766 XVI.
1279 1700 1374 1764 coacti
1403 1713 1505 1759 sumus
1532 1718 1561 1789 ag
1600 1714 1615 1764 ³.
1645 1746 1667 1800 0

164 1803 310 1866 mutuari:
335 1803 413 1872 idem
427 1802 571 1883 perhanc
594 1803 685 1865 etiam
701 1802 895 1864 ¹verissimam
917 1800 1095 1883 hypothesin
1119 1802 1238 1858 tentans
1261 1792 1338 1853 falsa
1353 1785 1536 1877 methodo„
1576 1792 1612 1859 ,u‘

164 1910 281 1956 rursum
312 1892 349 1952 de
380 1910 479 1953 rerum
509 1911 624 1953 summa
655 1893 806 1972 trepidare
838 1890 931 1972 coepi.
982 1892 1025 1954 Im
1051 1888 1137 1952 linea

164 1979 315 2065 maclam
337 1983 453 2044 cestris
470 1980 550 2057 A,B
573 1982 752 2046 scitamur
773 1980 919 2064 aequales
941 1978 1053 2044 circuli
1067 1976 1135 2049 GD,

164 2070 232 2133 HK.
272 2067 384 2152 Sitque
404 2070 462 2132 AB
485 2073 696 2134 coomnicitae
718 2069 831 2134 araci
854 2069 921 2132 GD.
959 2068 1012 2132 Sit
1034 2076 1137 2130 actem

166 2155 331 2226 massalia
353 2159 495 2234 eccentri,
518 2180 573 2221 sea
594 2180 743 2222 nomem
761 2160 922 2242 paduam
943 2160 1017 2243 egias,
1042 2177 1137 2221 comcs

167 2247 225 2313 GD
247 2246 297 2311 ael
317 2247 395 2321 HK,
425 2267 484 2329 per
510 2248 783 2331 aequipollentiam
812 2269 879 2332 cap.
908 2249 976 2312 ΙΙΙ.
1026 2247 1136 2310 Omtro
1199 2312 1201 2315 .
1504 2262 1523 2303 ¹.

166 2339 264 2420 igiter
287 2335 326 2411 K,
350 2337 533 2400 diaeceseos
556 2339 632 2410 ΚΙ),
656 2339 740 2418 qnod
760 2340 826 2421 ipsi
847 2338 903 2399 AB
934 2338 976 2398 sit
997 2335 1137 2417 mariale,
1268 2368 1270 2370 v
1343 2331 1386 2359 “

166 2428 324 2491 naboar
338 2426 420 2487 LDF
443 2425 610 2509 epicyclns,
633 2430 688 2508 qai
708 2431 825 2490 secabit
847 2424 1000 2490 cintreium
1023 2423 1081 2487 GD
1104 2425 1141 2488 in
1250 2419 1255 2427 ’
1287 2456 1304 2516 7
1386 2443 1482 2544 b,

168 2517 195 2579 Ι)
218 2535 283 2599 per
311 2514 586 2598 aequipollentiam
618 2536 685 2599 cap.
715 2515 785 2578 ΙΙΙ.
838 2517 991 2578 Dacatar
1022 2515 1083 2578 ΑΚ
1111 2522 1140 2577 et
1364 2506 1420 2574 Q
1569 2552 1575 2577 .

168 2605 368 2668 condonetur
396 2605 494 2667 dorseo
523 2614 602 2667 secet
630 2604 803 2688 cpicpclnm
824 2607 860 2668 io
881 2605 924 2677 L,
955 2611 991 2666 nt
1021 2606 1062 2667 sit
1083 2604 1139 2666 LD
1260 2546 1451 2703 gurly&

170 2714 266 2758 armes
296 2691 413 2755 similis
441 2693 619 2756 anomaliae
647 2697 778 2757 eccortri
808 2693 866 2756 GD
897 2692 945 2756 cel
976 2692 1042 2754 HK.
1096 2693 1141 2756 Et
1263 2675 1462 2813 etesi?

170 2781 414 2847 connectaturB
437 2802 508 2845 cam
522 2784 560 2844 D.
599 2782 654 2847 Ec
671 2792 878 2866 peracto-..aero
892 2784 921 2844 D
939 2783 1142 2847 desiccatur
1266 2719 1368 2863 lib(

167 2869 448 2955 moccense»
464 2872 499 2934 cn
513 2869 583 2947 cs,
598 2872 664 2946 ua,
688 2892 768 2953 pas
784 2871 926 2946 sanc,
942 2870 1007 2932 uu.
1041 2868 1140 2942 Quare
1279 2825 1368 2995 Q
1500 2892 1505 2913 ·
1563 2898 1581 2950 ·,

169 2979 230 3042 per.
245 2960 392 3022 hactenus
416 2978 481 3040 cap.
498 2961 581 3024 LVI.
606 2962 821 3037 demonstrata,
844 2961 902 3023 ΑΕ
922 2961 997 3023 citra
1018 2968 1141 3023 contro-
1216 2874 1461 3083 ὁ.
1537 2998 1553 3027 ι

169 3050 302 3113 versiam
326 3048 384 3109 erit
401 3049 487 3128 justa
510 3049 655 3111 distantia
678 3051 717 3111 ad
734 3050 812 3112 hauc
835 3050 1013 3112 anomaliam
1034 3068 1141 3110 eccen-
1464 3058 1466 3062 ’
1565 3065 1576 3121 ·,.

170 3139 220 3213 tri,
245 3137 284 3201 de
307 3157 366 3219 qna
388 3137 547 3218 quaeritur,
571 3146 712 3219 quantum
734 3139 875 3237 temporis
898 3139 928 3201 iu
947 3159 984 3201 ea
1006 3139 1048 3200 sit
1069 3157 1141 3201 con·
1572 3154 1599 3229 p

171 3230 312 3290 sumtum
359 3225 491 3306 Cumque
516 3229 579 3308 ejus
603 3247 690 3297 arcus
713 3229 796 3291 sinus
823 3247 928 3292 versus
952 3226 1107 3303 GC,.sive
1135 3237 1215 3314 post-
1231 3227 1507 3311 multiplicationem
1522 3282 1540 3307 .,

171 3316 225 3378 LE
248 3315 354 3377 ablata
375 3334 394 3375 a
418 3314 478 3378 (ΞΑ
500 3317 665 3397 prodiderit
696 3318 871 3381 distantiam
898 3317 954 3379 ΑΕ
980 3318 1113 3397 justam:
1145 3340 1182 3383 ex
1210 3321 1258 3383 his
1289 3318 1407 3381 iudiciis
1437 3335 1509 3397 per·
1525 3334 1559 3397 ὀ

171 3402 332 3479 suadebat,
354 3405 513 3467 terminum
535 3406 629 3486 ipsius
650 3407 708 3469 ΑΕ
735 3407 862 3467 alterum
890 3408 1088 3486 quaerendum
1116 3429 1263 3475 essenon
1288 3408 1317 3470 iu
1339 3405 1395 3470 Dc
1418 3400 1530 3482 line&
1560 3456 1584 3473 .,

173 3493 253 3574 quod
275 3493 464 3575 verissimum
487 3504 588 3557 tamen
611 3504 686 3572 erat,
709 3496 763 3555 sed
787 3495 816 3556 in
838 3496 894 3558 DB
922 3496 1019 3559 lineae
1045 3507 1157 3575 puncto
1177 3501 1212 3563 1:
1239 3505 1274 3560 nt
1295 3497 1322 3560 si
1343 3501 1445 3559 centro
1467 3495 1508 3569 A,
1531 3516 1588 3571 u.
1668 3528 1671 3533 ·

173 3582 352 3645 diastemate
376 3582 448 3656 ΔΕ,
471 3583 608 3646 ducerem
630 3605 732 3647 arcum
754 3585 836 3657 Etr,
860 3584 910 3663 qui
932 3592 1017 3646 secet
1038 3586 1093 3647 DB
1115 3584 1146 3650 in
1167 3588 1192 3649 I.
1235 3586 1337 3673 Es&
1350 3585 1441 3666 igitur
1463 3585 1510 3645 AI

173 3671 337 3735 sectandum
367 3670 445 3733 hanc
475 3674 697 3752 persuasionem
724 3675 807 3752 justa
839 3673 983 3735 distantia
1010 3675 1070 3736 situ
1093 3684 1124 3737 et
1145 3675 1347 3757 longitudiue;
1380 3680 1412 3736 st
1432 3656 1528 3775 ῳ
1544 3689 1573 3727 ·⁴

173 3759 326 3824 anomalia
352 3778 422 3821 vere
453 3772 625 3842 coaequata.
671 3763 866 3825 Manifestum
893 3771 941 3825 ost
969 3771 1082 3839 antem,
1112 3766 1190 3845 quod
1215 3765 1284 3828 EIF
1311 3783 1398 3829 arcus
1434 3834 1437 3841 ¹
1489 3760 1527 3900 3
1577 3776 1584 3795 ⁸

174 3847 229 3913 DC
251 3847 363 3910 lineam
386 3848 451 3911 loco
474 3851 628 3931 superiori,
653 3852 770 3913 scillcet
791 3852 821 3914 iu
844 3852 885 3925 F,
908 3851 1008 3932 itaque
1037 3853 1137 3932 auguli
1160 3850 1236 3917 IAG
1258 3861 1291 3915 et
1312 3850 1399 3917 ΕΑΘ
1472 3928 1476 3933 ¹
1509 3882 1554 3941 g„

174 3940 245 4009 rad
266 3937 435 4018 quantitate
457 3939 536 4003 [AF.
581 3942 688 4004 Erravi
711 3940 815 4020 igitur,
848 3949 990 4021 usurpata
1015 3939 1095 4002 linea
1117 3943 1161 4004 AI
1183 3944 1324 4024 pro-AF.
1369 3941 1545 4005 chomat-
1668 3965 1674 3979 ·

175 4022 302 4113 primm
331 4027 516 4106 experientia
543 4031 733 4110 deprehendi.
778 4031 945 4092 Nemeum
973 4029 1175 4109 explorassem
1203 4031 1398 4115 qumtilbtsm
1414 4028 1548 4131 ure„

175 4113 266 4180 ΒΑΕ
287 4124 420 4195 temper
442 4117 602 4180 distantias
626 4139 738 4193 omnes,
763 4137 851 4198 quam
863 4137 917 4198 per
941 4119 1070 4182 areolam
1086 4121 1182 4197 DAB,
1204 4110 1519 4209 posteritas-argee
1560 4140 1562 4145 ·

176 4204 265 4268 DAG
288 4205 317 4266 iu
342 4212 457 4285 tempus
481 4227 643 4281 conversae
666 4209 939 4271 accommodasscm
966 4210 1104 4287 angulum
1127 4207 1203 4273 IAG
1229 4228 1289 4272 non
1311 4206 1416 4272 Μῦς
1439 4204 1510 4270 nhc

177 4293 369 4383 insuperiori
392 4295 567 4358 semicirculi
590 4306 675 4379 parte
699 4297 807 4375 collegi
824 4317 877 4378 per
891 4290 966 4377 5¹l2‘
988 4298 1066 4378 plus,
1088 4298 1117 4359 iu
1136 4299 1268 4362 inferiori
1283 4319 1320 4379 pe
1348 4293 1381 4360 l‘
1403 4296 1510 4369 miuus,

178 4403 264 4465 qnam
288 4383 382 4444 dabat
403 4384 517 4447 vicaria
540 4388 616 4448 satis
631 4395 723 4450 certa.
761 4388 864 4466 Itaque
888 4384 1134 4449 dissentientibus
1157 4319 1383 4469 aequatiouilms
1397 4403 1509 4460 avero,

178 4473 262 4554 coepi
284 4491 401 4535 rursum
422 4494 562 4537 accusare
587 4476 759 4538 verissimas
781 4476 837 4537 has
856 4474 1016 4537 distantias
1030 4477 1087 4538 An
1110 4484 1141 4537 et
1162 4477 1348 4540 librationem
1370 4475 1510 4555 planetae

177 4563 228 4624 LE
253 4561 290 4623 de
314 4561 448 4638 crimine,
474 4563 558 4642 cnjus
585 4566 664 4627 salsa
690 4584 757 4626 mea
778 4562 949 4639 methodus,
978 4584 1052 4645 quae
1074 4565 1091 4626 Ι
1113 4584 1166 4645 pro
1188 4569 1215 4629 F
1237 4563 1411 4646 spectabat,
1444 4568 1512 4624 erat

177 4671 240 4715 rea.
282 4650 361 4722 Quid
384 4652 512 4715 multis?
535 4654 607 4734 Ipsa
629 4653 742 4716 veritas
761 4661 791 4715 et
804 4672 902 4714 rerum
925 4661 1032 4715 natura
1055 4654 1210 4732 repudiata
1228 4664 1259 4716 et
1280 4653 1399 4716 exulare
1423 4652 1512 4733 jussa

177 4760 230 4823 per
256 4739 404 4821 posticum
433 4762 465 4804 se
495 4742 595 4804 furtim
622 4763 737 4806 rursum
766 4742 877 4823 recepit
909 4741 986 4804 intro
1016 4749 1046 4803 et
1075 4743 1129 4804 sub
1155 4744 1259 4807 habitu
1292 4743 1388 4804 alieno
1416 4763 1436 4803 a
1464 4759 1510 4802 me

177 4836 300 4916 recepta
326 4829 392 4895 fuit.
449 4831 556 4896 Missis
587 4833 706 4918 inquam
730 4830 949 4899 'notationibus
981 4829 1119 4896 diametri
1151 4833 1222 4912 LE,
1254 4832 1339 4914 coepi
1369 4848 1510 4897 revocare

1255 1952 1307 2017 Fig.
1330 1946 1389 1999 117.
1450 1984 1456 1995 .
