3354 5504
671 281 839 337 emesan
1128 260 1132 277 “
1408 286 1430 357 q

78 469 174 524 ιω
195 458 340 523 muudum
362 457 452 523 nobis
472 458 623 541 proprium
646 467 677 524 et
698 461 911 542 particularem
937 481 998 527 nou
1018 471 1109 547 puto,
1139 483 1210 531 uam
1239 473 1292 530 abr
1321 474 1371 530 est
1398 474 1431 531 et

79 551 156 613 inter
177 550 250 631 ipsa
270 567 412 630 corpora,
434 567 511 629 qnae
533 549 640 613 stellas
662 569 814 626 sommus,
837 570 891 632 per
909 571 1095 635 consequens
1111 562 1144 616 et
1157 553 1237 635 ignis
1255 562 1289 616 et
1305 575 1385 638 aquo
1399 563 1432 631 et

78 648 168 701 terra
217 639 344 703 'ferram
374 645 476 700 autem
504 656 593 720 quam
620 638 769 702 meamus
797 640 910 705 nustria
939 641 1087 722 pedibus,
1108 661 1163 705 uec
1190 645 1350 709 rotundam
1376 662 1431 711 nec

76 728 238 808 globosam
262 747 331 792 esse
354 728 462 803 eredo,
493 727 548 790 sed
569 727 610 791 sd
632 729 750 791 evalem
780 729 904 810 figurem
934 730 1057 812 propius
1086 732 1238 795 accedere.
1284 734 1338 807 (K.
1362 733 1433 799 Non

79 818 168 898 piane
192 817 468 890 contemnendum.)
510 817 576 878 Nec
592 816 674 880 Solis
687 836 742 879 nec
762 818 918 883 stellamm
934 819 1032 882 lumen
1049 839 1087 884 ea
1101 820 1239 897 materia,
1263 823 1316 885 sed
1330 821 1433 904 potius

80 926 117 968 ex
138 924 245 969 eorum
266 913 352 968 motu
375 905 535 986 procedere
559 914 590 966 et
611 906 765 969 dimanare
784 907 897 987 judico,
925 908 1067 990 pfmetae
1096 928 1169 973 vero
1203 931 1222 974 a
1250 910 1323 975 Sole
1347 928 1433 976 suun

80 997 179 1058 lamen
213 1004 388 1069 mumuut,
417 994 487 1077 quis
515 995 631 1058 tardius
657 1004 815 1061 moventur
845 1005 880 1059 et
905 997 1035 1078 propriis
1064 999 1195 1062 motibus
1223 998 1432 1082 impediuntur.

80 1085 249 1166 Keplerusr
272 1084 356 1156 Quid
378 1082 479 1165 potius
492 1084 603 1146 mirer?
639 1084 836 1166 Stuporemne
852 1104 960 1161 meum,
984 1086 1033 1168 qui
1050 1088 1203 1168 patefecta
1217 1089 1291 1153 mihi
1307 1097 1433 1153 naturae

83 1173 253 1255 penetralia
275 1174 324 1236 his
345 1173 460 1248 literis,
581 1174 652 1236 illas
675 1175 876 1254 accepissem,
906 1175 1103 1256 introspicere
1129 1179 1277 1241 coutemsi
1299 1178 1433 1260 adeoque

82 1263 236 1326 oblivione
260 1262 398 1343 sepeliri,
421 1270 456 1324 nt
477 1282 514 1325 ne
536 1270 645 1342 posteo
666 1263 795 1344 quidem,
818 1283 886 1328 cum
909 1264 1027 1329 clavem
1046 1265 1174 1330 eandem
1191 1267 1231 1330 ad
1246 1267 1321 1331 baso
1339 1286 1434 1347 pens,-

82 1352 172 1414 trslia
191 1370 367 1433 quaererem
382 1358 414 1412 et
432 1350 625 1426 invenissem,
649 1351 802 1414 literarum
820 1353 924 1415 harum
940 1353 1046 1415 fuerim
1063 1355 1252 1432 recordatua3
1276 1377 1316 1421 au
1334 1356 1435 1437 potine

82 1443 174 1503 mirer
195 1442 258 1503 rim
280 1439 430 1515 veritatis,
452 1460 528 1521 quae
552 1439 668 1504 duobus
690 1460 760 1504 sese
782 1461 841 1506 nou
863 1462 924 1505 una
945 1443 996 1506 ria
1017 1443 1151 1524 speruit3
1174 1464 1214 1508 au
1237 1453 1362 1511 naturae
1385 1445 1434 1507 in-

86 1531 215 1610 genimn,
238 1549 327 1613 quae,
346 1530 429 1610 quod
440 1529 550 1593 Brutio
563 1529 648 1595 dedit
670 1531 787 1593 occultu
809 1531 955 1594 instinctu
978 1550 997 1592 a
1018 1532 1121 1615 priori,
1144 1533 1217 1596 mihi
1237 1533 1380 1597 methodo
1403 1540 1436 1596 et

88 1621 216 1681 numeris
243 1628 276 1687 et
303 1618 399 1681 oculis
434 1619 595 1681 eruendum
627 1619 801 1682 concessit?
853 1620 911 1683 His
942 1621 1039 1684 literis
1070 1630 1198 1702 apparet
1227 1622 1435 1704 conpendium

10 1701 11 1714 ¹
85 1708 233 1790 quoddauu
253 1727 340 1770 meae
363 1708 507 1789 physicae
530 1707 673 1770 eoelestis
696 1708 727 1775 io
749 1710 850 1772 Marte
872 1708 1021 1790 proditae.
1315 1728 1317 1733 ’

168 1798 259 1860 Hane
274 1797 501 1860 annotationem
513 1797 680 1878 adscripsit
691 1798 1011 1878 Kspterus·ad·Brutii
1027 1799 1134 1863 literas
1149 1800 1177 1863 d
1194 1798 1224 1865 5.
1241 1800 1317 1879 Apr.
1341 1793 1436 1874 1610,

86 1901 175 1969 eaque
199 1906 256 1950 nos
279 1887 384 1961 movit,
408 1893 442 1948 nt
464 1885 538 1964 illas·
557 1886 606 1949 hic
629 1886 823 1963 adderemus3
847 1887 972 1968 Kepleri
995 1888 1115 1969 quidem
1133 1888 1239 1952 literae
1252 1888 1374 1962 desunt,
1395 1884 1436 1951 sd

88 1996 157 2056 (pas
196 1975 323 2038 Boetius
364 1975 414 2037 fria
452 1975 623 2056 respoudit,
662 1995 758 2057 neque
797 1976 894 2039 elucet
937 1996 975 2039 ex
1012 1977 1070 2040 bac
1109 1977 1325 2059 responsione,
1365 1975 1437 2057 quid

89 2065 234 2145 fepftrns
258 2064 429 2144 scripserit,
458 2072 562 2127 tsunsu
588 2065 712 2130 relectis
739 2064 809 2128 aliis
841 2064 953 2140 literis,
983 2085 1060 2147 ques
1088 2065 1142 2131 iilo
1173 2075 1308 2147 tempure
1327 2063 1436 2133 aurcis

91 2154 218 2235 scripsit,
241 2172 347 2235 parum
370 2152 452 2214 dubii
475 2154 542 2227 erit,
564 2153 596 2215 iu
615 2152 664 2215 his
680 2173 794 2235 quoque
810 2155 971 2236 Keplerum
991 2156 1029 2219 ds
1043 2155 1155 2219 studiis
1170 2155 1234 2218 suia
1255 2153 1437 2222 dissensisse

89 2251 118 2305 a
134 2243 215 2305 talia
234 2242 387 2323 tetigisse,
410 2261 487 2323 quae
503 2242 635 2306 mentem
648 2242 745 2307 Brutti
765 2242 796 2306 iu
814 2243 1022 2324 respondendo
1038 2244 1081 2307 ad
1099 2244 1211 2308 similia
1224 2240 1436 2325 pertraxerint.

27 2407 30 2411 ¹
91 2331 231 2395 Oneum
253 2332 636 2412 praernisereenfirmant,
663 2351 741 2413 quae
763 2331 910 2407 diximus,
936 2333 1100 2414 Kepferum
1129 2352 1184 2414 per
1206 2349 1316 2398 anuum
1342 2328 1436 2397 1003.

92 2422 153 2483 aiis
176 2420 350 2487 monn
369 2421 504 2501 negotiis
526 2439 632 2502 parum
655 2421 775 2503 quidem
796 2420 962 2501 profecisse
984 2422 1016 2489 in
1037 2421 1202 2487 condendis
1217 2421 1328 2485 Martis
1343 2418 1437 2487 Com·

92 2510 254 2584 neutariis,
276 2528 374 2592 nsque
396 2527 470 2572 vero
490 2507 581 2591 pinne
604 2509 750 2575 mooun
771 2510 915 2590 rejecisse
934 2529 1010 2592 opus
1025 2511 1108 2592 qnod
1124 2510 1337 2585 meditabatur,
1357 2523 1437 2593 quo-

38 2624 41 2630 ·
92 2619 268 2681 qsorersum
287 2600 437 2665 intentum
459 2597 499 2661 ad
516 2599 631 2663 monita
646 2599 821 2675 amicomm,
843 2599 1112 2682 respicientemque
1130 2597 1245 2664 auxilia
1260 2599 1300 2663 ad
1315 2617 1438 2680 promo·

16 2682 20 2689 '
90 2689 211 2751 rmdmr
231 2689 393 2770 inceptam

170 2779 304 2860 Propius
325 2777 364 2841 ad
387 2795 450 2840 rem
472 2775 604 2843 accessit
622 2795 701 2841 suno
723 2768 818 2851 1604,
860 2796 1020 2859 namquem
1042 2775 1134 2841 etiam
1155 2783 1219 2843 tum
1236 2777 1333 2858 ipsam
1356 2776 1438 2843 deti·

92 2868 198 2930 uebaut
220 2868 334 2929 multae
357 2866 437 2928 aliae
461 2867 681 2946 occupationes.
728 2866 818 2928 Initio
840 2797 939 2947 ‹irujus
969 2866 1040 2929 anni
1070 2864 1254 2930 absolvendo
1288 2866 1372 2946 operi
1399 2866 1440 2937 ds

91 2958 198 3037 bptica
226 2954 434 3030 incumbebat,
457 2974 512 3036 per
533 2973 654 3023 meuses
674 2955 806 3035 Majum,
829 2956 951 3027 Junium
978 2964 1013 3018 et
1033 2955 1147 3023 delicta
1176 2955 1371 3035 aegrotabat,
1399 2954 1437 3016 ab

88 3046 172 3109 initio
190 3043 333 3108 Octobris
357 3063 451 3125 usque
472 3044 516 3107 sd
536 3045 625 3107 finem
648 3044 719 3107 anni
740 3045 865 3108 multum
887 3045 1033 3126 temporis
1055 3045 1252 3110 consumebat
1272 3044 1303 3109 iu
1330 3043 1437 3111 cosa-

90 3136 185 3198 randa
208 3134 464 3215 describendoque
489 3132 609 3209 ,Stella
630 3133 738 3197 Nova“
762 3133 794 3197 iu
817 3133 1028 3214 Serpentario,
1051 3152 1127 3215 quae
1150 3142 1213 3201 tum
1236 3133 1356 3197 effulsit.
1402 3124 1438 3202 lu

90 3224 181 3289 iteris
205 3225 244 3287 ad
259 3225 606 3303 Lougomontanuru
629 3222 720 3298 datie,
737 3240 814 3304 quae
832 3222 912 3285 iufra
928 3231 1102 3304 sequentur,
1125 3223 1162 3286 de
1177 3222 1287 3287 studiis
1306 3221 1369 3286 suis
1383 3219 1437 3291 itte

90 3323 218 3395 tempore
239 3314 327 3394 pita
349 3313 451 3375 refert.
495 3313 532 3376 In
554 3330 644 3392 opere
671 3312 738 3392 ipso
761 3318 881 3384 (css-xl
902 3327 929 3371 st
945 3319 1005 3382 XV)
1026 3313 1121 3379 refert
1148 3311 1375 3376 observationes
1404 3308 1437 3380 tn

91 3403 195 3478 hsce,
217 3421 296 3485 ques
321 3401 546 3466 commentaria
564 3401 757 3483 spectabant,
773 3418 908 3465 amense
924 3401 1086 3469 Februario
1101 3399 1133 3467 iu
1147 3401 1285 3482 Aprilem
1304 3398 1436 3475 astice,

92 3494 195 3573 quibus
221 3509 377 3554 numerum
403 3488 568 3571 complevit
591 3488 838 3557 observationum
870 3490 1003 3555 locorum
1031 3491 1142 3557 Martis
1173 3490 1202 3553 in
1234 3487 1436 3568 oppositione,

93 3601 211 3661 quorun
233 3580 395 3643 maximam
416 3588 536 3661 purtem
558 3579 741 3662 eTychouis
754 3578 904 3643 desuussit
916 3579 1140 3662 manuscriptis,
1165 3585 1196 3641 et
1210 3596 1285 3659 quas
1299 3575 1438 3643 adhibuit

94 3672 123 3732 at
147 3670 337 3734 condendam
360 3668 630 3749 stabiliendamqos
652 3687 762 3732 uosmu
785 3687 871 3731 eram
890 3667 1083 3751 hypothesin.

176 3760 237 3825 Die
261 3758 295 3822 7.
314 3758 387 3822 Feb.
415 3747 508 3822 ttot.
532 3756 696 3837 Kepierus,
726 3756 820 3823 dubia
840 3764 873 3821 et
895 3759 1088 3840 quaestiones
1108 3753 1238 3823 Fabricii
1265 3752 1438 3834 ponderans

99 3851 187 3932 atque
203 3868 256 3911 aaa
270 3848 467 3928 respondeua
484 3847 560 3909 baec
571 3846 610 3910 de
623 3845 883 3929 disputationibus
898 3848 963 3913 suis
975 3847 1104 3928 profert:
1124 3861 1232 3910 omues
1245 3843 1438 3909 demonstras·

95 3941 196 4013 times,
208 3939 274 4012 ait,
294 3956 327 3999 se
344 3937 385 3998 ad
399 3935 577 4009 Ptdensct
602 3934 760 4016 Ooperuiei
781 3943 817 4001 et
832 3936 985 4018 'l'ycbooie
1007 3931 1193 4017 hypotheses
1213 3933 1437 4013 adeptam,

96 4025 743 4195 “sfftttt‘mttttttttt
765 4025 889 4200 ‘tf‘
900 4019 1437 4193 133.2¹‘·,t:tt.⁰“bttftttt

95 4215 159 4281 tmu,
179 4224 248 4268 eran
261 4223 323 4267 uon
338 4203 575 4286 inuppuaitioue
589 4203 689 4269 fuerit
720 4202 863 4287 figuram
876 4204 990 4269 orbitae
1005 4199 1125 4282 predae
1140 4198 1435 4282 hucmquscvsteo·
1559 4272 1562 4279 ,

96 4296 259 4369 Rationem,
272 4313 331 4375 qua
345 4294 468 4375 propius
483 4293 521 4353 sd
536 4311 658 4372 scopum
674 4292 816 4373 attingat,
826 4292 954 4354 noudum
968 4308 1030 4352 ase
1044 4308 1112 4350 esse
1126 4289 1288 4364 mveutam,
1298 4285 1436 4370 quamvis

94 4385 175 4465 palo
198 4392 272 4466 poet
289 4382 449 4464 quaerenti
470 4381 609 4445 Fabricio
634 4380 826 4463 ,eidipoidem
849 4380 954 4445 suum“
986 4378 1141 4482 explicans
1166 4387 1199 4455 et
1230 4395 1351 4449 cauum
1383 4394 1436 4437 cnr

97 4476 253 4549 ,testem
275 4471 475 4553 expetendum
498 4489 567 4533 esse
588 4470 759 4551 putauerit*
783 4471 884 4535 addit:
914 4467 1125 4537 limitationes
1143 4464 1278 4548 aliquam
1301 4483 1335 4529 se
1357 4482 1435 4529 nuuc

93 4564 196 4626 utera
230 4560 368 4632 'Deinde
397 4560 553 4640 problema
583 4561 670 4624 affert
701 4560 795 4635 idern
824 4558 904 4640 quqd
936 4557 1059 4622 exhibet
1085 4557 1118 4624 iu
1148 4556 1223 4637 cap.
1247 4555 1315 4621 XI.
1341 4548 1435 4619 Com·-

95 4651 308 4725 mntariorum,
328 4649 460 4713 actem
484 4649 543 4713 Dic
566 4648 672 4731 quibus
695 4650 726 4713 in
744 4645 874 4712 numeris
890 4654 923 4710 et
937 4646 997 4715 eris
1012 4644 1086 4712 mibi
1098 4664 1227 4725 magum
1241 4641 1433 4723 Apollonias.

170 4744 206 4806 In
228 4739 329 4802 ocem
350 4740 379 4802 d.
400 4735 457 4803 ft
480 4738 554 4801 Deo.
582 4734 676 4804 root
707 4739 748 4803 ad
769 4736 1012 4801 Maeotliuum
1040 4736 1139 4809 datis,
1170 4733 1208 4796 de
1239 4731 1432 4806 ,stantum

97 4850 147 4896 ιι
166 4832 202 4895 n
226 4827 461 4899 omnem
480 4827 614 4910 coques
644 4807 809 4893 sintne
831 4825 925 4904 stoc
952 4843 1040 4904 ,un
1068 4825 1106 4889 n
1127 4814 1301 4889 vacuum
1331 4838 1436 4905 w,
