3354 5504
743 294 904 349 mm
1425 299 1493 370 513

161 474 273 538 sddidit
295 474 464 537 collectioni
486 473 663 555 inscriptae:
687 474 952 554 Uranologion,
976 473 1040 537 sive
1054 475 1197 558 Systema
1218 478 1368 543 variorum
1382 480 1492 544 autho-

160 584 234 640 rum,
267 563 318 644 qui
344 564 383 624 de
410 564 539 642 sphaera
570 582 605 625 ac
629 564 776 626 sideribus
804 581 962 643 eorumque
992 563 1121 626 motibus
1150 563 1270 629 Graece
1288 573 1493 633 =commentsti

159 661 225 717 suut
247 652 334 727 (Lot
356 652 426 714 Par.
453 649 562 727 1630).
608 653 707 716 Unum
730 653 792 715 lere
814 651 957 715 habemus
980 660 1090 715 testem
1114 654 1150 717 de
1164 654 1330 736 Hipparchi
1352 666 1493 722 astrono-

158 745 215 807 mis
240 740 516 814 Ptolemaeum,
545 741 595 823 qui
623 742 705 804 illius
733 740 991 805 observationibus
1015 750 1047 804 et
1067 742 1284 825 hypothesibus
1307 747 1493 813 fundamenti

157 832 220 896 loco
243 850 335 907 usus,
357 831 559 911 superstruxit
579 830 627 893 his
651 831 755 895 librum
780 850 881 906 suum,
906 850 991 911 quem
1018 830 1091 899 dicit
1115 832 1252 912 Μεγαλη,
1274 833 1428 912 Σνηαξσ,
1453 836 1492 900 sb

156 920 308 986 Arsbibus
330 920 369 982 ad
387 928 491 982 nostra
513 928 650 1001 tempora
671 928 772 982 notum
795 919 850 982 sub
874 919 962 983 titulo
984 920 1255 1001 Almagestum.
1300 924 1421 989 Passim
1443 926 1492 988 hic

156 1009 286 1074 occurrit
300 1027 406 1072 nomeu
419 1008 583 1091 Hipparchi
597 1008 735 1072 maximis
753 1007 864 1071 additis
879 1007 1025 1071 laudibus.
1046 1009 1131 1072 Libri
1144 1011 1183 1074 V.
1199 1012 1345 1092 capitibus
1364 1011 1491 1080 11-15

156 1099 238 1163 illum
261 1105 383 1162 secutus
406 1096 504 1175 Solis,
533 1097 635 1161 Lunae
659 1106 692 1160 et
713 1100 825 1161 Terrae
848 1098 1010 1160 diametros
1033 1099 1087 1161 iro.
1111 1110 1267 1180 comparat
1287 1102 1491 1180 Ptolemaeus,

155 1188 309 1253 schemate
330 1206 403 1250 usus
426 1188 504 1267 quod
523 1187 738 1268 supradictum
757 1194 806 1250 est
824 1186 1030 1268 „diagramma
1042 1188 1226 1271 Hipparchi“
1251 1186 1363 1275 (Oomp
1376 1192 1443 1274 lig.
1461 1191 1490 1257 1.

156 1277 356 1361 coquentem),
380 1276 526 1340 theoriam
548 1277 734 1340 constituens
756 1277 860 1339 horum
882 1278 1060 1356 corpomm,

243 1366 394 1447 Keplerus
416 1365 448 1428 in
469 1366 605 1447 sequenti
628 1366 703 1428 libro
726 1366 804 1429 hauc
827 1365 984 1441 theoriam,
1010 1365 1216 1431 subtilioribus
1239 1368 1360 1448 adjutus
1383 1368 1490 1431 obser-

158 1455 339 1531 vationibus,
355 1455 513 1517 emendare
528 1463 653 1518 conatus
668 1463 724 1529 est,
740 1475 801 1517 rem
812 1473 892 1530 vero,
903 1473 1082 1535 quamquam
1095 1455 1203 1519 iterum
1217 1455 1384 1537 iterumque
1399 1458 1436 1520 ad
1451 1458 1491 1523 il-

158 1548 214 1611 lam
225 1564 376 1618 reversus,
392 1543 596 1624 imperfectam
608 1544 736 1624 reliquit,
752 1543 957 1607 deficientibus
976 1544 1235 1608 observationibus
1244 1546 1490 1622 accuratioribus,

157 1654 243 1717 quum
274 1634 365 1708 illae,
400 1652 476 1714 quae
506 1633 563 1714 ipsi
589 1642 713 1713 praesto
741 1633 841 1706 fuere,
872 1632 1002 1695 nondum
1025 1633 1204 1697 sufficerent.
1250 1635 1321 1716 Ipse
1343 1634 1492 1715 Keplerus

155 1724 269 1807 psssim
291 1721 398 1785 librum
421 1721 498 1785 huuc
521 1722 550 1784 in
574 1722 712 1802 operibus
735 1721 797 1783 suis
821 1729 854 1783 et
873 1720 970 1783 literis
996 1722 1124 1803 privatis
1153 1723 1228 1786 dicit
1258 1742 1335 1786 nunc
1357 1724 1491 1789 couscri-

155 1814 293 1888 bonduru,
317 1829 394 1874 nuuc
417 1830 531 1892 quoque
554 1811 641 1892 quasi
664 1810 872 1891 conscriptum,
896 1829 985 1892 quam
1001 1811 1038 1873 ob
1053 1830 1117 1875 rem
1130 1811 1217 1875 multi
1234 1812 1403 1896 aequalium
1416 1832 1491 1896 opus

156 1904 209 1969 boo
227 1900 348 1982 abipso
364 1900 633 1980 efflagitabautrcl
656 1919 714 1962 non
738 1900 903 1963 obtinuisse
927 1900 1083 1979 legendnm
1106 1920 1195 1982 aegre
1218 1902 1297 1966 serre
1319 1902 1491 1984 sepublice

155 1991 380 2075 profitebantur.
431 1989 453 2052 J
460 1989 627 2052 cremisa
655 1989 885 2052 Horroecius
913 1989 992 2052 inter
1026 1990 1082 2053 hos
1117 1992 1230 2072 primus
1259 1992 1401 2061 dicendus
1433 1999 1490 2064 est,

155 2101 221 2147 oum
243 2081 284 2143 ob
306 2078 416 2159 ingenii
439 2078 650 2160 doctrinaeque
673 2079 882 2152 subtilitatem,
906 2085 968 2141 tum
991 2077 1029 2141 ob
1052 2079 1232 2161 singularem
1256 2099 1344 2161 qusm
1359 2080 1492 2144 exhibuit

154 2171 288 2253 Keplerc
309 2167 523 2244 reverentiam,
557 2186 645 2250 quam
672 2175 823 2231 testantur
850 2187 902 2242 es,
939 2187 1015 2250 quae
1043 2168 1123 2232 inira
1155 2180 1331 2250 sequuntur,
1359 2189 1492 2250 quaeque

156 2258 353 2325 desumeimus
377 2276 415 2318 ex
437 2255 531 2330 libro,
560 2275 647 2336 quem
670 2256 765 2320 edidit
785 2256 807 2319 J
816 2275 958 2319 oannes
979 2256 1145 2334 Wallis,
1178 2257 1390 2333 ,Geometriae
1418 2276 1491 2339 pro-

156 2350 252 2415 lessor
284 2345 454 2411 savilianus
482 2342 652 2420 Oxouiae,“
678 2354 710 2408 et
731 2345 898 2426 inscripsit:
934 2345 984 2422 ,J.
1016 2347 1232 2419 Horrocoii,
1267 2347 1491 2429 Liverpoleuiis

155 2438 258 2520 Angli,
284 2455 322 2498 ex
343 2434 518 2498 Palatinatu
539 2435 751 2507 Lancastriae,
775 2432 902 2515 Opera
922 2435 1141 2514 posthuma.
1187 2436 1354 2499 Videlicet:
1377 2437 1491 2502 Astro-

155 2526 257 2595 ocmis
277 2523 462 2605 Kepleriase
484 2523 609 2586 defensa
631 2532 663 2586 et
683 2530 830 2604 promota.
866 2523 1018 2605 Excerpts
1033 2545 1070 2588 ex
1085 2526 1222 2606 epistolis
1238 2526 1277 2589 ad
1295 2525 1493 2590 Crabtraeum

156 2636 249 2683 num
311 2612 560 2768 oqqrvstionum
593 2613 768 2676 coelestium
798 2613 963 2695 catalogus.
1009 2614 1116 2677 Lunae
1149 2615 1268 2679 theoria
1298 2616 1407 2679 ηοω*
1436 2616 1491 2678 διο.

216 2703 302 2771 odini
326 2703 339 2767 1
389 2700 437 2777 8.)

156 2708 214 2783 (1⁴⁰
233 2798 314 2853 Haec
332 2794 419 2866 igitur
437 2791 664 2849 Horroccius:
685 2791 875 2847 Divinissimus
898 2792 1044 2862 Keplerus,
1066 2792 1184 2847 feliciter
1209 2793 1338 2848 adhibitis
1366 2795 1492 2865 specula·

155 2876 276 2937 ionibus
304 2874 442 2946 physicis,
472 2889 553 2927 veras
583 2878 613 2926 et
640 2873 782 2928 naturales
810 2880 931 2927 motuum
960 2872 1118 2927 coelestium
1137 2888 1236 2927 causas
1258 2880 1341 2943 atque
1362 2873 1422 2928 ideo
1441 2891 1492 2946 gc·

155 2959 253 3017 minas
274 2955 379 3010 orbium
403 2953 505 3009 lormas
525 2946 639 3020 (saltem
659 2953 687 3007 iu
707 2971 758 3007 sex
777 2949 924 3023 primariis)
946 2951 974 3006 iu
993 2952 1081 3008 lucem
1107 2953 1218 3007 tandem
1237 2953 1386 3025 protraxit,
1408 2960 1492 3025 atque

154 3039 227 3095 reris
245 3036 364 3107 undique
384 3033 584 3106 hypothesibus
603 3032 741 3096 inuititur;
767 3032 795 3088 in
815 3051 847 3087 eo
869 3033 956 3088 solum
974 3049 1110 3103 peccans,
1136 3034 1206 3103 quod
1227 3049 1352 3089 numeros
1372 3041 1493 3089 motuum

155 3128 183 3179 cc
211 3119 387 3192 planetarum
413 3113 631 3169 eccentricitates
660 3131 714 3168 non
744 3114 866 3184 praeciae
890 3121 965 3169 recte
992 3112 1141 3168 coustituit
1182 3112 1230 3169 Sin
1254 3120 1347 3169 autem
1367 3130 1492 3169 numeros

154 3216 217 3257 suos
238 3196 283 3268 (in
295 3197 363 3253 Tab.
383 3189 535 3264 Rudolph.)
554 3210 653 3263 parum
672 3201 827 3257 commutes,
849 3211 1008 3262 consensum
1028 3200 1185 3249 comratum
1204 3201 1234 3249 et
1253 3198 1424 3265 constantem
1445 3196 1492 3249 ob·

155 3278 339 3337 motionum
353 3282 384 3331 et
402 3274 501 3330 calculi
520 3274 617 3328 merito
637 3273 788 3328 miraberis.
803 3303 843 3314 —
857 3275 933 3337 Quod
955 3282 1047 3328 autem
1059 3275 1198 3345 Keplerus
1217 3274 1349 3338 fateatur,
1370 3291 1401 3329 se
1414 3273 1492 3330 lumi·

154 3361 260 3433 surium
281 3356 402 3428 deliquia
413 3356 496 3410 aliter
509 3355 679 3419 observasse,
701 3370 780 3425 quam
795 3354 910 3409 exhibet
924 3355 1080 3409 tabularum
1100 3356 1230 3418 calculus,
1251 3353 1362 3410 tabulas
1377 3349 1491 3423 (liudol-

153 3435 268 3514 phims)
298 3437 404 3509 quidem
432 3435 606 3507 imperfectas
636 3434 747 3507 arguit,
778 3436 825 3489 sed
855 3435 972 3489 animum
992 3453 1023 3489 re
1042 3451 1109 3490 vera
1128 3435 1290 3507 ingenuum,
1318 3441 1348 3489 st
1367 3434 1492 3490 veritatis

152 3521 260 3597 agis,
289 3534 369 3590 quam
389 3515 538 3571 immeritae
564 3515 653 3571 leudis
674 3514 833 3571 studiosum.
874 3515 1003 3571 Nimirum
1023 3533 1078 3570 uon
1098 3522 1162 3571 erat
1180 3515 1228 3570 ille
1253 3515 1333 3571 bomo
1353 3522 1411 3571 tam
1429 3532 1492 3587 per·

153 3602 251 3661 dietae
272 3597 386 3662 cosm,
416 3603 448 3651 ut
477 3597 610 3651 absurdas
640 3595 749 3667 quasvis
779 3595 915 3666 ampullas
934 3612 1035 3667 magno
1061 3596 1179 3651 clamore
1200 3594 1305 3668 ignaris
1325 3595 1491 3661 divenderet,

152 3684 232 3743 nodo
252 3680 313 3752 ipss
333 3678 361 3733 iu
381 3676 467 3732 locati
479 3676 583 3731 laboris
596 3676 753 3753 proemium,
774 3675 933 3730 brevissimo
955 3675 1045 3730 mauis
1064 3676 1171 3747 gloriae
1192 3677 1269 3738 datu.
1289 3675 1491 3741 intumesceret,

152 3772 183 3821 ot
199 3763 277 3821 iuter
295 3758 446 3814 inconditos
466 3756 653 3827 plaudentium
672 3756 803 3827 strepitus
827 3756 935 3827 placide
960 3755 1013 3810 sibi
1034 3756 1202 3811 adularetur.
1243 3756 1325 3811 'l'alea
1350 3773 1404 3829 eqo
1429 3757 1492 3812 nori

154 3839 348 3905 antemium
363 3836 401 3887 hls
413 3835 473 3886 dicit
483 3834 637 3894 mous.
656 3842 743 3885 ocsus
753 3849 833 3899 mem.
851 3834 985 3898 Keplsrum
996 3833 1070 3898 longo
1082 3833 1154 3884 slttor
1171 3839 1306 3894 manuus,
1324 3833 1359 3885 lbi
1374 3836 1492 3887 soudms
1530 3874 1536 3883 .
1650 3870 1655 3885 .

151 3920 285 3977 meu.
320 3916 405 3983 corsp.
427 3921 510 3966 annot
529 3914 563 3965 sd
581 3914 672 3966 comm.
691 3914 779 3965 Martis
797 3929 847 3964 nro.
868 3912 922 3976 tt),
941 3909 989 3962 sed
1009 3906 1094 3962 talem
1114 3924 1192 3961 nemo
1207 3906 1283 3961 norit
1295 3906 1346 3962 Ke
1353 3909 1491 3979 plerum.

152 3992 306 4057 ledestior
331 3990 386 4047 crit
413 3988 567 4046 mehercule
593 3987 728 4060 ingenuus
749 3987 796 4043 ills
826 3994 856 4043 st
883 3984 1117 4059 ingeniosissimus
1137 3987 1236 4051 heros,
1257 4002 1339 4061 quam
1357 3995 1403 4052 nt,
1424 4004 1492 4043 suae

153 4076 242 4151 ipsius
271 4071 361 4129 lsuds
390 4067 562 4133 buccinator,
592 4071 665 4139 apud
694 4067 814 4140 reliquos
841 4068 945 4123 nullam
971 4067 1068 4122 merito
1092 4066 1235 4124 inveniret
1267 4067 1316 4122 'Ao
1340 4068 1406 4123 mihi
1431 4084 1491 4122 oum

151 4156 237 4215 huda
255 4152 324 4209 lioct
343 4151 372 4207 iu
391 4149 506 4221 Keplsri
529 4149 611 4204 laude
632 4148 763 4204 modom
783 4149 932 4204 modestiae
950 4147 1052 4203 limites
1072 4147 1224 4211 transilire;
1245 4147 1311 4203 licet
1329 4147 1395 4204 mihi
1414 4147 1491 4203 illurn

153 4250 242 4315 upra
260 4232 390 4290 morulas
405 4229 545 4293 admirari;
566 4230 633 4285 lioet
652 4229 803 4301 egregium,
824 4229 1016 4284 divinissimum
1037 4235 1086 4283 sut
1104 4227 1127 4282 sl
1148 4228 1210 4300 quid
1230 4226 1319 4296 maius
1333 4228 1490 4299 appellsre;

152 4316 224 4377 lint
233 4314 360 4386 deniquo,
381 4327 466 4383 supra
478 4317 565 4365 totam
577 4309 829 4382 philosophantium
842 4310 964 4366 scholam
978 4308 1024 4363 vel
1044 4308 1150 4363 unicum
1164 4308 1315 4379 Keplerum
1335 4306 1489 4363 ustinus.

151 4398 236 4457 fluo
255 4395 344 4465 solum
363 4391 453 4447 canite
473 4396 591 4463 poetae,
621 4390 650 4444 in
679 4390 764 4460 ipsius
793 4390 875 4445 laude
902 4390 1048 4444 veritatem
1076 4404 1215 4460 nunquam
1235 4387 1395 4461 aequaturi,
1418 4386 1490 4443 hunc

151 4476 243 4539 solam
263 4473 346 4531 terite
365 4471 534 4545 philosophi,
555 4473 588 4526 de
609 4470 657 4525 illo
677 4470 757 4534 certi,
778 4471 883 4525 habere
903 4469 985 4524 istum
1006 4467 1104 4533 omnia,
1126 4469 1171 4540 qui
1190 4468 1277 4524 habet
1296 4467 1487 4538 Keplsrum.

241 4552 289 4605 Eis
304 4550 444 4619 praemlssls
460 4550 557 4615 propius
579 4548 631 4599 sdtt
647 4548 792 4600 Horroecius
808 4547 911 4612 Keplerl
927 4561 1015 4612 cpers,
1033 4549 1175 4612 pressorum
1193 4545 1301 4601 'l'sbulas
1318 4544 1488 4610 liudolphlnss

152 4642 180 4691 u
197 4632 376 4690 mulso,
393 4644 486 4682 errem
509 4630 535 4680 ln
552 4629 600 4680 lllis
617 4643 633 4680 a
649 4629 757 4693 Keplero
775 4629 913 4679 comninos
930 4629 1037 4695 ingenus
1054 4641 1195 4679 mouns:
1220 4626 1325 4687 ,motus
1346 4620 1486 4691 sequslos,

152 4706 287 4785 spiselis,
312 4703 545 4770 mnuicitates,
566 4702 669 4760 orbium
689 4701 878 4775 proportiones
898 4708 928 4756 et
950 4702 1010 4757 ulia
1028 4700 1182 4772 hujusmodi
1204 4717 1258 4755 non
1279 4699 1347 4755 ssu's
1366 4699 1490 4772 praecise

152 4788 299 4849 “aaut
320 4786 376 4843 'lo
393 4783 457 4840 hinc
475 4783 579 4841 factm
597 4790 658 4848 est,
687 4783 799 4839 tabulas
818 4782 943 4854 Keplerl.
963 4780 1017 4839 etsi
1038 4782 1160 4838 omnibns
1179 4779 1241 4837 sliis
1261 4779 1486 4852 praestantiores,

154 4866 328 4945 appmtiis
347 4874 440 4922 tannen
460 4882 515 4922 uon
533 4880 615 4939 posse
634 4863 796 4921 isminimis
815 4862 1175 4922 mesammones
1194 4860 1326 4933 aigum
1343 4860 1487 4921 mstis·

230 4962 320 5019 snas
332 4962 409 5017 orm
427 4960 464 5005 ua
1246 4951 1279 5010 tt
