3354 5504
927 180 940 217 1

696 299 861 355 Prooemium.
1272 352 1277 361 ,
1409 297 1450 368 13

174 478 229 541 De
255 486 338 541 statu
358 479 596 560 Tybhonicornm
620 489 761 543 constare
784 482 855 543 mihi
879 503 938 544 non
961 490 1072 562 potest,
1097 482 1168 564 qnia
1183 503 1230 544 me
1244 482 1448 562 Tengnaglins

90 576 271 631 summovet.
304 569 416 632 'Canis
441 570 470 630 in
493 570 631 651 praesepi
655 591 709 632 nec
733 572 852 633 foenum
881 572 946 652 ipse
976 572 1112 634 eomedit
1130 592 1184 633 nec
1208 572 1277 633 aliis
1301 572 1445 652 indulget.

88 658 212 740 Accipit
237 659 400 740 quotannis
424 658 515 721 mille.
548 661 607 722 Hic
630 661 732 736 vellet,
755 680 802 722 me
821 661 895 723 meis
919 661 1050 723 inventis
1074 660 1169 742 ipsius
1194 661 1335 724 salarium
1360 661 1446 723 tueri.

88 748 194 821 Volui,
219 746 246 809 si
270 756 412 829 quartam
434 757 549 830 partem
573 751 610 811 de
635 750 698 813 suis
722 750 803 815 mille
828 751 900 812 mihi
923 750 1156 826 transmitteret,
1182 750 1329 813 communi
1353 751 1448 831 ipsius

93 848 123 900 et
144 856 215 898 meo
249 837 370 899 nomine
396 857 461 900 cnm
494 840 630 901 omnibus
662 840 737 901 meis
770 860 870 901 coram
901 840 1033 904 Caesare
1064 860 1245 920 comparere.
1293 840 1355 902 Sed
1378 840 1448 920 quis

91 928 138 989 his
162 926 249 988 mille
274 928 360 988 solus
385 927 441 989 frui
464 928 546 1003 vult,
577 947 633 1009 ego
657 949 771 1011 quoque
795 950 854 991 non
883 948 1006 1010 possum
1035 949 1088 1010 pro
1111 930 1158 991 his
1189 930 1270 991 mille
1302 929 1448 1009 spondere

92 1024 121 1078 et
143 1033 240 1096 cogor
262 1016 405 1097 privatim
433 1037 530 1079 meum
562 1019 705 1080 salarium
734 1019 910 1094 defendere;
944 1020 1022 1099 qued
1047 1028 1077 1080 et
1100 1020 1158 1080 feci
1181 1018 1302 1080 traditis
1327 1017 1448 1099 Optica,

91 1104 294 1185 Ephemeride
311 1106 421 1167 Martis
444 1115 475 1168 et
492 1108 757 1170 transformatione
781 1109 949 1170 tabularum
962 1108 1126 1170 Lanarium
1142 1108 1285 1171 Calendis
1300 1105 1446 1170 Januarii.

93 1198 158 1258 Hoc
182 1195 237 1256 ille
262 1194 369 1256 videns
392 1205 580 1276 praetextum
604 1197 740 1278 quaerit,
771 1217 817 1259 me
841 1197 993 1278 Tychonis
1017 1197 1131 1276 placita
1154 1197 1342 1267 convellere,
1356 1196 1464 1266 nolle,
1523 1188 1529 1199 ’

94 1305 125 1346 se
149 1303 199 1345 me
224 1303 343 1351 enuere
367 1285 638 1348 observationibus.
686 1294 726 1357 (ln
744 1298 872 1361 memus:
902 1286 984 1357 Quid
1006 1293 1039 1347 tu
1062 1286 1203 1349 Fabrici?
1226 1286 1359 1347 Lunaria
1382 1287 1446 1369 Ty-

93 1372 200 1435 chonis
223 1382 337 1453 negant
356 1373 458 1436 Solem
482 1376 602 1437 umbrae
618 1377 768 1438 Terrenae
792 1384 979 1450 metatorem,
1004 1376 1115 1438 nullam
1140 1376 1306 1437 concedunt
1329 1375 1446 1437 dimen-

94 1463 210 1525 sionem
230 1461 333 1535 Solis,
356 1463 460 1525 Lunae
484 1473 515 1524 et
530 1466 641 1526 Terrae
666 1465 877 1528 distantiarum
900 1475 931 1526 et
945 1465 1150 1545 proportionis
1174 1483 1340 1544 corporum.
1380 1465 1447 1527 Hoc

94 1546 364 1631 correctnrnsego
387 1561 457 1632 peto
482 1554 716 1629 observationes,
741 1563 774 1616 ut
797 1555 943 1616 correctio
967 1553 1184 1634 aTychonicis
1208 1552 1283 1632 ipsis
1306 1553 1446 1633 proficis-

96 1651 180 1704 ratur
201 1648 234 1703 et
254 1659 307 1720 per
321 1642 510 1722 Tychonicas
534 1643 771 1705 observationes.
806 1646 872 1706 Hoc
893 1653 941 1705 est
954 1643 1105 1725 Tychonis
1120 1643 1233 1724 placita
1247 1642 1444 1716 convellere.)

94 1730 137 1792 At
159 1728 261 1791 verior
285 1750 391 1805 cansa,
415 1732 496 1812 cupit
518 1752 563 1793 me
588 1733 737 1812 impediri,
768 1743 802 1795 ut
824 1743 940 1813 tempus
972 1733 1084 1794 habeat
1106 1732 1218 1812 aliquid
1250 1731 1444 1806 elaborandi;

93 1821 252 1900 profitetur
275 1819 353 1881 enim
378 1839 410 1880 se
425 1840 556 1902 sperare
579 1822 761 1902 profectum,
794 1824 846 1883 sed
870 1824 926 1884 hoc
949 1821 1038 1882 valde
1067 1821 1288 1893 inconstanter,
1318 1820 1443 1884 subinde

95 1909 174 1970 enim
195 1908 353 1988 interjicit,
378 1910 457 1971 hano
480 1930 538 1972 non
564 1931 630 1972 esse
655 1909 738 1973 snam
761 1911 990 1994 professionem.
1446 1906 1457 1919 ’

186 1998 255 2076 Ego
280 2007 387 2061 sancta
409 1998 466 2061 fide
489 2000 545 2062 tibi
564 2002 648 2080 juro,
672 2021 719 2062 me
743 2001 816 2064 nihil
840 2002 868 2062 in
894 2001 990 2082 ipsum
1014 2006 1068 2060 aut
1095 1997 1188 2078 ipsius
1213 1997 1355 2060 salarium
1379 2006 1448 2059 ten-

98 2095 174 2148 tare.
222 2087 289 2147 Hoc
313 2086 409 2149 solnm
434 2107 507 2168 ago,
531 2098 565 2150 ut
588 2089 812 2151 observationes
836 2091 946 2152 habere
974 2088 1090 2170 possim
1114 2107 1188 2168 quas
1213 2088 1315 2170 oppio,
1341 2087 1447 2148 deinde

98 2183 130 2236 nt
147 2195 196 2237 me
212 2178 492 2239 commemoratione
516 2179 655 2241 veritatis
675 2180 831 2240 defendam
855 2187 961 2240 contra
977 2177 1190 2239 disseminatas
1214 2175 1447 2249 criminationes,

97 2264 192 2326 sicubi
216 2265 290 2326 mihi
313 2265 492 2328 indicantur.
538 2270 731 2348 Accepernnt
754 2270 790 2330 de
815 2266 924 2331 20000
947 2275 1064 2347 partem
1092 2266 1242 2346 quintam3
1272 2266 1309 2327 de
1332 2265 1454 2348 reliquo-

97 2354 126 2415 in
149 2372 204 2434 spe
229 2362 308 2415 sunt.
353 2355 455 2436 Tycho
478 2375 600 2419 uxorem
625 2358 710 2419 duxit
733 2377 841 2437 genere
864 2356 1003 2430 nobilem,
1027 2357 1147 2417 fortuna
1161 2364 1296 2431 ¹tenuem.
1319 2385 1359 2396 -·

185 2440 260 2503 Quae
279 2443 299 2491 si
319 2446 496 2508 comparaveris
516 2461 571 2495 cnm
589 2448 627 2503 iis,
647 2461 710 2511 qnae
729 2447 948 2511 Longomontanus
967 2445 999 2493 ad
1016 2443 1150 2507 Keplerum
1168 2451 1192 2492 et
1204 2443 1326 2505 Keplerus
1345 2442 1378 2493 ud
1395 2442 1446 2493 He·

99 2513 239 2578 nimium
258 2511 326 2574 (V0l
346 2515 368 2571 Ι.
387 2531 410 2578 p.
425 2512 489 2575 309)
507 2519 663 2581 scripserunt,
682 2518 755 2582 plane
775 2519 904 2571 constabit.
924 2516 1043 2566 haeredes
1061 2515 1184 2577 Tychouis
1203 2528 1286 2563 curam
1306 2515 1404 2565 anxiose
1422 2520 1449 2564 st

99 2585 216 2633 ’(00θῆ0*
241 2585 373 2642 htbulttt·
396 2586 531 2649 Keplerum
558 2591 635 2653 patris
663 2591 856 2656 observationum
885 2588 1027 2637 thesaurum
1050 2602 1106 2635 suos
1129 2589 1155 2635 in
1178 2601 1236 2634 usus
1263 2592 1358 2635 vertere
1385 2586 1448 2636 selle

98 2657 219 2721 neglectis
236 2658 346 2720 ipsorum
363 2659 503 2709 commodis.
541 2660 638 2710 Deinde
657 2677 712 2710 cum
731 2662 839 2723 Keplero
858 2674 875 2709 a
893 2658 1000 2709 Caesare
1018 2658 1162 2709 mandatum
1181 2658 1266 2712 fuerit,
1285 2665 1313 2706 ut
1331 2657 1448 2708 conficiet

97 2727 220 2784 Tabulas,
245 2741 307 2791 quas
326 2727 410 2791 Tycha
434 2733 591 2793 promiserat.
616 2739 641 2781 et
663 2747 749 2797 parum
767 2733 813 2782 hoc
837 2732 962 2795 negotium
985 2730 1143 2786 succederet,
1168 2743 1210 2778 eas
1229 2729 1259 2777 ob
1279 2742 1368 2778 causas
1387 2744 1448 2793 quus

97 2813 170 2861 supra
187 2799 265 2862 ipsius
284 2794 385 2863 Kepleri
404 2804 570 2864 proposuimus
588 2805 675 2864 verbis,
693 2804 832 2852 stimulasse
850 2805 929 2866 ipsum
952 2802 1064 2850 ridentur
1083 2815 1137 2849 cum
1162 2799 1281 2849 haeredes
1301 2806 1353 2849 tum
1372 2801 1445 2850 sulae

98 2870 197 2932 qnidam
215 2872 333 2922 ministri.
357 2875 524 2934 etpromissis
543 2881 633 2931 steret,
660 2877 747 2939 quibus
772 2875 948 2937 intempestivis
975 2872 1132 2921 monitoribus
1153 2880 1247 2926 motus.
1274 2885 1329 2920 eum
1347 2872 1447 2937 iusuper

97 2943 269 2990 institueretur
286 2941 421 2992 studiorum
439 2959 536 2994 suornm
559 2948 682 3009 inspector
705 2944 795 3010 (comp.
816 2952 900 2994 annot.
921 2941 958 3005 ³).
978 2944 1113 2993 nominarit
1131 2944 1258 2992 Martem
1287 2958 1357 2993 suurn
1376 2944 1445 3007 quasi

98 3013 170 3075 pians
189 3013 345 3063 insistentem
363 3013 486 3076 Tyehonis
509 3018 717 3067 observationibus
742 3017 976 3080 hypothesibusqne,
1001 3015 1077 3065 tacite
1101 3030 1157 3064 vero
1180 3016 1301 3078 propriam
1319 3016 1383 3062 riam
1401 3014 1448 3062 sibi

98 3097 234 3134 marana.
273 3083 330 3144 Qua
347 3087 505 3148 promissione
524 3090 593 3138 iacta
611 3089 719 3139 fautores
731 3090 832 3153 Kepleri
851 3089 877 3137 in
896 3087 961 3144 aula,
981 3087 1121 3143 Barwitius,
1141 3085 1309 3142 Wackheriua
1327 3084 1446 3134 Pistoriae

100 3155 203 3219 aliique,
229 3171 279 3204 non
304 3163 402 3205 tantum
429 3157 604 3222 imperatorem
631 3158 787 3223 Rudolphum
812 3163 864 3223 jam
891 3160 970 3221 ipsum
997 3158 1104 3221 Keplero
1137 3157 1275 3212 faventem,
1301 3154 1344 3205 sed
1371 3156 1446 3204 etism

100 3225 288 3288 „Tyehonicw
308 3242 439 3292 eorumque
466 3233 565 3281 nomine
584 3231 764 3296 Tengnsglium
784 3247 813 3280 co
832 3231 984 3295 adegerunt,
1011 3236 1039 3278 ut
1063 3229 1103 3277 ille
1127 3237 1234 3285 sumtus,
1253 3227 1277 3276 hi
1302 3240 1446 3276 consensum

98 3297 200 3346 tandem
220 3297 253 3346 ad
271 3298 455 3361 imprimeudum
475 3317 534 3366 opus
552 3304 578 3351 in
596 3317 622 3352 se
633 3305 779 3366 reciperent.
805 3302 957 3351 Contensem
976 3316 1031 3350 roro
1049 3300 1115 3350 hune
1133 3317 1182 3350 non
1194 3301 1267 3364 plana
1285 3300 1338 3347 sine
1357 3311 1445 3361 exeep-

98 3368 271 3418 donatistam
295 3370 394 3437 lmese,
410 3379 481 3434 patet
499 3389 514 3423 o
531 3373 694 3438 Tengnagelii
721 3375 887 3437 praelatione,
915 3386 988 3436 quam
1007 3387 1036 3420 so
1059 3371 1113 3420 loeo
1137 3372 1291 3436 reliquimus.
1320 3383 1367 3433 quo
1390 3382 1445 3418 eam

98 3439 223 3504 Keplerus
242 3443 308 3504 operi
326 3457 370 3490 suo
388 3443 508 3505 adjunxit.

188 3509 262 3571 Quod
281 3514 371 3561 attinet
390 3519 492 3580 typum
511 3523 537 3565 et
555 3516 695 3574 formam,
720 3531 768 3580 qua
785 3515 926 3579 prodierunt
945 3513 1140 3571 commentaria,
1159 3528 1230 3577 pares
1250 3516 1321 3560 erant
1337 3500 1445 3560 liberali·
1547 3544 1554 3558 .

98 3583 144 3632 tati
157 3581 309 3632 Gemmeus.
335 3583 417 3647 Typur
437 3586 518 3637 clarus
537 3594 562 3636 et
574 3590 635 3636 satis
652 3602 766 3653 magnus,
785 3586 873 3637 charta
891 3586 1021 3635 admodum
1039 3587 1112 3641 bons,
1132 3585 1211 3634 forma
1227 3585 1305 3644 major
1317 3577 1352 3640 (in
1365 3578 1445 3642 folio),

100 3654 208 3720 paginas
227 3669 328 3704 numero
348 3652 407 3704 337.
437 3657 557 3722 Pleraque
575 3673 639 3723 quae
657 3660 805 3722 inspeximus
824 3659 974 3720 exemplaria
992 3673 1040 3707 non
1060 3657 1175 3706 exhibent
1192 3668 1280 3704 nomen
1299 3653 1447 3718 typographi

98 3739 178 3790 ΜΘ
196 3725 293 3783 lotum·
311 3727 353 3776 ubi
370 3729 434 3791 typis
453 3732 587 3794 exscriptus
607 3737 645 3779 est
662 3730 736 3787 liban
760 3732 785 3778 iu
803 3745 852 3778 uno
871 3736 983 3784 tantum.
1010 3730 1103 3779 meliori
1121 3728 1241 3776 instructa
1259 3724 1359 3781 charta,
1383 3724 1448 3790 qnod

99 3797 169 3845 nobis
185 3803 286 3859 praesto
304 3806 351 3855 est,
371 3807 453 3850 exstat
470 3803 494 3850 in
508 3802 557 3851 line
575 3803 671 3865 signnm
691 3801 835 3866 typographi
849 3800 964 3864 vegetior
977 3801 1119 3865 Lipsiensis,
1138 3797 1202 3861 quod
1221 3796 1335 3845 describit
1352 3796 1446 3846 Kaest-

99 3883 172 3916 uerus
190 3870 217 3916 in
236 3867 300 3917 Hist
325 3869 404 3919 blath.
424 3871 480 3921 Vol.
499 3872 545 3928 IV,
565 3870 616 3922 238
635 3873 742 3935 addens:
762 3881 838 3921 unten
865 3870 932 3921 steht
949 3872 994 3920 mit
1016 3872 1083 3921 siner
1100 3869 1174 3918 Hand
1193 3882 1238 3917 aus
1257 3867 1312 3917 dom
1331 3868 1447 3933 Aniangs

99 3939 143 3987 des
162 3937 204 3986 tr.
224 3938 404 3991 Juhrhundsrtt
416 3943 590 4008 geschrieben:
609 3943 796 3994 Bucbdrnchers
809 3943 926 4000 Zeichen,
945 3943 1011 3993 stelit
1024 3957 1049 3990 es
1060 3941 1134 3990 haim.
1149 3941 1179 3988 ob
1192 3954 1230 3988 ers
1243 3938 1327 3987 bichor
1338 3939 1446 3988 druckm

100 4011 158 4060 ⁰⁶⁶¹
182 4010 326 4062 1111081θῦ
343 4013 403 4069 ¹0¹1.
427 4016 474 4065 vis
493 4016 557 4065 auch
574 4017 659 4064 seimon
678 4015 791 4065 Nahmeu
810 4030 900 4063 romeu
918 4015 962 4064 her
983 4014 1033 4062 und
1052 4013 1101 4060 deu
1119 4009 1165 4060 Ort
1182 4010 1338 4074 Heidelberg.
1375 4009 1448 4061 fluet

99 4082 173 4131 verb*
195 4089 223 4131 tt
245 4096 290 4138 ⁰³.
317 4097 381 4147 quae
401 4085 523 4149 Keplerus
550 4088 646 4150 scripsit
663 4087 806 4151 Brenggero
830 4086 896 4146 (vide
920 4086 983 4134 infra
1006 4100 1029 4146 p.
1051 4079 1096 4142 ³1)
1121 4084 1196 4132 unica
1222 4083 1356 4139 habemus,
1383 4095 1447 4147 quaa

99 4151 293 4219 Heidelbergam
312 4155 452 4220 significant
469 4159 558 4216 locum,
577 4174 624 4224 quo
643 4174 702 4221 opus
721 4159 784 4222 typis
803 4159 949 4221 exscriptum
966 4157 1006 4204 sit.

187 4223 214 4274 Si
234 4227 287 4288 quis
306 4237 417 4289 quaerat,
437 4229 510 4294 quale
528 4230 601 4289 inerit
621 4229 740 4291 judicium
766 4226 953 4293 aequalium'de
972 4239 1044 4289 opere
1062 4223 1176 4288 Kepleri,
1199 4225 1273 4291 longe
1295 4222 1390 4273 diversa
1409 4228 1448 4272 ast

99 4295 132 4344 ad
148 4295 216 4346 hanc
234 4297 404 4360 quaestionem
428 4303 552 4364 responsio
571 4302 602 4350 ab
621 4312 667 4357 es,
693 4308 757 4362 quae
776 4300 806 4349 de
825 4298 879 4348 aliis
896 4297 996 4360 Kepleri
1020 4297 1115 4359 scriptis
1140 4296 1241 4346 ferenda
1262 4302 1307 4344 est.
1345 4294 1447 4345 Summa

101 4374 126 4415 et
138 4381 228 4431 scopus
247 4367 302 4416 libri
320 4369 394 4434 longe
412 4372 549 4421 excedebat
568 4368 663 4422 illorum
683 4379 791 4434 captum,
810 4370 918 4420 otuelus
937 4369 987 4417 lere
1005 4367 1123 4433 Maginus
1140 4369 1237 4432 publico
1258 4367 1326 4415 illum
1344 4365 1447 4423 laudare

101 4446 128 4487 et
143 4453 217 4489 mnus
234 4439 261 4488 in
279 4453 350 4488 usum
368 4449 462 4493 vertere
481 4451 585 4493 conatus
604 4450 658 4500 est;
680 4442 827 4492 Maeatlinus
850 4454 980 4490 senescens
1005 4441 1140 4499 obmutuit,
1166 4437 1357 4489 imbecillitatem
1375 4449 1446 4486 suam

101 4510 252 4569 concedam,
276 4510 402 4562 Fabricius
428 4514 529 4563 nimium
552 4516 667 4578 temporis
684 4516 709 4563 in
728 4514 880 4578 astrologicis
899 4511 1058 4561 consumebat
1076 4510 1188 4565 somniis.
1209 4509 1341 4573 Cepernieo
1360 4521 1446 4570 parum

100 4579 232 4637 tn'busbst
242 4581 305 4630 forte
319 4582 394 4633 etiam
408 4599 480 4650 aegre
493 4586 549 4635 tulit
558 4586 659 4649 Kepleri
671 4586 772 4636 liberum
785 4585 815 4633 da
825 4585 898 4646 ipsius
911 4582 997 4631 studiis
1009 4584 1034 4631 in
1043 4582 1199 4646 planetarum
1208 4579 1311 4628 motibus
1318 4579 1445 4639 indicium,

101 4667 146 4716 que
157 4654 253 4703 motum
267 4658 314 4709 est,
332 4661 361 4704 ut
371 4655 467 4719 publice
485 4672 535 4706 non
554 4658 641 4707 eadem
661 4657 791 4706 alacritate
810 4670 859 4703 rem
879 4653 1061 4718 aggrederetur.
1080 4668 1130 4718 qna
1146 4653 1258 4716 privatim
1271 4664 1326 4698 oum
1338 4648 1446 4713 Ksplere

102 4723 133 4772 ds
150 4725 239 4775 sadsm
258 4733 354 4790 egerat.
392 4727 441 4776 alii
459 4727 594 4791 Tyehonis.
622 4729 663 4778 elii
680 4727 818 4778 Ptolemaei
835 4724 1010 4788 hypothesibus
1036 4725 1127 4776 addicti
1156 4721 1289 4785 Keplerum
1317 4720 1446 4785 copemlol

104 4795 298 4846 addleu'ssiauum
316 4795 470 4848 defensorem
487 4801 567 4851 miuus
585 4809 683 4865 gratum
700 4800 846 4850 habuerunt.
878 4796 928 4846 Alii
946 4796 1050 4863 denique
1068 4811 1128 4860 opus
1147 4797 1226 4859 ipsum
1242 4807 1367 4858 uunquam
1386 4807 1446 4843 eou-

104 4875 240 4931 ΨΜ)
262 4880 393 4934 tquomm
411 4885 512 4922 numero
529 4872 628 4925 ωιίοοω
645 4871 748 4923 dicimus
761 4866 901 4930 Odoutium,
921 4869 970 4934 qui,
990 4867 1047 4920 dum
1059 4867 1119 4918 illud
1137 4863 1297 4918 elucubrabat
1314 4863 1445 4932 Ksplarsae
