3354 5504
649 285 711 337 Pars
730 284 836 349 Quarta.
872 246 1071 401 Cepntwll.
1353 232 1359 247 ·
1463 208 1554 363 ὦ,

186 468 366 546 punctorum
398 463 558 525 eccentrici
589 470 620 524 et
646 483 747 537 mora,
777 481 900 545 quarum
927 462 1010 526 illam
1040 469 1157 542 partem
1186 356 1603 722 aequatiouaesnptic&

187 556 264 617 hane
288 546 455 636 'physicam
487 553 640 633 appellare
674 554 775 628 soleo;
809 571 921 615 moram
951 571 1039 628 vero,
1068 553 1093 614 si
1118 553 1273 633 quicquam
1297 553 1358 614 alin
1394 553 1508 637 „planu
1546 586 1555 625 ς

187 652 268 707 certe
291 642 548 722 circumscriptum
571 642 678 725 itinere
700 643 841 722 planetae
865 641 1160 721 compendiosissime
1184 642 1273 714 (licet
1295 660 1353 703 non
1395 640 1398 645 '
1431 642 1537 705 lectis-
1598 668 1603 676 ·

186 734 276 806 sime)
308 733 471 795 metiatur:
503 708 684 793 revolemfir
713 731 805 810 igitur
837 730 876 792 ad
910 731 1123 793 dimensionem
1146 730 1303 793 eccentrici
1327 730 1466 812 ooidisp
1513 752 1542 837 p

186 822 272 902 cujus
307 821 478 883 delineandi
511 821 595 900 leges
628 827 697 881 sunt
728 821 920 900 praemissae.
976 820 1056 882 Nam
1087 819 1145 881 etsi
1174 839 1280 900 parum
1310 819 1423 900 aliquid
1453 838 1473 884 n
1500 812 1539 882 'rs

186 913 286 987 deest,
311 930 370 992 quo
393 911 489 972 minus
513 910 672 989 genuinam
695 909 771 970 hanc
789 908 932 988 temporis
949 928 1119 971 mensuram
1135 917 1303 971 statuamus
1318 909 1407 981 (illud
1421 928 1537 990 nempe,

185 1001 266 1082 qnod
299 1001 339 1063 ad
370 999 466 1061 ooidis
493 998 762 1061 circumferentiam
795 998 891 1078 magis
924 998 1015 1059 etiam
1042 1018 1130 1078 qnam
1154 999 1192 1059 ad
1215 998 1391 1061 circularem
1405 999 1539 1069 s‘ncIInes

186 1099 258 1153 sunt
281 1089 397 1164 lineae,
422 1107 496 1168 quae
520 1096 624 1168 partes
648 1088 904 1151 clrcnmlerentiae
928 1086 1007 1149 illius
1022 1107 1088 1149 cum
1107 1089 1189 1149 sonte
1206 1088 1324 1148 virtutis
1343 1096 1539 1162 connectunt;

185 1179 324 1260 adeoque
348 1179 439 1240 etiam
462 1178 532 1239 illae
557 1177 665 1250 lineae,
689 1197 764 1257 quae
788 1196 827 1238 ex
849 1185 952 1239 centro
976 1176 1136 1238 eccent'rici
1160 1177 1198 1237 ad
1214 1177 1335 1238 easdem
1352 1178 1422 1238 illas
1436 1187 1540 1259 partes

186 1269 288 1331 ooidis
319 1269 480 1340 ducuntur;
513 1285 580 1328 curn
602 1266 680 1328 alias
704 1266 780 1327 radii
804 1285 843 1326 ex
866 1274 969 1327 centro
994 1267 1033 1326 ad
1055 1266 1181 1345 perlecti
1204 1266 1304 1326 circuli
1328 1266 1539 1418 circumsign-

187 1357 408 1422 tism‘omnino
431 1356 506 1417 recti
530 1355 624 1430 sint),
656 1356 732 1416 unde
757 1355 902 1434 sequitur,
928 1366 961 1416 ut
984 1374 1038 1414 nec
1062 1373 1177 1416 summa
1200 1354 1409 1416 distantiarum
1491 1359 1539 1418 cte
1656 1374 1662 1387 ·

186 1455 381 1511 mensuretur
405 1445 551 1524 aplane,
585 1463 640 1506 nec
663 1462 750 1506 arcus
774 1444 869 1505 ooidis
893 1442 953 1529 sint
977 1453 1084 1505 exacte
1106 1444 1345 1527 proportionales
1368 1443 1538 1507 distantiis:

188 1556 267 1618 quae
301 1535 401 1599 omnia
437 1534 585 1615 patebunt
614 1553 652 1594 ex
681 1533 842 1596 relectione
873 1534 938 1611 cap.
962 1532 1031 1595 XL.
1062 1541 1094 1594 et
1121 1532 1263 1606 XXX113
1300 1552 1387 1613 qnam
1417 1550 1541 1615 parrum

188 1636 293 1690 tumen
316 1624 392 1686 illud
415 1623 456 1685 sit
480 1623 623 1696 futurum,
657 1642 694 1684 ex
717 1641 783 1702 cap.
808 1621 924 1683 XLIII.
949 1602 1280 1702 conjecturamssapere
1299 1623 1381 1684 licet.

282 1713 440 1785 Quomodo
465 1721 565 1773 autem
586 1712 708 1790 planum
732 1712 787 1772 hoc
811 1712 899 1772 aliter
914 1713 1023 1786 metiri,
1047 1712 1085 1772 ad
1099 1712 1222 1792 planum
1237 1711 1338 1773 circuli
1355 1730 1540 1792 comparare,

190 1805 277 1868 etin
301 1803 467 1882 imperatas
490 1809 595 1880 partes
614 1800 746 1862 dividere
769 1800 930 1879 posumus,
954 1800 1012 1861 nisi
1028 1802 1203 1880 quadratum
1219 1800 1404 1863 inveniamus
1414 1801 1539 1881 aequale

190 1900 382 1974 resegmento
407 1891 469 1952 sive
493 1890 612 1951 lunulae
635 1887 791 1952 resectae?
833 1889 891 1950 Hic
915 1888 1006 1968 igitur
1029 1891 1226 1951 accersendus
1246 1890 1331 1952 nobis
1351 1889 1540 1970 stragoedia

189 1988 278 2058 deoc,
302 1982 362 2043 imo
385 1996 456 2041 vero
479 1983 564 2058 loyor
579 1999 631 2053 stc,
655 1977 715 2041 ἀπο
733 2000 869 2059 ungam,
892 1979 1010 2057 quinos
1029 1980 1137 2041 doceat
1151 1978 1313 2041 machInari
1329 1980 1541 2060 quadraturam

191 2072 290 2135 onidis
317 2077 369 2133 aut
390 2069 474 2130 limbi
501 2069 531 2130 in
559 2066 710 2147 schemate
734 2065 793 2142 98,
827 2088 880 2130 sen
912 2068 1031 2130 lunulae
1055 2070 1163 2143 dotd,
1187 2069 1271 2148 cnjus
1295 2068 1480 2131 abscissione
1504 2087 1542 2130 ex

192 2165 267 2225 dte
290 2159 393 2223 circuli
416 2159 506 2239 plano
537 2156 640 2223 oeides
668 2159 740 2219 dol
762 2166 930 2236 generetur.
977 2157 1019 2219 Ut
1041 2157 1132 2236 igitur
1154 2157 1236 2237 prius
1251 2177 1317 2238 cap.
1334 2157 1401 2221 XL.
1421 2158 1451 2220 in
1465 2176 1541 2220 eou-

193 2250 300 2314 clroide
334 2248 450 2329 spatio,
483 2246 527 2308 sic
558 2252 635 2308 nunc
671 2246 779 2307 iterum
807 2246 835 2307 in
860 2245 946 2306 ooide
971 2247 1039 2318 (ant
1061 2247 1087 2307 si
1111 2247 1189 2308 forte
1212 2247 1327 2322 mavis,
1356 2247 1541 2329 metopoide)

194 2338 316 2422 appello
340 2345 511 2417 geometras
534 2353 692 2415 eorumque
716 2354 802 2415 opem
824 2335 959 2415 Imploro.
1236 2328 1273 2391 ts

276 2425 319 2506 ,Si
345 2427 441 2506 figura
470 2433 576 2491 nostra
602 2434 684 2498 esset
705 2420 1036 2509 perfectffiellip‚sis*),
1061 2433 1216 2503 peractum
1239 2432 1322 2487 esset
1342 2422 1383 2487 ab
1407 2426 1542 2490 Archi-

156 2517 301 2681 3⁴:³²
334 2515 504 2595 negotium,
528 2515 578 2596 qui
601 2514 676 2575 libro
701 2513 737 2573 de
761 2511 995 2593 Sphaeroidibus
1018 2529 1103 2592 prop.
1128 2513 1183 2575 VI.
1209 2514 1278 2577 VII.
1308 2515 1391 2578 VIII.
1416 2517 1543 2580 demon·

163 2612 174 2689 ζ
309 2603 355 2666 sie
379 2624 445 2666 esse
468 2603 590 2683 planum
614 2601 729 2682 ellipsis
753 2602 792 2663 ad
816 2603 938 2682 planum
962 2601 1074 2677 circuli,
1098 2602 1244 2665 communi
1266 2605 1374 2683 majori
1398 2605 1545 2669 diametro

195 2715 260 2759 cum
286 2693 385 2773 ellipsi
408 2692 539 2766 utentis,
569 2699 603 2754 nt
632 2699 680 2753 est
707 2692 913 2771 rectangulum
941 2691 1152 2753 diametrorum
1176 2694 1245 2766 (seu
1268 2693 1362 2772 ligura
1385 2694 1545 2769 sectionis)

194 2786 233 2849 ad
263 2782 445 2865 quadratum
477 2781 617 2843 diametri
650 2780 762 2842 circuli.
815 2780 865 2842 Sit
892 2787 992 2841 autem
1021 2781 1097 2843 haec
1128 2783 1222 2861 figura
1249 2783 1385 2862 perfecta
1412 2783 1544 2865 ellipsis:

195 2892 301 2956 parum
329 2872 407 2933 enim
437 2869 546 2933 differt.
601 2869 768 2931 Videamus
792 2869 953 2950 quidinde
977 2878 1126 2953 sequatur.
1172 2870 1247 2933 Dico
1271 2869 1380 2950 igitur,
1412 2871 1546 2935 lunulam
1638 2886 1641 2891 ’

196 2966 295 3027 sote
317 2981 337 3023 a
359 2959 543 3023 semicirculo
566 2969 714 3021 resectam
737 2954 1068 3039 insensibili'majorem
1089 2960 1220 3022 futuram
1234 2960 1438 3036 semicirculo,
1462 2960 1544 3041 cnjus

197 3051 423 3117 semidiameter
452 3055 501 3110 est
532 3047 741 3111 eccentrioitas
775 3048 846 3127 ipsa·
865 3032 959 3112 9261t
976 3068 1029 3110 seu
1052 3051 1106 3126 αβ.
1152 3050 1318 3113 Bc'aecetscr
1340 3052 1489 3129 animali
1517 3052 1525 3071 ‘

198 3140 295 3226 o(ut
317 3159 386 3221 cap.
411 3124 574 3215 XXIX)
599 3145 629 3200 et
650 3157 689 3200 em
712 3156 733 3198 o
754 3138 818 3218 ipsi
840 3139 885 3211 ad
909 3136 1186 3220 pmpendimdaria
1215 3147 1305 3204 cecat
1333 3161 1395 3217 σῃ·
1417 3148 1448 3204 ct
1469 3160 1544 3206 eoos·

198 3236 364 3297 mctautw
383 3235 502 3311 puncta
523 3227 589 3304 α,β
612 3247 684 3290 cum
697 3246 734 3299 τ,·
757 3227 822 3309 ipsi
842 3245 912 3289 vero
934 3227 977 3304 ds
995 3226 1170 3311 parallelos
1191 3229 1317 3294 incedat
1334 3250 1395 3309 m
1417 3237 1448 3293 et
1468 3250 1545 3295 cors-

196 3314 490 3400 dedantur-puncto
504 3317 533 3393 β,
546 3337 568 3394 φ
583 3323 615 3376 et
628 3339 658 3389 α,
676 3336 721 3393 φ;
744 3323 774 3378 eo
793 3324 895 3378 occire
918 3340 948 3389 α,
974 3315 1159 3381 diastemate
1181 3342 1239 3394 as,
1263 3320 1423 3384 amidam·
1448 3338 1546 3386 crocu

199 3424 462 3505 susspensus
490 3402 816 3485 inundanti.
865 3402 946 3466 &cm
978 3415 1271 3490 erpoprsrcotums
1298 3409 1342 3470 sit
1371 3394 1568 3490 monnusd‘
1615 3392 1620 3401 ⁵

199 3503 352 3563 romeam
381 3497 420 3559 ab
444 3517 474 3568 α,
498 3494 527 3570 β,
558 3514 668 3557 eramus
698 3494 795 3575 igitur
829 3489 1063 3575 (propriissimis
1095 3516 1166 3559 cum
1185 3498 1346 3560 Asamum
1371 3491 1553 3580 loqueram

200 3591 236 3652 ira
245 3584 444 3670 longitudine
456 3582 572 3657 media,
596 3583 653 3645 lsoc
668 3588 713 3644 eat
729 3581 764 3644 ia
777 3581 932 3645 distorttia
952 3582 1105 3646 mediocre·
1121 3583 1303 3669 planctum
1324 3605 1346 3649 a
1361 3585 1436 3651 Sola
1454 3584 1545 3663 α.**)

200 3678 249 3761 Ac
271 3676 351 3757 quid
372 3696 414 3753 yp
435 3678 482 3734 eat
497 3669 673 3752 parallelos
695 3673 760 3753 ipsi
778 3671 828 3748 βτ,
851 3691 922 3753 erpo
939 3693 1002 3755 per
1025 3673 1141 3756 copita'e
1159 3676 1377 3757 praecedentis
1400 3675 1563 3779 delirum}¹
1585 3738 1593 3755 ,

199 3750 317 3830 domem
347 3765 454 3846 ipsum
477 3767 631 3843 puuctum
658 3773 685 3840 ψ
714 3758 817 3823 tineae
849 3782 899 3839 αφ
930 3768 974 3823 est
1001 3761 1157 3841 genuinus
1188 3771 1218 3827 et
1247 3766 1429 3831 unissimus
1459 3736 1590 3869 qus'³

176 3898 188 3939 5
251 3851 423 3918 celedonis
453 3871 497 3910 ac
526 3849 562 3912 in
593 3862 667 3929 αψ;
701 3852 807 3930 daque
838 3856 915 3929 etsp
943 3857 988 3912 esi
1013 3857 1165 3933 pumcmem
1198 3853 1371 3919 distantiae
1400 3847 1574 3939 pldmaefls‘*

181 3940 202 3963 ‘·
280 3943 380 4006 'orm
429 3940 537 4018 Quare
552 3936 719 4022 particulo
739 3938 843 4003 linem
864 3940 924 4018 βψ,
947 3958 1029 4021 quae
1050 3941 1179 4004 tuimet
1206 3942 1289 4006 inter
1310 3958 1338 4022 ψ
1359 3952 1389 4008 et
1411 3945 1547 4009 eircum-

195 4035 379 4117 sffmtiom,
401 4028 528 4107 metitur
545 4027 745 4092 latitudinem
759 4025 888 4092 lunulae
903 4029 990 4093 circe
1004 4027 1230 4110 lormimdiuem
1249 4033 1408 4110 acediam
1430 4032 1456 4096 c·

192 4141 275 4202 ‘cm
298 4119 345 4199 ξφ
366 4115 544 4183 immittis·
565 4116 672 4200 aliquo
694 4119 797 4204 major
818 4124 863 4179 est
884 4118 944 4180 tac
971 4115 1148 4182 marociae.
1194 4108 1393 4186 Deruittatm

203 4208 364 4277 diesim
385 4227 425 4270 erc
445 4208 465 4284 β
487 4208 523 4270 in
545 4224 603 4280 or,
634 4227 714 4289 quac
741 4208 783 4269 eit
805 4207 856 4283 βυ.
902 4207 989 4270 Dico
1016 4205 1079 4285 ξφ,
1105 4215 1231 4292 partem
1260 4209 1362 4276 lineae
1384 4214 1450 4291 βφ,
1482 4232 1548 4277 esse
1585 4278 1588 4283 ,
1631 4272 1633 4277 .

203 4298 338 4425 gepidos
358 4295 463 4378 ipsius
484 4318 544 4357 cv:
586 4294 816 4373 Commemoratur
847 4295 929 4360 etim
950 4318 976 4370 s,
1001 4316 1043 4373 o,·
1065 4303 1094 4360 et
1115 4317 1154 4361 aa
1176 4318 1193 4360 τ
1213 4302 1250 4366 ia
1271 4303 1319 4382 βφ
1339 4303 1445 4367 oseas
1467 4323 1545 4388 per·

292 4515 322 4591 *)
343 4518 457 4589 EIIIpsis
479 4523 523 4572 est
543 4517 635 4588 figura
664 4515 798 4581 ordinata,
830 4517 966 4570 resultans
988 4534 1025 4572 ex
1045 4520 1165 4575 sectione
1195 4521 1255 4577 coni
1280 4541 1331 4595 per
1360 4541 1450 4582 axem.
1490 4526 1547 4584 Alii

205 4602 300 4657 dicunt
320 4600 450 4655 circulum
470 4598 628 4669 oblongum.

294 4675 338 4750 ⁹)
357 4679 445 4757 Hodie
473 4677 587 4734 abusive
611 4676 722 4732 dicimus
756 4675 955 4747 longitudinem
988 4679 1106 4735 mediam
1143 4689 1273 4752 punctum
1303 4684 1545 4754 oueumlerentiae,

207 4765 278 4837 qnod
298 4758 603 4894 habetdlongitudinem
629 4758 758 4822 medieni,
785 4757 838 4810 hoc
857 4762 902 4810 est
922 4758 992 4827 quod
1013 4759 1161 4831 elongatur
1188 4748 1380 4822 mediocritatis
1400 4768 1508 4824 modulo
1528 4784 1547 4824 a

207 4848 302 4898 centro
324 4853 388 4896 mun
406 4835 424 4895 i.
508 4893 514 4902 ,
