3354 5504
164 293 229 391 ιιι
360 255 363 261 ’
422 278 425 286 ’
765 292 907 351 natam

165 480 226 542 sint
256 478 440 540 incrementa
471 477 623 556 phasium,
657 485 689 538 ut
721 495 778 558 qno
808 484 943 555 tempore
967 476 1061 538 Terra
1089 476 1173 538 videt
1205 470 1322 537 Lunam
1356 470 1505 548 falcatam,

165 569 269 631 eodem
292 567 378 628 Luna
402 566 503 629 videa't
521 567 646 629 Terram
669 566 789 647 gibbam
809 565 862 629 irc.
901 564 1054 637 Quantam
1078 560 1169 645 igitur
1191 565 1363 644 portionem
1387 566 1426 627 de
1448 574 1507 627 toto

162 657 273 719 lumine
298 655 359 729 (vel
383 663 449 716 tota
471 666 559 736 parte
582 653 723 728 obscuro)
747 652 885 735 possidet
906 675 965 716 uua
994 654 1099 736 phasis
1122 654 1233 714 Terrae
1258 662 1290 713 et
1313 673 1375 715 nna
1399 655 1506 728 Lunae,

165 754 281 807 tantam
305 746 342 805 de
365 744 420 805 illa
443 744 529 823 phasi
552 745 719 826 portionem
743 745 837 806 Terra
865 744 956 805 babet
978 763 1033 825 pro
1056 743 1162 822 regula
1189 741 1404 804 admetiendae
1428 743 1508 823 hujus

164 837 332 915 superfluae
356 832 529 897 celeritatis.
568 835 617 897 Ita
634 834 735 896 valent
758 833 905 914 quadrata
928 833 1072 894 linearum
1088 833 1159 906 ΒΜ,
1183 831 1239 893 hoc
1254 845 1303 893 est
1327 831 1428 894 lineae
1444 830 1507 916 QV.

159 978 163 985 .
255 924 337 984 Haec
361 941 432 1002 ego,
458 920 633 985 clarissime
659 923 728 997 Vir,
750 921 854 1003 potius
878 923 1036 984 exercendi
1060 921 1119 984 mei
1143 934 1232 1001 qnam
1256 921 1301 982 tui
1326 921 1513 1003 defatigaudi

165 1031 258 1074 eausa
280 1012 317 1073 de
331 1009 466 1073 theoriae
481 1013 584 1073 Lunae
608 1012 818 1074 reformatione
843 1011 967 1091 scripsi:
992 1011 1035 1072 tui
1055 1011 1113 1072 erit
1135 1009 1261 1083 arbitrii,
1286 1010 1361 1089 quid
1385 1008 1432 1071 ad
1439 1011 1507 1073 banc

163 1106 280 1182 partem
312 1101 465 1162 literarum
496 1101 697 1204 respoudeas3
731 1101 805 1163 illud
837 1101 933 1161 solnm
964 1118 1055 1179 rogo,
1085 1100 1122 1160 de
1151 1099 1219 1160 fixis
1249 1098 1331 1179 qnod
1361 1099 1452 1179 petii,
1480 1111 1509 1159 ut

164 1208 253 1256 curae
277 1190 390 1251 babeas
412 1199 502 1269 utque
526 1190 569 1250 sio
590 1190 806 1277 respondeas,
808 1188 850 1250 nti
870 1189 1027 1250 existimas
1046 1207 1082 1250 ex
1098 1187 1229 1250 utilitate
1253 1187 1348 1249 studii
1372 1196 1509 1251 ιιιιιιιο-

164 1276 240 1342 mici
257 1280 396 1341 iutnrmum
443 1278 530 1340 Vale.
562 1279 590 1339 d.
620 1277 668 1343 12
692 1264 807 1360 Aprilis
835 1273 928 1341 1620

679 1369 761 1431 Tuae
784 1366 992 1430 Excellentiae

1015 1452 1301 1517 observantissimus

1178 1544 1231 1608 ro.
1255 1538 1428 1624 repam

184 1634 187 1639 .
251 1667 392 1725 His-ondit
416 1666 572 1718 liauschiur:
601 1666 723 1718 Posterior
746 1666 872 1718 liternum
897 1680 954 1731 pars
982 1667 1012 1718 de
1040 1679 1104 1716 nora
1128 1666 1216 1717 Lunae
1239 1665 1337 1719 theona
1362 1664 1511 1718 ιιιιιιιιιὶιι

164 1745 190 1792 ιι
208 1742 304 1791 auctior
322 1741 399 1791 missa
416 1739 449 1790 ad
467 1737 627 1789 Maeatbnum
647 1739 671 1789 d.
690 1737 807 1790 xxvm.
827 1738 889 1803 Mali
908 1736 1090 1797 cremella:

251 1811 338 1873 Luna
360 1812 452 1892 igitur
475 1822 614 1873 versante
639 1812 666 1874 in
692 1809 774 1872 linea
795 1811 931 1891 apsidum
962 1810 1130 1872 anomaliae
1160 1806 1301 1883 solu'lae,
1331 1809 1392 1871 hoc
1416 1817 1465 1871 est
1483 1809 1509 1872 iu

163 1901 263 1963 Dvel
287 1894 314 1962 Ε
340 1907 405 1975 (rig.
427 1906 482 1974 tt),
506 1909 576 1961 tunc
604 1902 661 1963 etsi
687 1900 769 1963 nulla
799 1908 903 1980 potest
930 1917 998 1981 esse
1030 1899 1313 1980 prosthaphaeresis
1347 1897 1510 1960 anomaliae

165 1991 300 2063 solutae,
333 1997 381 2050 est
409 1999 508 2051 tamen
537 1990 638 2071 aliqua
668 1988 950 2070 prosthaphaeresis
983 1989 1149 2051 anomaliae
1182 1999 1376 2062 menstruae,
1408 1988 1509 2069 quippe

164 2087 275 2160 puncta
304 2079 349 2153 D,
378 2078 405 2140 Ε
435 2087 594 2140 νιιιιιιιι
626 2087 713 2140 ιιιιι
741 2077 850 2139 lineam
883 2078 1020 2158 apsidum
1048 2075 1216 2138 anomaliae
1249 2073 1507 2139 mensurasse.

39 2172 48 2197 ³
164 2170 250 2229 Hauc
273 2186 344 2229 vero
367 2168 652 2248 prosthaphaeresin
677 2166 778 2248 prodit
791 2187 863 2230 area
882 2167 1024 2244 trianguli
1040 2165 1215 2247 aequaturii,
1240 2165 1321 2246 quod
1336 2173 1405 2228 stat
1420 2183 1510 2247 super

165 2256 390 2321 ecceutricitate
413 2266 585 2318 menstruae
610 2256 799 2339 aequatiouis
823 2254 891 2319 CA.
925 2257 1004 2319 Nam
1028 2256 1114 2318 Luna
1137 2255 1166 2317 iu
1188 2253 1216 2316 Ε
1239 2255 1407 2329 existente,
1430 2272 1509 2316 men-

165 2358 250 2409 strua
273 2344 413 2427 aequatio
437 2355 485 2407 est
509 2345 592 2409 OEA
616 2352 698 2410 area'.
745 2344 895 2412 Siteeuim
918 2364 990 2408 vera
1018 2345 1164 2407 distantia
1186 2343 1292 2406 Lunae
1316 2345 1357 2407 ab
1381 2347 1409 2416 0⁰
1434 2343 1509 2406 Solis

165 2435 293 2514 angulus
307 2434 397 2502 FAE.
422 2441 540 2514 tempus
564 2435 632 2498 hnic
655 2436 764 2515 angulo
788 2436 972 2515 respondeus
996 2435 1053 2496 erit
1070 2434 1101 2496 in
1119 2454 1177 2495 sua
1198 2434 1397 2514 proportione
1418 2433 1510 2513 maJne

164 2524 220 2586 hoc
244 2523 352 2602 angulo
375 2526 544 2605 quantitate
568 2544 657 2586 areae
682 2523 783 2587 CEA:
808 2542 861 2586 seu
884 2524 962 2605 quod
986 2533 1034 2585 eet
1057 2522 1223 2596 dilucidius,
1248 2523 1291 2583 sit
1314 2532 1407 2585 notus
1431 2522 1509 2585 locus

166 2613 262 2675 lineae
286 2613 345 2674 ΑΙ)
376 2613 430 2674 sub
453 2613 536 2682 fixis,
560 2613 647 2683 Luna
669 2615 760 2694 igitur
790 2608 938 2675 eristeute
961 2613 990 2675 iu
1018 2613 1084 2693 ejus
1113 2611 1303 2692 oppositione
1328 2612 1380 2686 ld,-
1396 2621 1509 2692 tempus

166 2702 351 2782 respondeus
375 2702 484 2782 angulo
500 2701 587 2766 ΒΑΕ
611 2704 741 2775 (duobus
764 2703 871 2777 rectis)
895 2722 948 2764 sen
972 2702 1157 2764 semicirculo
1181 2699 1298 2762 orbitae
1318 2700 1409 2763 DHE
1431 2718 1509 2762 com-

165 2799 292 2872 ponetur
314 2810 351 2853 ex
375 2810 446 2853 area
469 2792 645 2854 semicirculi
670 2791 755 2853 DHE
779 2799 810 2852 et
833 2811 870 2852 ιι
892 2790 1041 2872 triangulo
1062 2790 1155 2855 CEA.
1201 2790 1245 2852 Et
1268 2789 1408 2865 vicissim
1429 2790 1509 2851 Luna

165 2881 194 2942 iu
218 2879 247 2941 D
271 2899 404 2961 apogaeo
429 2890 577 2955 versante,
604 2883 720 2962 quaudo
743 2879 875 2943 debebat
898 2881 959 2943 fieri
978 2879 1193 2943 numerationis
1217 2879 1367 2958 temporis
1389 2878 1507 2950 initium,

165 2985 219 3032 sen
242 2971 360 3051 qnando
377 2969 533 3032 -euomalia
566 2971 664 3032 media
692 2970 830 3033 debebat
846 2989 913 3031 esse
937 2967 974 3044 0,
999 2969 1025 3030 si
1048 2970 1131 3030 unlla
1154 2976 1239 3030 esset
1260 2968 1408 3048 aequado
1430 2986 1508 3029 men-

165 3067 266 3134 strua,
297 3067 367 3120 tnnc
393 3059 458 3139 jam
491 3059 642 3121 existente
665 3060 722 3121 hac
745 3078 934 3122 numeramus
967 3065 1052 3120 tauto
1076 3057 1173 3122 miuus
1195 3076 1285 3139 qnam
1310 3056 1349 3133 0,
1373 3065 1508 3139 quantum

165 3148 248 3211 valet
270 3146 538 3211 areaDAC.1ta
560 3149 735 3211 conciliatur
758 3149 867 3229 angulo
891 3147 1016 3210 visionis
1040 3168 1093 3210 seu
1114 3165 1204 3208 verae
1223 3145 1395 3209 distantiae
1413 3146 1507 3209 Lunae

137 3246 185 3299 ⁴'a
204 3236 278 3300 Sole
302 3237 386 3301 Fan
409 3239 459 3300 vel
481 3237 564 3300 ΒΑΕ
588 3258 673 3301 ιιιιι
692 3238 807 3318 justum
831 3245 948 3318 tempus
971 3256 1024 3298 sen
1048 3235 1199 3300 anomalia
1221 3235 1334 3298 media.
1369 3234 1505 3299 Vicissim

165 3328 207 3389 sit
238 3326 361 3407 planeta
393 3344 464 3389 vero
496 3335 578 3389 motu
610 3329 672 3400 (vel
704 3346 796 3408 prope
828 3346 915 3400 vero,
950 3325 1021 3406 quia
1036 3326 1179 3388 luendum
1210 3335 1368 3387 correctus
1393 3334 1443 3387 est
1461 3342 1507 3405 per

146 3414 370 3489 variationem,
395 3416 431 3477 de
455 3436 513 3498 qua
536 3416 683 3477 dicetur
676 3436 705 3476 m
708 3416 768 3487 ira)
792 3416 833 3477 sit
862 3415 983 3496 iuquam
1005 3417 1035 3478 iu
1058 3417 1084 3477 F
1107 3418 1133 3488 00
1159 3412 1199 3492 Θ
1224 3407 1329 3477 velun
1352 3412 1385 3476 G
1410 3416 1441 3491 ό
1461 3409 1505 3491 Θ

163 3504 222 3568 Hic
245 3504 316 3587 quia
328 3505 355 3567 Ι
356 3510 414 3567 ιιι
431 3505 621 3567 collocatur'
613 3525 643 3566 ru
662 3505 817 3584 opsidibus
832 3504 999 3568 anomaliae
1018 3513 1210 3583 menstruae,
1206 3503 1311 3577 nulla¹
1327 3511 1377 3566 est
1390 3504 1508 3584 prosth-

165 3593 339 3675 aphaeresis
370 3602 544 3668 meustrna,
577 3602 611 3656 at
645 3603 694 3655 est
730 3595 832 3675 aliqua
869 3593 1151 3674 prosthaphaeresis
1186 3592 1360 3655 anomaliae
1399 3593 1508 3655 salutm

164 3683 253 3764 plane
276 3682 384 3745 similis
406 3682 537 3762 planetis
552 3683 678 3758 ceteris;
701 3684 872 3746 ostenditur
894 3682 971 3745 euim
987 3690 1019 3744 et
1033 3700 1087 3764 per
1105 3682 1244 3762 angulum
1259 3692 1294 3742 et
1307 3700 1364 3762 per
1382 3675 1508 3744 valooem

165 3792 255 3836 areae
279 3771 421 3852 trianguli
443 3772 536 3848 Bra,
559 3769 648 3836 ΒΕΑ
671 3790 724 3852 per
747 3791 818 3834 snas
846 3771 963 3835 scilicet
989 3779 1107 3851 partes,
1139 3771 1298 3853 physicam
1327 3779 1361 3833 et
1384 3772 1509 3852 optieam

62 3863 66 3871 '
165 3863 195 3924 in
219 3880 306 3925 uuum
330 3862 522 3942 compositas.
569 3861 708 3942 Angelus
737 3861 814 3923 euim
842 3879 933 3923 verae
961 3860 1164 3941 elongationis
1194 3861 1324 3941 apogaei
1347 3861 1453 3924 Lunae
1474 3861 1508 3921 ab

166 3948 258 4029 0⁰&
292 3949 409 4013 seilicet
430 3950 516 4012 DAF
548 3950 642 4013 minor
675 3959 724 4012 est
754 3951 864 4030 angulo
886 3950 969 4014 DBF
996 3959 1028 4012 et
1056 3968 1127 4011 arcu
1150 3949 1205 4011 Dr
1233 3948 1411 4032 quantitate
1432 3951 1507 4014 BFA

164 4041 280 4122 anguli,
311 4041 406 4102 eidem
434 4059 504 4102 vero
537 4040 646 4119 augnlo
669 4041 754 4103 DAF
784 4039 946 4120 respondet
974 4039 1125 4101 anomalia
1156 4040 1272 4115 media,
1307 4039 1398 4102 valor
1425 4056 1508 4103 areae

164 4130 288 4193 ΒΑΗ).
335 4128 386 4192 Sic
410 4129 519 4208 angulo
541 4126 633 4191 DAG
662 4148 751 4191 areae
774 4127 895 4191 DAGD
927 4128 1012 4190 valor
1043 4127 1182 4208 assignat
1211 4147 1299 4193 suam
1332 4128 1508 4192 anomaliam

38 4262 42 4267 -
165 4219 295 4281 mediam
317 4237 371 4280 seu
394 4219 642 4299 complementum
666 4218 730 4297 ejus
754 4218 791 4279 ad
816 4217 1041 4280 semicirculum.

253 4307 356 4370 Tertio
380 4327 488 4388 operae
515 4307 645 4387 pretium
668 4315 716 4369 est
743 4307 844 4369 videre
876 4306 1165 4387 prosthaphaereees
1196 4307 1308 4368 mixtas
1332 4326 1373 4369 ιι
1397 4301 1507 4371 solutae

166 4406 199 4459 et
219 4417 257 4460 ex
280 4407 451 4459 menstruae
475 4397 641 4459 anomaliae
664 4396 995 4478 prosthaphaeresibus.
1034 4394 1082 4458 Sit
1105 4396 1199 4476 primo
1214 4396 1303 4458 Luna
1326 4397 1408 4460 iuter
1430 4397 1507 4460 unius

166 4504 331 4568 apogaeum
355 4495 386 4548 et
402 4486 525 4548 alterius
548 4485 730 4566 perigaeum,
755 4485 830 4546 utin
850 4485 967 4563 punctis
983 4485 1021 4558 Η,
1038 4485 1076 4559 K,
1100 4484 1188 4566 idque
1213 4493 1294 4546 motu
1314 4505 1411 4568 prope
1433 4504 1504 4547 vero.

165 4574 223 4638 Hic
246 4576 463 4638 consideranda
486 4583 556 4636 sunt
578 4575 648 4636 bina
670 4593 724 4654 pro
748 4595 805 4635 uuo
829 4573 979 4654 triangula
1002 4574 1191 4655 aequaturie,
1222 4593 1276 4654 pro
1301 4575 1408 4640 soluta
1429 4575 1504 4640 Bne

165 4665 215 4727 rel
237 4666 342 4737 BKA,
375 4683 428 4744 pro
462 4671 615 4726 menstrua
639 4660 725 4726 OHA
754 4665 802 4725 vel
826 4662 921 4726 CKA.
967 4662 1088 4740 Augulo
1119 4662 1210 4740 igitur
1232 4662 1325 4726 ΒΑΗ
1352 4664 1504 4748 respondet

166 4755 315 4816 anomalia
345 4752 445 4815 media
476 4753 644 4832 composita
675 4772 712 4814 ιι
740 4771 811 4815 area
840 4751 957 4814 DHAD
989 4761 1081 4813 etex
1112 4769 1183 4813 area
1207 4751 1316 4815 CAH:
1348 4766 1383 4819 et
1405 4753 1503 4834 angulo

167 4840 256 4907 Dav
277 4842 438 4924 respondet
460 4841 611 4906 annunlio
632 4840 731 4904 media
752 4840 929 4924 composita
943 4859 982 4902 ex
1004 4840 1085 4904 areis
1107 4837 1227 4904 DAKD
1248 4851 1285 4919 ιι
1308 4842 1416 4909 CAR.-
