3354 5504
160 298 226 369 ue
543 302 656 371 spiens
672 300 780 355 aar·
797 302 904 371 ummo
921 301 962 354 12.
975 302 1031 356 oss
1046 298 1123 354 scos.

161 488 226 563 que·
241 478 426 560 interjectas,
450 500 506 563 per
518 481 661 546 Rhodum
683 490 715 545 et
738 482 788 565 qni
810 482 888 545 hano
911 481 1046 564 seqnitur
1068 479 1165 544 sinum
1187 482 1325 557 Issicum,
1351 501 1407 562 per
1422 482 1517 566 Cypri

160 568 253 631 lima
274 576 307 631 et
327 587 381 649 per
403 570 597 634 Antiochiam
623 571 652 633 in
677 572 926 654 Mesopotamiam
955 592 988 635 se
1016 569 1131 652 recepit
1157 580 1189 633 et
1211 571 1518 654 prope-Euphratem

160 657 272 722 Terras
294 658 402 721 iterum
425 660 568 724 deseruit.

251 745 399 829 Quicquid
426 749 519 830 igitur
546 752 706 812 Terrarum
735 750 773 813 ab
801 751 859 811 hoc
888 749 982 813 limite
1015 749 1045 812 in
1077 749 1299 831 septentriones
1332 751 1448 831 vergit,
1485 759 1518 814 ut

160 836 253 901 Italia
275 845 307 899 et
329 845 396 900 tota
419 839 482 900 fere
504 838 637 921 Europa,
659 839 698 902 iis
718 840 819 921 aliqua
838 839 875 900 de
890 837 962 901 Sole
980 838 1130 920 particula
1153 859 1172 900 a
1195 839 1401 919 septentrione
1426 859 1519 920 supra

160 925 283 990 residua
304 926 372 989 visa
395 936 457 1000 est,
481 947 593 991 cornua
615 928 670 991 sub
693 928 822 991 medium
845 928 994 1009 eclipseos
1016 928 1155 995 deorsum
1178 928 1352 1009 porrigens,
1376 929 1515 1011 quicquid

161 1034 233 1079 vero
257 1016 286 1078 iu
311 1025 456 1091 anstrum,
479 1025 514 1079 ut
536 1017 686 1098 Hispania
707 1017 822 1092 ultima,
846 1019 902 1080 hoc
925 1016 1008 1081 Solis
1031 1016 1162 1098 aliquam
1184 1018 1366 1097 particulam
1389 1018 1519 1080 inferius

100 1178 104 1191 .
161 1123 267 1167 versus
290 1114 424 1168 austrum
448 1106 526 1167 vidit
548 1113 735 1182 exstantem,
765 1118 797 1169 et
819 1126 931 1169 cornua
961 1124 1078 1168 sursum
1100 1124 1207 1182 versa,
1237 1106 1519 1187 idqueconstaute

161 1212 230 1256 msa
253 1193 421 1258 latitudine.
468 1194 639 1258 Secundum
663 1196 864 1277 Tyohonicam
888 1215 959 1258 vero
988 1195 1178 1258 latitudinem
1201 1195 1322 1259 omnino
1344 1197 1465 1261 Rornae
1489 1204 1521 1259 et

82 1292 87 1297 '
161 1282 191 1344 in
214 1282 385 1364 praecipuis
409 1283 485 1346 locis
507 1283 617 1346 Italiae
640 1292 721 1346 totns
745 1283 798 1348 Sol
823 1284 914 1347 fuerit
935 1292 1045 1346 tectus.
1091 1284 1176 1347 Haec
1199 1304 1270 1348 vero
1294 1286 1397 1348 omnia
1419 1305 1519 1367 popu-

161 1372 218 1437 lari
243 1373 336 1435 etiarn
359 1372 618 1435 animadversione
641 1375 730 1437 iacile
754 1374 973 1438 discernuntur.
