3354 5504
760 271 900 353 nrum
1435 289 1500 360 683

250 478 301 543 Sit
324 477 432 540 deinde
455 479 543 541 Luna
570 478 648 541 inter
679 477 737 540 duo
769 497 906 558 apogaea
928 477 976 539 vel
1006 477 1084 537 inter
1117 475 1174 537 duo
1203 474 1345 555 perigaea
1368 483 1400 535 ut
1423 473 1452 535 in
1477 474 1500 535 Ι.
1559 534 1562 539 .

158 567 218 631 Hic
241 567 424 646 triangulum
447 567 564 629 solutae
588 566 721 629 estBAl
744 566 973 628 in‘semicirculo
996 565 1113 626 solutae
1137 562 1324 637 ascendente,
1349 571 1382 624 at
1392 562 1500 625 ·triau-

159 656 263 737 gnlnm
293 664 464 718 menstruae
497 666 545 719 est
568 654 639 719 OAl
663 656 692 718 iu
716 656 901 718 semicirculo
931 662 1100 717 menstruae
1132 653 1351 725 descendente;
1384 652 1502 714 valores

158 746 267 829 itaque
291 745 507 823 triangulorum
533 756 603 808 sunt
635 746 713 808 inter
735 764 768 806 se
791 743 958 806 allectionis
990 742 1177 816 contrariae,
1209 760 1300 822 qnare
1324 741 1370 802 hic
1394 740 1502 821 angulo
1541 774 1546 785 ·

159 835 240 899 nal
263 834 428 915 respondet
449 836 599 897 matualis
621 834 721 896 media
743 842 885 896 constans
909 853 946 895 ex
968 832 1069 894 valore
1094 851 1182 893 areae
1196 830 1312 904 DKIA,
1336 831 1390 892 sed
1413 850 1503 911 aquo

160 922 328 985 diminutus
351 923 393 985 sit
412 924 498 986 valor
520 942 608 987 areae
623 922 706 988 (ΗΑ.
751 923 906 984 Hactenus
929 921 1103 984 retinuimus
1121 919 1296 982 distantiam
1315 919 1401 993 ΒΔΕ
1421 918 1503 983 Solis

159 1012 295 1094 oppositi
318 1013 357 1075 ab
378 1031 512 1094 apogaeo
532 1014 636 1075 Lunae
660 1031 749 1075 unam
771 1020 803 1074 et
825 1012 967 1075 eandem:
993 1028 1058 1073 cum
1080 1017 1182 1072 tamen
1205 1007 1355 1089 separatio
1378 1007 1420 1070 sit
1441 1009 1503 1071 fere

158 1116 273 1164 annua.
319 1101 493 1164 Notandum
516 1120 597 1183 ergo,
622 1103 649 1164 si
673 1121 837 1183 apogaeum
862 1101 904 1163 sit
926 1101 955 1162 in
979 1103 1004 1172 00
1029 1099 1078 1160 vel
1097 1082 1196 1176 (st),
1219 1097 1276 1159 hoc
1299 1106 1347 1159 eet
1368 1097 1395 1159 si
1418 1096 1502 1160 coin·

160 1190 268 1253 cidant
289 1191 350 1253 AD
372 1199 404 1253 et
426 1191 491 1267 AF,
515 1194 628 1254 tnncB
653 1200 787 1253 centrum
811 1188 968 1254 eccentrici
993 1189 1050 1252 erit
1072 1188 1144 1250 inL
1166 1187 1214 1249 vel
1232 1188 1266 1249 P
1301 1188 1391 1249 Tunc
1413 1186 1504 1266 igitur

160 1278 267 1361 posita
288 1279 426 1342 Lunam
449 1280 480 1342 Η
502 1281 603 1350 velli,
627 1281 685 1342 erit
706 1300 777 1360 pars
800 1278 987 1361 aequatiunis
1011 1278 1121 1358 optica,
1144 1284 1177 1338 nt
1198 1276 1351 1350 hacteuus,
1378 1275 1504 1356 angulus
1609 1295 1632 1307 ·’

161 1368 253 1431 LHA
276 1369 325 1431 vel
347 1368 452 1433 LKA:
477 1378 511 1431 at
532 1369 658 1453 physica
679 1389 750 1450 pars
779 1368 966 1452 aequationis
989 1376 1052 1429 tam
1076 1367 1192 1429 solutae
1216 1384 1304 1447 quam
1334 1372 1503 1428 menstruae
1581 1373 1586 1379 '

161 1457 362 1523 communiter
385 1466 433 1520 est
455 1458 639 1522 desumenda
662 1478 699 1520 ea
723 1477 794 1521 area
816 1458 902 1521 LHA
926 1457 975 1520 vel
996 1457 1084 1519 LKA
1107 1455 1154 1518 bis
1178 1465 1285 1517 sumta
1332 1452 1412 1526 Quia
1434 1472 1504 1536 per·

161 1543 368 1629 pandiculeris
390 1544 444 1610 Bc
475 1557 545 1610 tunc
578 1557 627 1610 eet
656 1548 754 1622 nulla,
794 1548 901 1628 quippe
934 1545 1111 1608 absumta
1103 1565 1133 1607 ιι
1163 1544 1368 1625 puuctumL,
1401 1554 1435 1607 nt
1461 1543 1505 1606 sic

163 1647 323 1716 atmmqne
355 1637 534 1717 triangulum
558 1646 621 1700 tam
648 1638 763 1700 solutae
794 1654 882 1717 qnam
909 1645 1079 1698 menstmae
1110 1634 1233 1696 eandem
1261 1632 1394 1697 babeant
1419 1634 1516 1715 basin,

162 1726 234 1788 AL.
272 1725 418 1788 Vicissim
442 1726 468 1787 si
493 1745 658 1807 apogaeum
681 1727 710 1789 D
734 1725 774 1787 sit
796 1725 826 1787 in
849 1725 972 1806 quadris
996 1733 1026 1786 et
1048 1724 1174 1804 angulus
1196 1721 1281 1785 DAF
1303 1729 1410 1797 rectus,
1435 1731 1505 1784 tunc
1544 1794 1548 1801 Ι

163 1814 424 1896 perpendicularis
437 1814 490 1879 BC
515 1815 598 1878 cadit
614 1817 645 1878 in
665 1818 694 1878 A
713 1823 846 1878 centrum
861 1816 983 1890 Terrae,
1007 1832 1096 1894 qnare
1121 1811 1327 1874 ecceutricitas
1349 1812 1506 1893 aequantia
1527 1836 1531 1845 ·

163 1902 224 1968 Ac
249 1912 297 1964 est
319 1904 416 1978 nulla,
439 1903 530 1983 igitur
552 1913 584 1966 et
606 1906 745 1986 aequatio
774 1911 928 1966 menstrua
951 1914 1020 1965 tuuc
1044 1902 1125 1963 nulla
1146 1907 1209 1962 toto
1233 1901 1347 1964 orbitae
1370 1901 1504 1965 circuitu.

163 1992 216 2056 Ita
239 1992 315 2055 satis
338 1992 450 2054 clarum
474 1992 614 2068 efficitur,
644 1993 817 2055 tarditatem
841 1992 948 2056 sideris
971 2012 1008 2054 ea
1031 1999 1119 2054 aucto
1146 1990 1303 2052 intervallo
1327 1986 1394 2053 e'sse
1416 1990 1505 2072 duplo

163 2081 312 2185 majorem
335 2082 416 2144 circa
438 2101 604 2164 apogaeum
629 2083 658 2145 in
680 2083 795 2162 copulis
818 2102 907 2164 quam
930 2082 978 2144 vel
1000 2082 1029 2145 in
1053 2079 1182 2162 planetis
1212 2079 1320 2141 ceteris
1342 2081 1392 2143 vel
1415 2079 1506 2142 etiam

163 2172 196 2233 in
220 2170 288 2250 ipsa
309 2171 397 2233 Luna
419 2171 500 2233 circa
522 2190 689 2274 apogaeum
711 2173 740 2233 in
764 2172 896 2275 quadris.
941 2171 984 2235 Ει
1004 2170 1080 2233 baec
1102 2168 1309 2250 intelligantur
1331 2169 1368 2233 de
1391 2189 1504 2253 aequa-

162 2258 298 2323 tionibus
321 2279 358 2322 ex
382 2261 503 2341 antiquo
526 2261 665 2341 coguitis,
691 2271 807 2322 remota
824 2262 890 2341 jam
913 2260 1079 2323 variatione
1095 2259 1279 2355 Tycbuuica,
1308 2259 1345 2321 de
1368 2279 1427 2343 qna
1449 2258 1506 2323 buc

164 2367 261 2431 usqne
284 2348 358 2412 nihil
381 2350 501 2412 dictum
546 2349 608 2412 Sed
631 2351 764 2412 notanda
786 2361 835 2412 est
856 2352 931 2412 haec
953 2351 1035 2412 ratic
1056 2349 1149 2431 dupli,
1172 2348 1243 2430 quia
1264 2349 1366 2413 oculos
1387 2348 1506 2412 videtur

163 2438 282 2520 aperire
311 2439 392 2501 circa
423 2459 533 2500 causas
564 2450 695 2501 motuum
727 2439 870 2521 physicas
898 2439 1095 2519 indagandas.
1147 2438 1301 2501 Hactenus
1330 2437 1506 2521 hypothesis

164 2535 324 2590 renovata.
369 2529 405 2590 In
427 2528 625 2609 Ephemeride
648 2537 679 2589 et
701 2548 753 2609 per
776 2530 832 2592 hos
854 2548 949 2591 annos
971 2528 1166 2591 intermedios
1189 2528 1335 2609 duplicem
1358 2527 1506 2591 eccsntri-

164 2617 291 2680 citatem
314 2617 426 2678 statui:
461 2626 502 2692 ut,
526 2617 605 2680 sicut
627 2618 656 2679 iu
681 2620 781 2680 soluta
807 2617 1093 2699 prosthaphaereses
1121 2625 1260 2680 causatur
1288 2619 1507 2689 eccentricitaa,

163 2706 280 2788 partim
302 2706 399 2786 optice
422 2707 531 2785 partim
555 2707 687 2789 physice,
710 2708 754 2769 sic
778 2709 869 2769 ctiam
893 2707 922 2769 in
936 2714 1091 2770 menstrua
1112 2706 1401 2788 prosthaphaereses
1425 2705 1504 2769 divi·

163 2797 308 2858 dere'ntnr
329 2788 408 2857 inter
431 2796 586 2878 physicam
609 2804 641 2857 et
663 2796 804 2876 opticam,
828 2805 860 2858 et
882 2804 916 2858 ut
936 2795 1064 2878 physica
1085 2795 1249 2859 retardatio
1276 2796 1397 2858 solitam
1422 2813 1507 2858 snam
1555 2834 1566 2855 ,

164 2903 289 2948 cauum
321 2883 465 2959 haberet,
496 2884 692 2948 mutationem
723 2886 839 2947 scilicet
868 2884 1018 2947 intervalli
1039 2885 1144 2948 Lunae
1172 2893 1204 2947 et
1225 2884 1346 2946 Terrae.
1392 2886 1506 2947 Verum

164 2974 212 3039 sic
235 2973 444 3035 ecdentricitas
477 2974 648 3054 copulamm
678 2974 748 3036 mihi
776 2983 849 3036 nata
876 2974 933 3037 luit
961 2970 1061 3047 6543,
1093 2974 1220 3054 simplex
1246 2991 1299 3035 seu
1328 2974 1507 3054 quadrarum

163 3056 263 3127 4362.
306 3062 401 3142 Atqui
422 3082 459 3124 ea
473 3063 610 3143 diligenti
633 3063 813 3133 tractatione
837 3065 993 3144 eclipsiuru
1016 3063 1206 3144 deprehendi,
1229 3061 1416 3125 retinendam
1438 3074 1506 3126 esse
1569 3064 1583 3091 ¹

164 3152 258 3214 etiam
273 3151 304 3212 in
318 3152 432 3232 copulis
456 3152 619 3232 simplicem
639 3152 895 3216 eccentricitatem
913 3148 1010 3227 4362,
1035 3161 1068 3213 ut
1086 3151 1147 3214 sint
1165 3152 1195 3214 in
1214 3152 1327 3231 copulis
1342 3152 1504 3214 distantiae

164 3241 206 3303 ad
225 3252 354 3320 unguem
369 3241 491 3303 eaedem
506 3263 525 3302 a
538 3242 641 3316 Terra,
661 3261 735 3322 quas
749 3243 861 3323 reperit
873 3243 1009 3306 Braheus
1023 3242 1054 3303 in
1069 3241 1201 3321 quadris,
1219 3239 1505 3309 semidiametrnrum

163 3330 278 3393 Terrae
310 3351 329 3390 a
358 3327 401 3395 59
431 3331 460 3391 in
488 3323 540 3393 54.
586 3331 652 3393 Hoc
680 3330 785 3413 itaque
815 3340 905 3412 pacto
936 3339 1089 3394 menstrua
1117 3331 1397 3411 prosthaphaeresis
1428 3350 1505 3394 nnnc

163 3419 260 3482 habet
279 3418 406 3485 formam
428 3439 508 3482 mere
531 3419 704 3502 physicam,
736 3440 795 3482 non
818 3439 888 3484 vero
911 3416 1022 3483 nt'illa
1047 3419 1129 3501 prior
1151 3440 1189 3481 ea
1212 3418 1332 3482 dimidio
1363 3420 1503 3500 opticam.

162 3508 207 3573 Ει
230 3515 331 3570 tamen
354 3508 428 3570 haec
450 3509 576 3591 physica
607 3508 772 3572 retardatio
802 3529 925 3572 causam
953 3510 1045 3572 habet
1076 3509 1269 3573 consimilem.
1317 3509 1505 3574 sicutenim

162 3597 196 3659 in
226 3597 325 3660 soluta
357 3598 567 3660 eccentricitas
597 3599 672 3672 AB,
706 3618 820 3679 augens
851 3599 1014 3661 distantias
1045 3598 1149 3661 Lunae
1181 3621 1199 3660 a
1229 3598 1310 3662 fonte
1336 3607 1445 3663 ,mutua
1475 3600 1506 3662 A

163 3685 314 3768 superins,
339 3697 429 3767 anget
452 3687 544 3749 etiam
567 3687 707 3770 physicos
738 3698 854 3750 motus:
883 3688 926 3750 sic
949 3707 1026 3749 nuuc
1049 3688 1079 3750 in
1101 3696 1263 3764 menstrua,
1287 3688 1356 3771 quia
1378 3688 1504 3752 circulus

163 3774 394 3843 illuminationis
417 3796 533 3856 semper
555 3776 808 3857 perpendicularis
833 3777 890 3858 ipsi
903 3775 960 3839 FG
983 3777 1128 3839 rationem
1151 3777 1243 3839 fontis
1267 3778 1376 3855 babet,
1400 3777 1504 3841 eadem

163 3865 375 3928 eccentricitas
389 3865 446 3928 AB
464 3866 556 3928 habet
574 3886 658 3928 snam
679 3874 793 3928 certam
816 3866 1004 3929 altitudinem
1018 3885 1107 3948 super
1123 3864 1246 3945 planum
1267 3866 1503 3938 illuminationis,

163 3972 243 4036 quae
266 3953 466 4039 altitudoest
481 3953 560 4030 AC,
584 3964 617 4017 et
638 3964 779 4036 operatur
804 3955 933 4017 elevatio
955 3952 1013 4018 AO
1035 3953 1189 4038 physicam
1219 3957 1451 4020 retardationem
1472 3956 1503 4018 ln

161 4051 320 4107 menstrua
351 4044 511 4106 maximam
541 4044 621 4107 circa
643 4045 686 4118 F,
711 4063 768 4106 non
801 4045 897 4108 minus
927 4062 1015 4126 quam
1045 4044 1074 4105 in
1098 4045 1198 4106 soluta
1226 4045 1294 4125 ipsa
1325 4045 1502 4109 elevatioB

163 4150 257 4213 super
287 4133 317 4195 A
355 4142 496 4212 operatm
531 4133 763 4196 retardationem
800 4134 960 4196 maximam
996 4134 1075 4196 circa
1109 4131 1148 4195 D.
1212 4134 1315 4216 ltaque
1352 4133 1504 4215 triangula

165 4221 255 4286 GHA
286 4221 340 4285 bc.
371 4241 447 4303 quae
480 4242 546 4284 com
575 4223 653 4284 areis
681 4222 745 4284 suis
777 4223 944 4303 significant
974 4222 1208 4287 retardationem
1239 4223 1411 4308 physicam,
1444 4242 1502 4286 non

164 4317 272 4374 carent
293 4330 349 4372 sna
370 4311 461 4372 etiam
493 4330 604 4386 causa,
635 4312 714 4392 quod
746 4308 890 4374 hacteuus
919 4331 965 4374 me
989 4320 1120 4374 torserat
1151 4312 1247 4401 adque
1279 4312 1528 4395 confingendam¹

162 4397 347 4482 peculiarem
370 4399 622 4462 eccentricitatem
650 4400 803 4481 adegerat
850 4398 995 4464 Omnibus
1017 4402 1128 4476 modis,
1151 4394 1312 4464 Maestline
1341 4409 1501 4482 praestan·
1579 4438 1582 4443 -

163 4488 700 4570 tissime,divesestetsibi'1psi
727 4489 979 4553 sufficientissima
1009 4491 1135 4573 physica
1167 4490 1331 4570 speculatio
1361 4500 1501 4555 motuum.

163 4577 309 4658 Sequitur
330 4578 422 4659 igitur
444 4578 586 4663 calculus.
624 4578 660 4641 In
684 4598 719 4641 en
737 4579 793 4641 hoc
816 4598 905 4641 unum
919 4579 1014 4655 deest,
1038 4580 1114 4660 quod
1136 4579 1212 4640 data
1233 4579 1383 4643 anomalia
1404 4579 1503 4643 media

163 4687 225 4731 non
248 4668 337 4730 aliter
360 4667 508 4729 invenitur
529 4669 678 4730 anomalia
701 4675 876 4749 coaequata,
900 4669 957 4730 nisi
971 4687 1023 4748 per
1047 4669 1117 4730 falsi
1140 4669 1283 4749 regulam,
1306 4678 1341 4731 ut
1362 4669 1393 4731 in
1409 4667 1502 4732 (lom-

148 4757 321 4833 mentariis
343 4756 454 4819 Martis
486 4757 649 4819 luculenter
678 4757 805 4820 semodi.
851 4756 901 4819 Ad
924 4757 1057 4821 Tabulas
1087 4777 1157 4821 vero
1187 4757 1402 4823 constmendas
1429 4757 1502 4821 nihil

162 4867 222 4912 nor
244 4845 368 4928 impedit
389 4840 520 4928 incipere
543 4842 586 4909 ab
604 4847 755 4911 menualia
776 4846 921 4923 eccuni,
943 4866 1019 4929 quae
1047 4848 1119 4913 mihi
1140 4854 1190 4911 ast
1211 4847 1381 4930 quantas·
1402 4846 1504 4915 ιιοᾱίι
