3354 5504
742 311 783 366 Β·
800 310 881 367 lm·
1424 306 1490 379 655

232 488 310 565 ilias,
328 498 464 563 apparet,
493 509 548 547 non
572 510 655 563 posse
680 510 724 563 ma
751 497 904 565 quadrante
924 500 1087 564 praestare,
1119 494 1188 565 qnod
1209 494 1492 564 Braneus-praestat

142 572 325 629 murato.
368 573 485 642 Oportet
505 589 573 645 ergo
594 576 630 628 ab
651 575 888 629 observationibus
909 592 971 629 essa
991 574 1125 639 munitos,
1147 581 1179 628 ut
1199 573 1332 639 adamus,
1355 592 1409 629 non
1428 580 1491 629 tan·

142 660 201 711 arat
222 653 346 711 reloceur
366 670 427 707 ease
447 654 571 711 diurnum
592 654 618 709 iu
639 656 753 729 copulis,
774 657 822 713 sad
843 654 928 712 etiam
948 657 1057 712 tardum
1079 655 1106 710 iu
1126 654 1309 729 quadraturis.

724 890 904 907 ῃ

205 1069 514 1138 Consideratio
543 1073 1187 1228 tertiaeApartksffiaequa'tionis
1218 1073 1432 1154 temporis.

745 1185 804 1229 nno
916 1211 924 1226 .

236 1301 314 1367 Cum
332 1304 436 1366 Tellus
459 1304 586 1382 interim,
612 1308 679 1369 dnm
703 1309 758 1370 snb
781 1308 859 1370 idem
882 1307 1006 1369 marum
1023 1313 1164 1386 punctum
1183 1305 1264 1368 circa
1279 1302 1382 1367 Solem
1401 1302 1492 1366 resti-

144 1395 261 1467 tuitur,
291 1392 371 1455 circa
399 1413 483 1456 sunm
514 1414 600 1458 axem
628 1398 767 1460 uoluatur
790 1394 888 1461 365000
910 1416 976 1459 curn
1000 1404 1108 1479 quarta
1130 1395 1219 1475 paulo
1242 1393 1370 1475 amplius
1393 1393 1493 1474 (cujus

144 1492 356 1567 argumentum
372 1491 442 1545 sunt
460 1479 495 1546 u
518 1481 566 1560 30)
589 1488 728 1550 volvatur
741 1506 813 1549 vero
832 1488 942 1548 virtute
956 1486 1079 1567 propria
1094 1493 1210 1547 tantum
1225 1479 1335 1559 360¹“,
1359 1482 1492 1563 reliquae

145 1573 320 1638 solutiones
344 1568 363 1633 5
387 1572 415 1636 h.
442 1569 472 1636 6.
497 1571 529 1636 30
552 1595 604 1636 sen
628 1577 719 1637 horae
746 1572 816 1641 126.
840 1572 871 1639 30
894 1576 923 1638 b.
945 1595 969 1637 e.
993 1572 1020 1637 2*
1048 1570 1086 1637 6⁰
1107 1569 1139 1637 30
1163 1573 1224 1635 sint
1245 1592 1283 1634 er
1305 1571 1493 1652 promotione

145 1662 267 1735 Solari,
290 1672 322 1723 et
345 1663 477 1724 varietur
499 1663 573 1726 baec
596 1665 713 1728 Solaria
735 1666 884 1745 promotio
907 1684 974 1726 cum
997 1663 1151 1725 distantiis
1174 1660 1255 1725 Solis
1279 1684 1298 1722 a
1320 1663 1431 1736 Terra,
1459 1667 1494 1723 nt

145 1772 208 1817 non
234 1760 321 1813 tanta
343 1751 384 1813 sit
407 1751 455 1813 ubi
470 1753 564 1814 Terra
587 1754 710 1817 multum
734 1754 839 1829 distat,
863 1763 976 1835 quanta
999 1762 1046 1814 est
1070 1752 1118 1814 ubi
1142 1753 1237 1815 'l'erra
1259 1770 1364 1831 pamm
1387 1750 1491 1825 distat,

146 1843 229 1905 sicut
251 1841 330 1903 ratio
354 1841 563 1903 distantiarum
594 1845 622 1905 in
652 1844 868 1929 promotionum
896 1843 1025 1905 modulis
1053 1850 1257 1921 permutetur,
1290 1848 1321 1903 et
1350 1839 1429 1903 sicut
1459 1857 1493 1901 se

146 1932 244 1997 lrabet
266 1931 386 2010 aphelia
409 1931 554 1993 distantia
577 1934 616 1993 ad
639 1932 830 2013 peribolum,
854 1933 898 1995 sic
921 1953 955 1994 ae
980 1932 1091 1993 babeat
1111 1929 1273 2012 peribelius
1296 1927 1493 2011 promotionis

145 2020 288 2085 modulus
311 2018 350 2080 ad
373 2020 522 2101 aphelium
540 2030 571 2083 et
588 2022 717 2084 vicissim
742 2022 823 2093 (dum
843 2023 892 2085 ubi
915 2023 1004 2083 tarda
1025 2021 1183 2101 promotio,
1207 2018 1247 2082 ibi
1270 2019 1361 2099 longa
1381 2019 1504 2091 mora),¹

145 2110 193 2175 aic
216 2108 311 2171 etiam
333 2128 367 2171 se
399 2109 511 2173 babeat
537 2130 621 2173 mora
647 2130 783 2192 apogaea
814 2113 842 2173 in
874 2112 992 2192 aequali
1015 2110 1133 2173 modulo
1162 2109 1292 2189 promoti
1315 2106 1432 2173 itineris
1454 2105 1493 2167 ad

145 2218 265 2265 moram
277 2198 451 2280 perigeam:
474 2201 670 2280 promotionis
690 2202 780 2280 igitur
794 2201 898 2275 totius,
922 2219 998 2282 quae
1014 2198 1089 2262 facit
1102 2199 1194 2261 horas
1213 2193 1242 2260 2·
1262 2192 1301 2260 60
1314 2194 1357 2272 30,
1380 2215 1495 2259 summa

146 2288 193 2355 sic
216 2288 368 2351 dividetur
392 2288 468 2351 inter
490 2290 695 2352 semicirculos
718 2291 885 2353 anomaliae
909 2298 1094 2371 coaequatae
1116 2286 1212 2363 Solis,
1244 2287 1323 2349 sicut
1353 2285 1496 2348 dividitur

145 2396 270 2444 summa
290 2377 502 2441 distantiarum
530 2379 659 2441 omnium
688 2381 832 2459 gradmm
861 2381 1044 2458 integrorum
1073 2378 1242 2443 anomaliae
1266 2375 1396 2439 eccentri
1418 2375 1497 2438 inter

145 2486 238 2535 arcus
261 2466 402 2543 eccent'ri,
426 2470 642 2548 respondentes
665 2469 833 2531 anomaliae
857 2476 1050 2551 coaequatae.

238 2560 285 2622 At
307 2556 518 2631 distantiamrn
544 2558 688 2620 dictarum
715 2579 830 2621 summa
859 2559 902 2621 sic
926 2556 1067 2621 dividitur
1089 2556 1169 2619 inter
1190 2554 1396 2619 semicirculos
1419 2573 1495 2617 auo-

145 2647 259 2713 maliae
283 2657 481 2727 coaequatae,
510 2646 587 2711 sicut
611 2648 754 2711 diuiditur
776 2652 897 2730 planum
920 2644 1078 2711 ecosntrioi
1101 2642 1223 2709 alinea
1244 2662 1299 2725 per
1320 2646 1444 2707 Terram
1466 2642 1497 2705 in

146 2736 296 2803 terminos
322 2737 575 2799 semicirculomm
598 2739 765 2800 anomaliae
785 2747 968 2820 coaequatae
993 2736 1093 2812 duca,
1118 2733 1168 2816 qui
1191 2733 1308 2796 termini
1332 2733 1497 2815 quadrante

147 2828 271 2893 distant
294 2825 333 2887 ab
357 2826 520 2905 apsidibns.
563 2825 664 2889 Causa
687 2837 744 2903 est,
769 2828 917 2908 quianon
941 2834 1057 2890 tantum
1081 2823 1181 2906 plnres
1204 2832 1275 2885 sont
1298 2823 1326 2884 in
1350 2842 1421 2885 arcu
1445 2842 1497 2884 su-

146 2914 276 3000 periori,
299 2914 353 2975 sed
377 2915 468 2978 etiam
491 2916 649 2995 longiores.
696 2918 756 2979 Pro
780 2937 814 2979 eo
838 2918 939 2998 igitur,
963 2915 1041 2996 qnod
1062 2914 1164 2995 plures
1187 2920 1258 2975 sunt
1281 2911 1446 2975 distantiae
1467 2909 1498 2973 in

147 3024 225 3073 arcu
248 3004 407 3085 superiori,
431 3005 576 3068 babemus
599 3007 701 3085 plures
725 3008 816 3069 etiam
839 3015 983 3081 sectores,
1006 3023 1061 3084 pra
1084 3022 1119 3064 eo
1143 3021 1213 3064 vero
1237 3001 1315 3083 qnod
1338 3000 1496 3079 longiores,

146 3096 298 3160 babemus
321 3094 513 3173 triangulum,
538 3095 705 3175 quodcum
730 3096 898 3159 sectoribus
921 3094 1077 3157 constitnit
1099 3092 1217 3173 planum
1241 3090 1386 3173 saperius.
1424 3088 1498 3151 Pla-

146 3202 222 3251 num
254 3184 345 3263 igitur
377 3184 535 3245 eccentrici
563 3184 705 3247 dividitur
734 3206 753 3247 a
782 3188 862 3249 linea
888 3205 942 3265 per
971 3186 1094 3247 Terram
1118 3190 1149 3244 et
1176 3200 1231 3262 per
1254 3176 1292 3244 60
1355 3229 1363 3255 ,
1392 3188 1440 3245 2
1468 3177 1497 3240 in

145 3282 255 3357 partes
278 3273 354 3335 has:
383 3268 462 3337 1840
475 3272 506 3334 70
524 3269 587 3336 3200
611 3275 740 3353 (quanta
762 3275 804 3337 illi
821 3273 1007 3338 semicirculo
1026 3270 1193 3335 anomaliae
1210 3290 1313 3351 coaeq.
1338 3266 1500 3349 respondet

146 3362 303 3427 manalis
318 3362 430 3435 media)
455 3371 485 3423 et
504 3359 583 3425 1750
598 3360 651 3425 520
667 3361 743 3427 2800.
779 3363 812 3425 Si
836 3384 908 3444 ergo
931 3364 1053 3445 planum
1076 3369 1171 3424 totum
1197 3357 1262 3424 360
1283 3359 1331 3420 vel
1356 3354 1390 3422 6⁸
1416 3357 1499 3419 valet

145 3446 180 3517 2⁸
208 3444 249 3515 60
270 3447 303 3515 30
324 3452 539 3531 promotionem
564 3460 668 3528 totam,
695 3454 764 3534 quid
788 3454 871 3517 volet
892 3472 965 3535 pars
987 3451 1069 3533 plani
1096 3446 1175 3514 1840
1198 3449 1228 3511 70
1249 3446 1314 3510 3200
1337 3468 1391 3511 seu
1408 3443 1438 3511 3·
1461 3440 1499 3508 40

147 3540 182 3606 70
206 3536 294 3603 32¹¹?
324 3549 411 3619 patet
439 3542 516 3619 quod
545 3537 574 3602 3*
602 3542 704 3603 valeat
731 3539 758 3605 1*
786 3539 824 3604 3⁰
845 3540 877 3605 40
902 3539 967 3605 3000
996 3541 1107 3617 horas;
1140 3540 1291 3602 residuum
1319 3533 1358 3601 40
1380 3536 1412 3603 70
1435 3533 1498 3600 3200

147 3644 184 3697 ><
207 3624 237 3693 2·
266 3626 306 3693 6·
327 3626 359 3691 30
384 3651 391 3692 :
416 3626 445 3693 d*
476 3655 514 3684 =
543 3628 578 3692 10
601 3629 653 3696 260
676 3628 742 3695 4400
765 3629 840 3694 23000
867 3630 961 3696 480000.

240 3720 347 3799 ltaque
370 3718 400 3780 in
425 3739 482 3781 nno
505 3720 639 3800 quolibet
663 3723 828 3801 quadrante
851 3719 996 3802 superiori
1024 3718 1099 3781 haec
1129 3734 1201 3796 pars
1223 3714 1412 3798 aequationis
1435 3716 1499 3777 edi·

147 3817 234 3875 oarat
256 3808 398 3889 scrupula
421 3809 512 3871 horae
536 3805 590 3872 430
611 3804 677 3873 3200
702 3808 849 3884 addenda,
875 3810 918 3872 sic
942 3818 977 3870 nt
997 3808 1024 3869 is
1048 3813 1133 3873 tanto
1157 3814 1242 3871 esset
1263 3805 1386 3879 tardior,
1411 3824 1500 3886 quam

146 3900 244 3965 borae
271 3893 296 3960 l'
321 3894 361 3961 30
383 3894 414 3962 40
439 3895 503 3961 3000
527 3902 572 3972 (et
600 3899 804 3961 revolutiones
827 3895 880 3963 92.
906 3896 935 3961 3.
959 3893 1029 3983 44).
1055 3928 1095 3939 ·-
1120 3895 1328 3957 Veruntamen
1350 3894 1400 3956 bic
1422 3894 1499 3957 oculi

147 3998 223 4053 snut
245 3986 409 4067 aperiendi.
458 3988 634 4050 Namhaec
658 3985 712 4051 430
735 3986 801 4051 2300
833 3989 947 4051 minuta
975 3986 1118 4066 temporis
1146 3984 1276 4047 diximus
1300 3984 1439 4046 addenda
1462 3983 1499 4046 ob

147 4077 370 4163 promotionem
394 4074 532 4138 Solarem
555 4079 730 4159 quadrantis
754 4077 917 4158 superioris
941 4078 979 4139 ob
1003 4077 1077 4138 duas
1101 4092 1229 4136 causas:
1255 4073 1291 4145 l)
1314 4072 1383 4156 quia
1405 4072 1502 4154 maior

149 4186 258 4241 meus,
293 4164 329 4241 2)
353 4164 423 4247 qnia
445 4165 564 4247 longius
588 4167 699 4237 distat,
727 4168 757 4230 h.
782 4185 807 4228 e.
834 4167 904 4249 quia
931 4166 1000 4246 plus
1030 4163 1173 4245 temporis
1198 4162 1373 4226 unicuilibet
1395 4159 1501 4241 gradtd

149 4254 307 4337 competit.
353 4258 456 4335 Atque
480 4256 570 4331 etiam
601 4257 703 4337 vulgo,
735 4277 800 4320 cum
829 4266 925 4320 totum
953 4254 1152 4335 compositum
1180 4261 1299 4333 tempus
1322 4270 1360 4313 ex
1382 4247 1447 4315 360
1470 4259 1502 4314 et

151 4366 190 4410 ex
216 4344 246 4409 5.
270 4345 300 4408 h.
325 4341 357 4407 6.
383 4340 414 4408 90
438 4344 645 4407 distribuimus
670 4347 748 4408 inter
771 4345 975 4407 semicirculos
1003 4342 1171 4406 anomaliae
1199 4350 1401 4423 coaequatae,
1429 4348 1500 4403 tunc

149 4434 260 4501 iisdem
276 4434 385 4497 utimur
402 4434 512 4496 causis.
551 4434 650 4506 Quare
674 4435 772 4516 possit
795 4436 883 4497 alicui
902 4434 1006 4507 videri,
1031 4453 1086 4494 nos
1108 4432 1166 4493 hac
1190 4442 1332 4512 separata
1354 4430 1501 4493 divisione

149 4526 268 4590 dierum
291 4526 322 4587 5.
347 4524 376 4585 h.
401 4518 431 4585 6.
457 4520 488 4585 30
512 4524 584 4585 nihil
608 4526 676 4587 novi
701 4525 820 4587 lacere?
865 4524 1061 4604 Respondeo,
1085 4520 1203 4583 omnino
1227 4519 1500 4585 dissimilitudinem

150 4634 233 4679 esse.
289 4612 363 4676 com
394 4613 473 4675 enim
503 4623 621 4696 tempus
652 4615 849 4697 compositum
880 4614 909 4675 d.
934 4608 1009 4677 365.
1033 4613 1063 4674 h.
1088 4608 1118 4675 6.
1143 4605 1174 4673 90
1205 4609 1364 4685 dividitur,
1398 4629 1501 4672 omnes

150 4703 358 4769 revolutiones
380 4711 536 4784 ponuntur.
554 4705 695 4787 aequales
719 4723 786 4767 esse
809 4711 959 4785 tempore3
991 4721 1057 4764 cum
1087 4720 1158 4763 vero
1181 4699 1308 4763 seorsim
1331 4699 1501 4762 dividuntur

150 4796 182 4859 d.
197 4792 231 4859 5.
247 4792 277 4855 b.
297 4788 329 4857 6.
342 4788 385 4867 30,
408 4793 465 4856 hoc
482 4794 580 4876 ipsum
598 4794 760 4875 quaeritur,
783 4800 896 4875 quanto
919 4793 981 4855 sint
1002 4791 1160 4891 pauciores
1183 4791 1286 4865 borae,
1309 4808 1385 4875 qnae
1409 4808 1500 4877 supe-

151 4882 224 4955 riori
249 4880 333 4947 arcui
355 4890 539 4975 competunt,
562 4901 607 4946 sc.
631 4892 743 4971 quanto
764 4882 916 4948 tardiores
938 4880 1151 4955 revolutiones.
1248 4912 1259 4929 κ
