3354 5504
531 250 593 343 rm
616 287 709 343 Tertia
751 288 832 355 Caput
849 270 926 340 XXV.

55 456 115 524 sint
138 464 231 525 datae
254 464 350 526 lineae
373 469 437 539 αθ,
461 488 514 543 αη,
537 490 590 540 αι,
615 462 654 538 αζ
678 473 711 527 ut
732 465 834 544 prius-3
868 474 900 526 et
1088 463 1143 528 rig.
1163 459 1206 512 ⁷⁹·
1293 512 1295 516 .

55 553 157 630 anguli
188 553 422 634 insupererpirca
444 578 464 616 α
487 555 569 628 dati3
602 565 650 616 est
673 553 750 616 enim
774 555 899 633 quilibet

57 661 156 702 eorum
189 638 252 703 42⁰
279 628 340 705 520
359 639 434 705 lr‘.
488 642 650 712 Quaeritur
680 652 712 704 et
744 628 914 722 quantitas'

57 732 106 803 αβ,
133 740 165 791 et
180 750 269 791 casus
283 733 348 811 ejus
363 732 460 793 lineae
481 733 558 793 inter
580 733 665 805 lixas,
690 752 742 794 seu
759 741 897 810 respectu

58 829 226 881 ceterarum
249 821 399 882 linearum.
441 819 604 882 Sumuntur
625 825 659 895 θ,
683 843 709 897 η,
734 844 748 882 e
771 829 803 882 et
825 839 899 881 cou-

57 917 220 970 nectantnr
241 909 376 972 invicem.
423 909 501 971 Nam
525 910 584 971 tria
611 920 723 988 puncta
750 909 900 971 sufiiciunt

59 997 95 1058 ad
118 997 176 1058 hoc
200 997 451 1078 investigandum.

145 1087 280 1149 Primum
302 1089 330 1148 in
354 1087 504 1166 triangulo
526 1092 596 1164 θαη
620 1086 728 1147 dantur
751 1086 847 1147 latera
870 1095 901 1147 et

60 1175 186 1256 angulus
210 1177 451 1255 comprehensus,
476 1176 628 1254 quaeritur
644 1180 693 1252 θη
716 1175 899 1236 ostenditur-

60 1284 112 1346 que
136 1265 205 1344 lege
230 1265 405 1345 triangulari
419 1260 528 1329 19169
553 1264 582 1325 iu
603 1264 692 1343 priori
718 1263 899 1325 dimensione

61 1354 197 1427 laterum
211 1359 261 1416 αθ
284 1364 315 1416 et
337 1377 387 1431 αη.

147 1443 297 1519 Secundo,
315 1445 344 1505 iu
360 1442 508 1521 triangulo
527 1463 592 1517 aeq
610 1440 760 1520 quaeritur
776 1443 901 1521 angulus

63 1555 130 1610 αεη,
154 1531 362 1612 inveniturque
386 1529 447 1594 680
472 1527 522 1592 120
545 1527 621 1593 260.

145 1622 261 1695 Tertio,
278 1622 306 1682 in
323 1621 470 1700 triangulo
484 1624 554 1679 θαι
574 1600 726 1698 quaeri*
741 1621 867 1696 angulus
879 1627 961 1698 μεθ,
978 1612 1314 1700 inventurquedb⁰39¹
1332 1617 1405 1693 10“,

64 1712 107 1792 qui
136 1712 259 1773 ablatus
292 1712 329 1772 ab
358 1732 423 1786 aeq
452 1708 590 1787 relinquit
613 1702 673 1769 210
696 1704 749 1770 330
777 1705 848 1772 1600.
895 1712 1009 1790 Estque
1040 1712 1087 1773 hic
1119 1710 1244 1788 angulus
1276 1714 1344 1785 tran
1366 1708 1406 1769 ad

64 1800 340 1863 circumferentiam.
395 1798 526 1876 Duplum
555 1796 646 1876 igitur
678 1796 743 1875 ejus
772 1794 833 1859 430
864 1796 896 1861 6‘
924 1798 988 1863 3200
1020 1800 1077 1862 erit
1105 1802 1180 1876 θβη
1212 1799 1337 1877 angulus
1367 1795 1407 1858 ad

64 1902 207 1964 centrum,
231 1889 334 1970 quiall
352 1888 470 1968 ponitur
494 1905 560 1946 esse
584 1885 686 1947 circuli
710 1896 852 1947 centrum.
893 1890 924 1949 ln
944 1891 1017 1966 θβη
1040 1889 1130 1969 igitur
1152 1889 1281 1950 isoscele
1304 1884 1406 1965 anguli

64 1981 167 2045 dautur
191 1998 258 2040 curn
281 1979 375 2039 latere
398 1982 446 2052 θη
468 1975 550 2054 prius
573 1975 712 2046 invento,
744 1977 895 2055 quaeritur
918 1980 968 2055 θβ
1001 1978 1164 2058 amplitudo
1196 1978 1275 2038 radii
1304 1973 1406 2038 circuli

65 2068 270 2148 iuveniturque
295 2063 412 2130 66923.
458 2063 500 2125 Et
522 2063 591 2144 quia
613 2065 685 2140 βθη
708 2075 755 2125 est
783 2060 844 2128 680
866 2063 919 2130 260
944 2064 1028 2129 440οε
1062 2067 1144 2146 prius
1166 2085 1248 2141 vero,
1274 2085 1340 2127 cum
1362 2069 1404 2140 θη
1517 2130 1522 2140 ,

65 2168 272 2239 quaereretur,
303 2156 359 2217 luit
381 2158 454 2230 αθη
477 2148 537 2215 690
562 2150 613 2214 180
636 2148 720 2214 460οε
754 2172 824 2232 ergo
847 2158 924 2232 βθα
948 2167 995 2219 est
1017 2152 1057 2219 0⁰
1079 2154 1133 2220 520
1155 2152 1207 2216 20.
1254 2156 1352 2233 Igitur
1374 2153 1405 2214 in

65 2247 212 2327 triangulo
235 2247 309 2322 βθα
332 2264 370 2304 ex
393 2242 537 2304 lateribus
561 2251 593 2302 et
615 2238 829 2320 comprehenso
853 2246 1004 2325 quaeritur
1025 2247 1103 2320 θαβ
1118 2253 1148 2306 et
1163 2247 1217 2320 αβ.
1250 2244 1405 2307 Invenitur

64 2346 162 2398 antem
197 2336 323 2414 angulus
346 2334 421 2408 θαβ
443 2325 504 2395 970
526 2327 580 2393 500
603 2327 679 2405 3000,
708 2337 742 2391 ut
771 2345 877 2413 vergat
905 2337 950 2410 αβ
981 2334 1010 2395 in
1037 2329 1095 2398 15⁰
1116 2333 1148 2397 80
1172 2332 1237 2397 300
1259 2338 1310 2406 II:
1336 2332 1405 2412 quia

64 2431 112 2488 αθ
134 2424 236 2504 vergit
257 2423 288 2484 in
311 2417 446 2485 22⁰·59⁴
469 2430 510 2506 up.
550 2418 659 2500 ,Tycho
688 2437 759 2479 vero
791 2424 876 2500 ponit
907 2442 1071 2504 apogaeum
1095 2421 1176 2486 Solis
1198 2424 1229 2485 in
1251 2415 1334 2506 5οΙηο
1357 2436 1399 2487 er.

64 2514 158 2577 Vides
183 2513 274 2593 igitur
296 2513 352 2573 hac
375 2511 441 2589 ipsa
473 2508 623 2570 liberrima
655 2507 844 2588 inquisitione
871 2513 911 2572 ad
941 2511 1101 2574 veritatem
1124 2512 1326 2595 lychonicam
1349 2529 1405 2573 nos

62 2603 206 2667 accedere
243 2602 323 2663 intra
360 2594 429 2662 200.
474 2596 627 2658 Invenitur
664 2606 763 2657 autern
800 2602 846 2676 αβ
888 2598 982 2664 1029.
1036 2599 1152 2673 Quodsi
1187 2603 1237 2677 θβ
1274 2600 1405 2681 accipiat

62 2691 276 2756 dimensionem
303 2686 439 2759 100000,
465 2681 764 2762 apfier1530.¹³›
809 2688 1028 2752 Eccentricitas
1057 2711 1128 2752 vero
1161 2700 1228 2753 tota
1250 2690 1333 2753 Solis
1356 2698 1406 2751 est

64 2779 160 2854 3592,
185 2779 337 2842 dimidium
364 2772 445 2840 1796
466 2776 512 2835 vel
532 2771 623 2836 1800.
659 2775 716 2835 Hic
739 2775 831 2854 igitur
854 2779 941 2858 paulo
965 2780 1061 2841 miuus
1085 2780 1205 2842 dimidio
1230 2778 1406 2841 eccentrici-

63 2873 136 2935 tatis
160 2869 278 2933 Solaria
301 2864 517 2929 eccentricitati
540 2861 641 2923 circuli
665 2865 760 2925 nostri
784 2866 960 2929 vindicatur.
1007 2868 1069 2930 Sed
1092 2868 1273 2943 memineris,
1297 2869 1404 2929 obser-

63 2962 202 3024 vationes
235 2958 316 3019 circa
341 2955 463 3018 minima
491 2970 616 3032 peccare
649 2951 761 3031 aliquid
793 2973 901 3035 posse,
933 2965 965 3018 et
997 2968 1168 3039 usurpatam
1199 2976 1237 3018 ex
1264 2957 1403 3040 Tychone

63 3048 282 3130 longitudinem
313 3045 441 3107 mediam
471 3041 736 3121 aequationemque
769 3055 1000 3123 controversam.
1046 3045 1136 3119 Quod
1159 3047 1247 3108 facile
1275 3045 1402 3126 patebit,

63 3142 87 3203 si
111 3138 239 3200 eandem
263 3133 464 3215 operationem
487 3139 518 3191 et
539 3148 593 3209 per
615 3126 689 3206 θηζ
706 3142 737 3193 et
758 3152 813 3213 per
828 3132 891 3212 ηεζ
909 3145 940 3196 et
962 3155 1016 3215 per
1028 3133 1099 3209 θεζ
1118 3137 1208 3199 fueris
1232 3143 1401 3199 exsecutus.

62 3229 140 3292 Nam
165 3236 214 3289 tot
238 3225 351 3286 vicibus
382 3221 484 3302 prodit
501 3219 551 3295 ἀβ
580 3219 668 3297 paulo
698 3221 759 3282 alia
791 3224 974 3303 quantitate,
1006 3226 1144 3306 caditque
1173 3225 1202 3287 in
1226 3226 1323 3287 locum
1346 3224 1403 3286 sub

63 3320 130 3381 lixis
154 3318 237 3378 ultra
259 3314 394 3394 citraque
417 3303 500 3391 572⁰
520 3312 564 3384 ᾖ,
590 3321 633 3373 εὶ.

151 3406 237 3468 Infra
258 3403 349 3483 igitur
371 3399 515 3479 majorem
538 3396 619 3458 circa
641 3395 697 3456 hoc
720 3398 926 3464 adhibebimus
949 3402 1144 3482 diligentiam.
1183 3405 1261 3466 Nam
1285 3400 1406 3481 saepius

64 3497 218 3560 luculenta
257 3487 510 3554 demonstratione
550 3484 704 3546 dimidium
741 3491 973 3554 eccentricitatis
992 3492 1129 3555 .Solaris
1173 3492 1339 3554 invenietur
1377 3497 1408 3551 et

64 3603 233 3668 apogaeum
253 3580 387 3663 proxime
410 3573 621 3659 Tychonicum.

151 3675 400 3736 Demonstratum
426 3674 474 3727 est
500 3664 592 3743 igitur
621 3662 650 3723 in
680 3661 775 3724 forma
798 3664 1074 3747 (lopernicana,
1104 3676 1238 3731 centrum
1266 3665 1406 3731 circuitus

64 3766 176 3827 Terrae
200 3779 268 3822 esse
300 3757 398 3820 medio
430 3756 495 3817 loco
518 3753 596 3816 inter
624 3770 732 3832 corpus
754 3753 837 3816 Solis
869 3764 900 3817 et
930 3766 1071 3839 punctum
1102 3757 1295 3840 aequalitatis
1323 3757 1406 3820 illius

64 3853 223 3926 circuitus,
247 3850 304 3911 hoc
326 3854 374 3909 est
396 3845 520 3906 Terram
542 3841 573 3902 in
595 3860 650 3902 sua
673 3840 770 3903 orbita
792 3842 989 3926 inaequaliter
1010 3846 1163 3924 incedere;
1186 3848 1305 3931 tardam
1327 3846 1402 3921 fieri,

65 3944 112 4005 ubi
140 3942 230 4020 longe
253 3957 272 3999 a
293 3937 365 4000 Sole
394 3930 527 4006 recedit,
558 3930 706 4005 velocem,
739 3930 787 3992 ubi
815 3936 1046 4018 appropinquat,
1079 3936 1159 4018 quod
1188 3945 1237 4000 est
1263 3936 1400 4019 physicis
1443 3990 1446 3999 .

64 4029 232 4093 rationibus
254 4035 286 4089 et
306 4022 464 4104 analogiae
486 4019 675 4101 planetarum
697 4027 863 4083 ceterorum
886 4033 1126 4087 consentaneum.
1174 4027 1291 4090 Eodem
1313 4025 1402 4088 modo

65 4121 304 4183 demonstratum
327 4112 427 4177 est'In
449 4107 688 4173 Ptolemaica
709 4109 818 4184 forma,
842 4113 1005 4196 epicyclum
1028 4135 1047 4175 a
1067 4123 1192 4195 puncto,
1223 4116 1303 4179 circa
1325 4114 1404 4196 quod

65 4212 129 4290 ejus
152 4215 254 4269 motus
275 4202 409 4286 aequalis
432 4207 493 4272 est,
526 4216 594 4259 esse
623 4198 835 4274 eccentricum,
867 4211 899 4263 et
920 4203 1172 4267 eccentricitatem
1195 4205 1347 4268 dimidiam
1368 4204 1405 4264 de

64 4290 289 4361 eccentricitate
312 4290 412 4357 Solari
434 4285 599 4367 vulgariter
621 4285 743 4347 iuventa
766 4297 796 4349 et
818 4288 847 4349 in
870 4300 973 4372 partes
996 4293 1171 4360 contrarias.
1216 4295 1351 4376 Denique
1376 4291 1407 4354 in

65 4389 164 4451 forma
186 4382 396 4467 Tychonica
418 4379 653 4440 demonstratum
666 4384 723 4449 est,
745 4384 894 4457 punctum,
911 4402 930 4443 a
945 4401 1002 4462 quo
1026 4392 1207 4463 consurgunt
1228 4380 1405 4446 eccentrici-

63 4486 145 4540 tates
168 4473 367 4554 planetarum,
390 4487 448 4531 non
470 4463 584 4526 moveri
606 4462 637 4524 in
659 4464 846 4527 concentrico
865 4467 957 4547 Solis,
981 4471 1035 4532 sed
1055 4472 1191 4548 a'l'erra,
1214 4473 1295 4534 circa
1317 4488 1406 4554 qnam

63 4563 246 4647 regulariter
277 4568 308 4622 et
335 4553 531 4641 aequabiliter
561 4551 708 4628 volvitur,
740 4553 938 4634 inaequaliter
968 4579 1022 4641 per
1049 4560 1192 4623 ambitum
1218 4561 1341 4623 abesse:
1374 4563 1406 4621 et

63 4674 172 4718 versus
193 4651 366 4734 perigaenm
389 4644 507 4729 quidem
529 4639 612 4705 Solis
638 4640 756 4722 longius
779 4641 906 4722 distare,
939 4667 1045 4712 versus
1071 4668 1235 4730 apogaeum
1264 4647 1403 4724 brevius3

62 4745 175 4808 iterum
197 4739 321 4803 dirnidia
343 4732 566 4800 eccentricitate
589 4728 681 4801 Solis.
726 4728 803 4793 Cum
830 4732 930 4818 itaque
958 4737 1007 4801 hic
1030 4738 1179 4820 epicyclus
1201 4738 1404 4803 Ptolomeicus

36 4834 41 4847 '
63 4843 94 4897 et
116 4833 167 4897 hic
190 4829 329 4895 deferens
343 4825 518 4892 Braheanus
535 4824 650 4882 mutarn
672 4817 783 4882 babeat
801 4825 970 4906 analogiam
985 4845 1051 4890 cum
1072 4827 1189 4891 theoria
1203 4828 1296 4906 Solis,
1319 4827 1413 4891 veri··
