3354 5504
156 290 162 305 '
245 289 288 358 st
660 287 1168 357 masuerum-qum

100 493 126 561 ⁸·
244 469 436 546 intermedio,
462 477 542 532 recta
565 469 658 531 habet
678 475 710 529 et
731 465 887 546 longitudo
909 451 1023 543 modiin
1052 486 1120 530 cum
1145 476 1245 531 autem
1264 468 1327 548 jam
1350 469 1497 532 habeatnr
1517 489 1592 553 pro-

244 560 344 642 portio
368 558 514 622 liueamm
535 559 574 620 ad
596 557 665 632 Ac,
689 575 776 637 quam
799 556 986 636 suscepimus
1008 575 1077 618 esse
1098 555 1238 633 100000,
1260 559 1350 620 facile
1372 577 1438 621 eam
1461 560 1492 622 in
1515 560 1593 622 alios

243 667 385 715 numeros
407 656 654 730 transponenrns,
685 652 720 707 nt
740 646 793 708 BF
823 646 864 707 sit
894 641 1032 709 100000.
1079 645 1196 718 Quodsi
1227 664 1299 726 ergo
1322 644 1343 709 4
1365 648 1594 712 observationes

106 806 109 813 ⁴
243 739 274 801 in
296 744 382 819 parte
406 737 537 819 scrupuli
559 744 641 799 recte
662 733 818 809 haberent,
842 753 977 796 essemus
999 734 1048 795 ιιι
1071 734 1116 797 ιιι
1139 735 1213 798 certi
1228 736 1265 797 de
1278 738 1472 818 perportinne
1486 738 1538 802 TB
1552 732 1592 800 ιι

242 829 316 902 BA,
347 846 402 888 nec
426 846 501 908 opus
530 833 612 888 esset
641 832 727 886 tanto
749 831 913 904 apparatu,
946 832 1089 904 qnantum
1120 842 1212 906 snpra
1233 825 1389 906 descripsi.
1436 826 1500 890 Sed
1521 828 1594 908 quia

182 921 186 931 '
244 917 324 979 intra
346 911 367 978 ³
391 916 531 997 scrupula
553 914 630 977 certi
656 933 716 976 non
745 933 849 975 snmus
871 912 908 974 de
931 912 1158 989 observatione,
1184 914 1364 995 praesertim
1386 915 1505 998 qnando
1534 917 1592 979 de·

245 1006 384 1068 ductione
409 1025 483 1086 opus
506 1012 555 1066 est
577 1025 596 1066 a
619 1004 667 1065 die
689 1003 841 1082 proximo,
871 1002 991 1084 quando
1021 1002 1170 1066 serenitas
1193 1002 1420 1066 observationes
1447 1005 1593 1080 admittit,

245 1094 285 1157 ad
307 1094 385 1155 diem
408 1112 498 1167 verae
521 1113 587 1156 cum
605 1092 676 1156 Sole
701 1091 909 1172 oppositionis,
924 1090 1001 1152 ideo
1024 1091 1055 1152 in
1078 1092 1193 1154 incerto
1215 1092 1409 1176 relinquimur
1431 1095 1481 1168 (ut
1503 1104 1595 1176 supra

244 1183 405 1287 dictum)
396 1203 427 1244 ιι
449 1184 549 1246 Marta
580 1182 699 1264 quidem
723 1201 742 1242 ι
764 1176 888 1244 9200
880 1200 910 1242 ιι
942 1176 1050 1242 12000
1072 1187 1104 1241 ιι
1129 1181 1272 1256 ulterius,
1303 1200 1408 1264 qnae
1402 1182 1595 1245 incertitudo

244 1273 277 1336 in
298 1272 504 1354 parallaxibus
528 1272 609 1335 orbis
637 1271 728 1332 annui
757 1267 956 1332 intolerabilis
983 1277 1039 1332 est.
1084 1270 1293 1397 Aequationes
1323 1280 1425 1336 tamen
1455 1271 1513 1334 ιιιι
1545 1273 1596 1334 ιιι

244 1380 337 1445 prope
359 1379 464 1424 verum
486 1361 678 1423 addiscimus

154 1526 155 1531 γ
333 1452 489 1513 Hactenus
512 1451 648 1533 exposui,
672 1447 810 1551 quibus
802 1467 833 1508 ιι
859 1446 950 1508 rebus
973 1467 993 1507 a
1014 1454 1045 1508 te
1068 1447 1191 1528 Magius
1221 1448 1431 1511 sollertissime
1458 1449 1596 1529 adjurari

245 1540 365 1623 possint
378 1540 567 1603 inventiones
582 1538 680 1601 ιιι
655 1556 735 1599 crrca
747 1535 882 1598 theorias
897 1536 1087 1617 planetarum
1097 1532 1332 1617 Copcmicanas.
1363 1537 1452 1600 Nunc
1468 1538 1596 1600 alterum

212 1634 215 1639 ’
247 1637 337 1710 capnt
359 1629 396 1691 de
419 1630 593 1692 difficultate
616 1627 724 1690 calculi
747 1625 918 1705 aggrediar,
941 1625 1098 1687 consilium
1120 1633 1204 1688 tuum
1227 1620 1424 1708 expetiturus,
1447 1627 1596 1709 quomodo

247 1738 372 1781 censeas
396 1719 623 1781 constituendas
646 1716 777 1790 tabulas,
801 1734 889 1796 quam
911 1714 1039 1777 formam
1061 1715 1169 1777 calculi
1193 1716 1441 1796 amplectendam.
1479 1715 1597 1797 coper-

246 1807 331 1871 nicus
354 1808 398 1870 uti
420 1807 520 1890 potnit
541 1805 692 1870 anomalia
708 1803 960 1879 commutationis,
983 1805 1053 1886 quia
1068 1812 1212 1880 centrum,
1235 1806 1317 1868 circa
1330 1806 1411 1887 qnod
1425 1813 1598 1868 numeratur

247 1896 407 1971 ιιιιιιιιι,
429 1896 551 1978 putavit
572 1915 640 1958 esse
663 1902 797 1956 centrum
819 1893 887 1954 viae
903 1894 1024 1955 Terrae.
1064 1893 1145 1965 Quid
1157 1894 1223 1974 jam
1242 1894 1329 1957 nobis
1343 1895 1478 1975 proderit
1500 1915 1597 1957 canon

247 1986 415 2048 anomaliae
437 1984 690 2059 commutationis,
715 2002 781 2045 cum
795 1982 843 2044 bis
859 1983 1016 2063 aequando
1034 1982 1084 2057 sit,
1107 2001 1214 2064 nempe
1231 2002 1285 2065 por
1298 1986 1393 2046 totins
1407 1984 1597 2067 aequationis

247 2084 279 2138 et
299 2076 440 2156 planetae
464 2084 495 2137 et
509 2077 621 2138 Terrae
643 2080 760 2155 partem
784 2091 860 2146 eam,
883 2091 960 2153 quse
982 2072 1174 2134 constituitur
1196 2072 1236 2134 ab
1258 2073 1484 2136 eccentricitate
1507 2073 1598 2134 viae?

248 2164 378 2245 Oportet
399 2166 478 2226 enim
501 2164 642 2245 angulum
665 2160 833 2223 anomaliae
857 2162 896 2222 ad
914 2160 1028 2223 nullum
1046 2161 1128 2223 aliud
1145 2166 1288 2242 punctum
1304 2171 1396 2239 stare,
1419 2182 1509 2244 quam
1524 2182 1598 2224 cen·

247 2262 327 2316 trum
342 2254 434 2316 Solis.
470 2254 564 2317 Nulla
585 2252 634 2314 hic
658 2249 892 2332 aequipollentia
913 2249 1124 2331 hypothesium
1147 2270 1202 2312 nos
1214 2252 1311 2331 Juvat.
1350 2252 1485 2315 Dimidio
1502 2252 1598 2332 gradu

248 2342 279 2404 in
306 2344 408 2405 Marte
435 2362 570 2405 erramus
597 2341 725 2422 primunr
753 2345 843 2420 atque
876 2347 1010 2401 centrum
1032 2338 1115 2401 Solis
1145 2340 1375 2404 deseruerimus.
1421 2341 1468 2404 At
1488 2342 1513 2403 si
1537 2350 1600 2403 stet
1666 2356 1669 2363 ·

224 2444 228 2452 ·
250 2432 378 2513 angulus
400 2430 455 2493 lric
473 2433 511 2493 sd
527 2432 639 2506 Solem,
664 2447 783 2509 semper
806 2436 855 2490 est
876 2429 939 2490 alio
960 2438 1051 2510 atque
1074 2429 1138 2490 alis
1159 2429 1305 2492 distantia
1322 2430 1406 2494 Solis
1428 2438 1461 2492 et
1474 2432 1597 2504 Terrae,

249 2538 343 2602 quare
365 2520 456 2582 etiam
478 2521 541 2583 alia
564 2528 653 2602 atque
676 2518 738 2580 alia
759 2516 926 2598 parallaxis
949 2537 1056 2592 annua,
1090 2519 1210 2580 etiamsi
1231 2520 1356 2600 planeta
1373 2520 1486 2582 habeat
1509 2539 1599 2582 unam

222 2668 226 2673 .
250 2616 285 2675 at
303 2610 431 2673 candem
453 2610 636 2672 anomaliam
659 2607 798 2669 eccentri.
844 2607 923 2670 Nam
953 2606 1109 2687 aphelia
1100 2627 1131 2668 ιι
1160 2608 1290 2673 tabulis
1300 2609 1453 2691 perpetuis
1481 2617 1601 2691 oportet

251 2698 436 2763 considerari
465 2706 499 2761 ut
527 2698 704 2761 distantiam
737 2704 870 2757 mutuam
896 2696 1048 2758 variantia
1077 2715 1219 2759 successu
1248 2686 1426 2761 seculorum.
1471 2700 1519 2761 Ac
1542 2699 1601 2761 etsi

252 2804 371 2868 semper
385 2788 491 2850 eadem
503 2794 627 2850 maneat
641 2784 828 2867 apheliorum
846 2785 1002 2861 distantia,
1018 2794 1120 2847 tamen
1133 2788 1308 2867 parallaxes
1324 2796 1412 2850 erunt
1425 2788 1601 2851 condendae

250 2897 309 2940 non
333 2878 372 2939 ad
395 2878 602 2960 quadrantem,
624 2896 683 2939 non
707 2874 746 2935 ad
769 2874 997 2950 semicirculum,
1021 2876 1075 2937 ιιι
1098 2877 1138 2937 ad
1160 2877 1309 2957 integrum
1323 2877 1476 2952 circulum,
1498 2877 1551 2940 nbi
1574 2878 1601 2939 si

250 2958 398 3037 accedant
419 2968 512 3029 etiam
535 2965 676 3046 scrupula
689 2963 938 3046 proportiqnalia,
962 2972 997 3025 ut
1018 2983 1145 3026 necesse
1169 2975 1263 3043 esset,
1286 2967 1389 3029 nescio
1404 2987 1444 3028 sn
1459 2967 1602 3030 evitaturi

250 3055 345 3118 ιιιιιι
369 3074 486 3118 omnem
509 3074 650 3118 errorem.
696 3053 755 3115 His
784 3052 921 3115 omnibus
951 3054 1071 3116 accedit
1100 3054 1242 3135 implexio
1273 3064 1378 3118 mutua
1403 3056 1602 3138 parallaxaon

250 3144 341 3209 anani
371 3145 484 3208 orbis
475 3166 507 3208 ιι
529 3146 652 3226 longum
674 3152 705 3204 et
734 3142 843 3216 latum,
867 3142 917 3223 qui
939 3144 1098 3223 scrupulus
1121 3162 1168 3205 ιιι
1191 3145 1360 3209 diutissime
1387 3147 1479 3209 torsit
1510 3165 1603 3208 caeca

168 3232 171 3238 '
251 3235 402 3297 molestia.
448 3236 527 3297 Nam
550 3253 617 3304 cunr
639 3251 733 3314 prope
766 3230 973 3333 oppositiones
1001 3234 1142 3312 planetae
1171 3253 1237 3296 cum
1261 3234 1333 3298 Sole
1364 3234 1499 3309 venitur,
1526 3237 1602 3298 lraec

248 3324 393 3405 implexio
415 3343 475 3385 non
498 3324 584 3403 parvi
608 3331 656 3384 est
677 3319 819 3383 momenti
843 3331 1018 3404 semperque
1040 3342 1088 3384 ιιι
1109 3323 1275 3404 impedivit,
1299 3325 1470 3407 quominus
1487 3325 1602 3429 justam

253 3408 385 3475 side'mm
407 3432 426 3475 a
449 3413 522 3475 Sole
544 3406 721 3475 distantiim
750 3409 935 3489 investigare
966 3412 1123 3492 potuerim.
1170 3414 1229 3475 Ηιι
1252 3414 1279 3476 ιι
1301 3414 1393 3475 'etiam
1422 3433 1536 3476 canone
1559 3414 1603 3476 nti

251 3502 380 3565 ιιιιιιιι
409 3501 558 3583 aequandi
595 3508 719 3582 propter
751 3498 941 3562 latitudinem
970 3502 1111 3581 angulum
1141 3503 1400 3578 commutationis,
1429 3504 1534 3567 nescio
1564 3522 1602 3566 an

254 3590 409 3654 difficilior·
428 3599 461 3653 et
483 3589 650 3653 taediosior
674 3590 717 3651 sit
737 3590 855 3651 futurus
879 3590 1013 3652 calculus
1035 3590 1214 3668 tabularum,
1238 3611 1330 3675 qnam
1349 3593 1483 3656 calculus
1505 3594 1610 3656 triana

252 3679 561 3760 gulorum.1ulrac
590 3697 663 3759 ergo
695 3674 872 3740 difficultate
896 3678 932 3740 de
962 3679 1060 3742 forma
1091 3682 1200 3746 calculi
1232 3701 1269 3743 ea
1283 3681 1420 3763 cogito,
1451 3702 1527 3764 quae
1558 3693 1606 3745 cst

252 3776 379 3831 naturae
408 3768 598 3845 ιοιιιιιιιιι;
622 3786 710 3849 quam
740 3768 810 3849 qnia
839 3767 904 3829 sine
933 3775 987 3831 tua
1015 3789 1071 3852 ope
1102 3771 1156 3834 vix
1185 3779 1292 3851 potero
1324 3771 1469 3853 adipisci,
1500 3773 1606 3836 itidem

253 3876 411 3941 exponam
458 3854 628 3940 Oolirgetur
654 3876 692 3918 ex
723 3855 835 3919 tabulis
864 3856 1006 3937 planetae
1038 3860 1166 3942 simplex
1196 3860 1351 3940 longitudo
1381 3870 1413 3924 et
1443 3862 1605 3942 aplrelium,

252 3954 285 4010 et
307 3948 461 4010 subtracto
484 3948 541 4010 hoc
560 3948 598 4009 ab
616 3946 672 4009 ills
684 3964 739 4027 per
757 3947 939 4009 anomaliam
957 3950 1088 4012 accentui
1111 3950 1249 4012 relictam
1264 3959 1442 4033 excerpetnr
1464 3951 1604 4033 aequatio
1651 3960 1654 3967 ’

167 4077 174 4104 l
253 4037 404 4113 eccentri,
428 4044 486 4120 'qua
509 4037 675 4117 corrigetur
699 4035 873 4115 longitudo,
905 4044 940 4099 nt
961 4040 1015 4101 fiat
1037 4039 1168 4102 eccentri
1198 4038 1354 4119 longitudo
1378 4050 1526 4125 sequata3
1549 4060 1605 4103 ex·

135 4144 141 4157 ·
254 4134 392 4217 cerpetnr
421 4134 453 4188 ιι
481 4127 629 4188 distantia
659 4126 801 4206 planetae
824 4145 843 4185 a
866 4125 938 4188 Sole
970 4147 1024 4209 per
1057 4129 1184 4191 eandem
1217 4129 1383 4209 simplicem
1415 4131 1606 4206 anomalism,

254 4207 435 4278 servanda
425 4236 457 4277 ιι
479 4216 610 4279 futurum
633 4233 728 4277 usum.
766 4214 825 4275 Hic
847 4214 933 4278 labor
956 4217 1045 4278 erit
1035 4238 1065 4280 ιι
1086 4217 1278 4280 inferioribus
1299 4219 1390 4300 plane
1414 4218 1512 4297 idem;
1536 4238 1607 4284 nem

253 4314 410 4368 eccentrus
433 4322 535 4367 eorum
558 4306 583 4366 ιι
607 4304 722 4366 dicetur
750 4303 896 4378 circulus,
926 4324 1013 4386 quem
1036 4306 1066 4368 ιι
1088 4307 1133 4368 ιιι
1162 4308 1293 4370 veritate
1325 4308 1500 4372 describunt
1526 4310 1607 4374 circa

254 4395 366 4459 Solem.
428 4394 546 4466 Quodsi
576 4401 714 4465 carerent
731 4393 885 4478 ¹planetae
917 4395 1068 4474 parallaxi
1103 4415 1218 4471 annua,
1253 4397 1318 4476 jam
1349 4399 1473 4462 intenta
1504 4406 1608 4463 essent

258 4485 388 4548 omniurn
403 4485 592 4566 planetarum
611 4482 762 4562 ipsiusque
777 4483 889 4544 Terrae
905 4483 972 4545 loca
990 4484 1021 4545 iu
1040 4485 1103 4548 suis
1127 4485 1245 4547 orbitis.
1284 4487 1368 4567 Ergo
1386 4507 1442 4569 pro
1461 4488 1481 4552 5
1499 4489 1606 4570 plane-

200 4650 203 4656 ,
253 4583 353 4638 tamnu
380 4573 594 4656 parallaxitus·
618 4571 709 4632 annui
739 4571 821 4634 orbis
846 4571 911 4650 jam
935 4575 1066 4637 secundo
1090 4575 1128 4636 ad
1153 4576 1278 4638 eundem
1300 4578 1420 4639 modum
1448 4586 1608 4660 quaeratur

254 4663 339 4725 locus
362 4665 475 4725 Terrae
499 4662 563 4737 (vel
586 4660 669 4723 Solis
694 4661 866 4741 oppositus)
891 4681 957 4723 cnm
981 4663 1129 4726 distantia
1151 4665 1234 4727 Solis
1258 4675 1289 4727 et
1311 4667 1424 4729 Terrae
1447 4669 1606 4730 servanda

255 4754 359 4815 Tertio
383 4753 467 4813 locus
491 4750 607 4814 orbitae
624 4749 765 4830 planetae
789 4751 1012 4831 comparabitur
1035 4771 1102 4817 cum
1116 4755 1252 4835 proximo
1267 4755 1410 4835 planetae
1426 4757 1506 4819 nodo
1522 4757 1608 4832 (nodi

243 4838 338 4922 smotu
362 4839 491 4922 simplici
513 4841 605 4902 etiam
627 4857 666 4901 ιι
688 4838 801 4902 tabulis
824 4839 970 4917 collecto)
993 4852 1026 4905 et
1041 4860 1097 4925 per
1119 4844 1297 4909 distantiam
1319 4865 1339 4906 a
1354 4845 1435 4908 nodo
1459 4854 1491 4909 ιι
1508 4846 1608 4912 maxi·
