3354 5504
672 268 772 323 bitem
792 266 893 332 Kepleri
911 267 1062 332 aliorumque
1080 249 1182 319 mutuae

672 445 804 495 occentrici
821 443 910 497 Martia
927 445 953 494 in
973 445 993 494 ll
1012 451 1112 510 puncto,
1129 446 1174 497 ΒΕ
1195 445 1316 510 paranete
1333 451 1415 497 motus
1433 445 1508 497 medii
1525 442 1597 499 801οι

519 562 548 591 x
649 580 652 585 Ι
674 516 802 566 Distentis
822 520 845 566 Δ
863 523 889 566 et
906 516 927 565 B
947 522 1084 567 cehmorum
1110 519 1235 583 utriusque
1253 518 1316 568 orbis
1339 524 1432 583 aequat
1455 519 1598 570 eccenffloi·

674 593 754 638 tatem
771 587 836 638 Solis
853 589 985 653 integram.
1110 588 1114 594 ’
1229 627 1231 633 .
1461 582 1468 591 “

762 658 843 709 Noto:
872 659 1060 710 semidiameter
1086 661 1185 709 minoris
1215 660 1304 712 circelli
1333 667 1425 726 aequat
1452 661 1598 711 distantiam
1647 660 1653 676 ¹

676 736 813 780 centromm
830 733 956 794 utriusque
981 731 1060 789 orbls;
1085 730 1148 781 Solis
1166 733 1263 797 quidem
1287 730 1391 798 (absque
1419 729 1555 798 aequante)
1573 739 1601 782 et

664 804 724 852 ‘mei
740 800 787 865 1¹1,
807 804 1000 853 eccentn'cltatis
1013 802 1084 853 Solis.
1109 803 1175 867 Hinc
1191 805 1266 854 etiam
1284 805 1397 869 indagari
1414 805 1504 869 poterit
1523 817 1601 855 causa

675 874 800 941 utriusque
819 875 1010 924 eccantrioitatis
1028 876 1054 924 in
1072 873 1153 925 hiarte
1171 875 1244 941 idque
1262 877 1349 926 melius
1367 890 1442 940 quam
1460 877 1486 927 in
1504 882 1556 927 tna

765 945 827 994 ilum
845 947 919 1010 igitur
936 947 962 994 in
979 946 1145 1010 parallaxibus
1163 953 1191 997 tu
1204 947 1236 996 ad
1254 949 1402 997 centrumh
1420 954 1499 997 totam
1516 946 1598 1012 paral·

676 1016 744 1065 laxin
761 1018 877 1081 inquiras,
895 1030 960 1081 quse
979 1016 1012 1066 ad
1030 1015 1058 1074 0,
1078 1016 1167 1067 deinde
1186 1018 1217 1068 ad
1236 1017 1257 1066 B
1276 1020 1363 1082 inquiri
1385 1019 1523 1075 debebant,
1541 1018 1600 1067 hinc

677 1088 713 1145 lit,
732 1095 760 1137 nt
776 1096 869 1153 quanto
888 1094 999 1137 centmm
1017 1090 1149 1138 occentrici
1167 1088 1256 1139 Martis
1273 1091 1299 1138 in
1316 1090 1375 1140 Sole
1393 1090 1468 1140 altius
1486 1104 1504 1139 a
1521 1090 1600 1139 Terra

676 1160 796 1222 profertur
822 1173 896 1224 qnam
921 1159 1024 1218 debeat,
1050 1160 1166 1210 videlicet
1183 1161 1215 1210 ud
1234 1162 1399 1226 quantitatem
1424 1162 1469 1212 AB
1491 1159 1600 1222 [ιιᾱιιι

677 1229 838 1295 hypodsesis),
853 1237 950 1280 tantum
963 1237 1058 1296 oportet
1071 1238 1096 1282 te
1108 1246 1203 1281 rursum
1216 1231 1344 1283 detrahere
1358 1235 1390 1284 ab
1403 1234 1600 1287 occentricitata.

677 1303 716 1351 vel
733 1304 797 1367 quod
814 1304 880 1352 idem
899 1309 937 1352 est
955 1315 971 1352 e
990 1302 1213 1382 &aununtiantis
1233 1318 1249 1353 a
1267 1303 1351 1367 Terra,
1371 1312 1399 1355 ut
1416 1319 1500 1355 verum
1516 1296 1599 1370 p'aral·

675 1376 758 1424 lexeos
777 1374 894 1439 angulum
914 1376 1078 1438 consequaris.

343 1448 391 1499 Hic
410 1450 455 1499 tibi
473 1447 575 1501 ostendo
594 1462 676 1497 reram
695 1460 797 1496 causam
810 1454 868 1495 tuae
887 1445 1070 1507 subtractionis,
1089 1459 1162 1509 quam
1175 1451 1202 1494 tu
1215 1462 1245 1496 ex
1262 1454 1307 1496 tua
1325 1448 1454 1513 hypothesi
1472 1446 1601 1499 commode

253 1519 385 1572 defendero
404 1536 454 1571 non
471 1521 571 1584 poteris,
591 1526 617 1570 et
628 1521 663 1569 sic
675 1518 751 1578 rides,
771 1523 884 1567 centrum
902 1518 1035 1568 occentrici
1046 1520 1073 1566 in
1086 1519 1133 1567 alio
1153 1518 1210 1567 orbe
1228 1518 1283 1568 vehi
1302 1527 1328 1569 et
1341 1522 1432 1570 frustra
1450 1525 1600 1584 aequantem

254 1593 305 1644 Soli
323 1593 415 1642 tribuis.
455 1591 481 1641 Si
495 1595 556 1640 -mba
574 1591 684 1641 Uranica
702 1591 795 1653 scripta
813 1589 879 1652 apud
897 1604 937 1639 me
955 1588 1075 1645 inissent,
1101 1589 1184 1638 omnia
1211 1591 1286 1640 insius
1314 1592 1488 1642 declarassem.
1524 1590 1600 1641 Hanc

251 1663 399 1730 hypothesin
424 1663 508 1712 multis
534 1665 659 1713 nocturnis
679 1668 705 1711 at
723 1662 814 1712 diurnis
841 1660 1031 1724 cogitationibus
1058 1659 1140 1711 elfinxi
1160 1666 1185 1708 et
1207 1670 1266 1726 puto
1294 1665 1391 1713 veritati
1419 1675 1599 1727 responsuram.

251 1736 434 1787 Constitueram
452 1749 508 1784 eam
533 1734 572 1783 hic
597 1735 690 1784 ruditer
718 1728 826 1782 effictahr
852 1731 946 1781 calculo
975 1733 1145 1796 comprobare,
1174 1747 1258 1783 rerum
1285 1735 1423 1786 incidentes
1441 1735 1500 1784 belli
1518 1740 1600 1783 motus

250 1806 445 1872 impediverunt3
465 1813 577 1855 attamen
595 1805 667 1855 valde
686 1806 777 1868 placat,
796 1817 852 1853 cnm
870 1817 919 1852 non
937 1804 1031 1852 vicaria
1048 1804 1178 1866 hypothesi
1197 1820 1257 1869 opus
1275 1806 1377 1862 habeat.
1397 1812 1426 1856 ut
1443 1812 1496 1856 tua.

338 1877 605 1928 commensurationem
624 1891 641 1925 a
658 1892 697 1925 me
716 1878 741 1925 in
760 1875 808 1925 hac
836 1877 997 1924 constitutam
1024 1881 1144 1940 quantum
1175 1876 1202 1924 iu
1224 1879 1342 1929 memoria
1369 1885 1442 1927 teneo
1468 1878 1600 1928 adscribo:

249 1950 467 2002 Eccentricitatem
492 1947 580 1998 Martis
604 1949 738 2012 simplicem
765 1948 852 2009 accepi
879 1943 982 2004 20050,
1010 1948 1220 1998 semidiametrum
1251 1952 1351 2012 majoris
1379 1949 1470 2000 circelli
1488 1945 1598 2008 usati).

249 2023 349 2072 minoris
368 2017 455 2078 ³r903
474 2020 594 2070 muntia
612 2022 689 2070 centri
709 2019 772 2068 orbis
789 2033 806 2068 a
819 2017 895 2068 Tarra
913 2017 946 2067 ud
967 2014 996 2081 ¹1,
1019 2019 1212 2068 occentricitatis
1232 2019 1295 2069 Solis
1314 2022 1458 2071 constituta.
1485 2022 1597 2070 Anoma·

248 2094 308 2152 liam
325 2093 413 2142 Martis
431 2092 548 2156 aequabis
566 2106 609 2154 par
627 2091 744 2155 angulum
763 2088 835 2146 GEB,
854 2091 1017 2155 percognita
1038 2090 1119 2139 latera
1137 2089 1188 2148 CB,
1207 2092 1271 2156 qnod
1290 2092 1406 2142 dimidiae
1425 2092 1488 2144 Solis
1507 2106 1597 2142 eccen-

249 2166 353 2215 tricitati
371 2163 474 2228 aequale
492 2169 519 2212 et
535 2163 579 2213 BE
601 2163 697 2213 radium
716 2169 742 2212 et
759 2161 877 2226 angulum
899 2160 972 2211 ECB.
1011 2160 1111 2222 Quaeso
1135 2164 1260 2213 examines
1279 2162 1310 2214 et'
1323 2163 1423 2213 calculo
1446 2163 1598 2227 comprobes.

249 2237 303 2302 Ego
330 2236 472 2286 reductione
490 2234 652 2296 Tyohoniana
674 2234 706 2283 ad
732 2240 829 2296 tempus
856 2234 904 2283 hoo
930 2247 989 2283 usus
1014 2248 1068 2282 sum
1094 2239 1120 2283 et
1144 2235 1279 2284 etiamnum
1306 2242 1380 2292 utor,
1407 2249 1484 2298 quare
1502 2237 1529 2285 in
1547 2234 1597 2285 hac

250 2306 379 2372 hypothesi
396 2307 462 2356 idem
480 2312 507 2354 tu
525 2306 603 2354 iacias
621 2320 723 2356 neeesse
742 2312 786 2355 est.
824 2305 918 2355 Exacto
936 2305 1020 2355 omnia
1040 2304 1149 2354 nondum
1166 2313 1195 2354 ut
1213 2305 1263 2356 dixi
1282 2304 1325 2370 (ob
1344 2308 1440 2357 illatum
1457 2306 1497 2356 his
1514 2307 1597 2372 ragio·

250 2390 321 2439 nibus
340 2385 441 2446 bellum)
461 2387 582 2437 consutui.
620 2380 787 2449 (Keplerum
809 2379 871 2450 Ego
893 2395 957 2433 vero
978 2397 1033 2433 non
1052 2378 1247 2450 praeconcipio
1268 2380 1406 2454 integram
1426 2378 1598 2451 hypothesin

251 2454 332 2535 quam
353 2467 453 2530 postea
473 2460 660 2529 comprobem
686 2460 804 2529 plurima
823 2477 895 2530 pono
916 2458 1002 2530 prinei
1023 2459 1042 2513 ii
1063 2459 1136 2523 loco,
1159 2461 1220 2514 inde
1241 2478 1340 2532 sequor
1361 2454 1597 2530 observationes.)

251 2540 293 2591 Sic
311 2547 340 2590 tu
358 2544 443 2603 aperte
470 2538 545 2595 rides,
565 2536 671 2588 Martem
697 2552 748 2587 non
773 2553 866 2590 rernm,
879 2539 924 2586 sed
948 2552 987 2586 me
1006 2540 1055 2586 'um
1077 2536 1140 2587 Solis
1167 2547 1262 2589 motum
1289 2541 1421 2590 occentrici
1446 2541 1484 2588 sui
1512 2544 1598 2588 centro

252 2610 379 2662 aemulari.
416 2608 538 2673 Exspecto
562 2615 608 2659 tua
634 2609 736 2659 fulmina
761 2609 924 2673 imperterrito
953 2610 1042 2659 animo.
1080 2609 1142 2659 Mihi
1159 2610 1246 2674 placeo
1264 2612 1290 2660 in
1307 2626 1383 2668 mea,
1407 2617 1436 2660 ut
1452 2617 1480 2659 tu
1498 2611 1525 2659 iu
1543 2616 1597 2660 tua.

250 2682 379 2751 liirabem
396 2681 568 2746 imaginarium
585 2680 646 2730 illud
663 2687 782 2746 punctam
800 2681 839 2731 vel
857 2689 968 2731 centrum
987 2682 1119 2731 occentrici
1145 2688 1244 2733 tantum
1258 2698 1337 2746 posse
1356 2696 1430 2747 quaxn
1448 2681 1491 2734 Sol
1508 2683 1536 2732 in
1553 2689 1599 2732 tus

250 2760 339 2819 potest
376 2752 434 2803 Non
452 2752 506 2811 dico
524 2753 588 2817 quod
606 2759 662 2803 tuus
680 2753 790 2803 calculus
808 2755 834 2802 in
851 2752 934 2802 Marto
952 2767 969 2802 a
986 2767 1042 2802 vero
1062 2753 1177 2814 declinet,
1196 2753 1305 2804 nondum
1323 2757 1388 2804 enim
1405 2754 1469 2805 haec
1487 2767 1597 2820 compro·

251 2827 316 2880 bari.
337 2831 363 2875 et
380 2825 443 2882 0100,
461 2822 608 2888 hypothesin
626 2832 695 2877 tuam
713 2823 883 2888 imperfectam
899 2839 962 2881 esse,
982 2839 1038 2874 cum
1057 2839 1087 2874 ex
1103 2839 1155 2874 nna
1172 2832 1253 2875 motus
1275 2839 1418 2875 mensurare
1436 2839 1485 2874 non
1503 2825 1597 2883 meaa.

250 2910 298 2948 nec
316 2897 490 2947 subtractionis
516 2892 586 2943 ‘2240
609 2898 715 2960 partium
739 2897 771 2946 ab
794 2897 980 2946 occentricitate
998 2896 1087 2945 Martis
1110 2898 1231 2946 rationem
1254 2897 1470 2949 demonstrabilem
1494 2895 1597 2946 reddere

250 2970 338 3034 possis.
363 2968 449 3019 Potest
468 2968 542 3017 etiam
560 2967 623 3017 haee
641 2982 698 3018 mea
717 2968 749 3017 ad
761 2983 844 3017 verum
862 2975 955 3016 motum
973 2968 1161 3028 accommodari,
1180 2970 1224 3019 sad
1238 2969 1346 3019 nondum
1365 2969 1467 3019 mutari.
1496 2966 1598 3029 Quaeso

251 3041 311 3091 mihi
330 3047 399 3090 tuum
415 3038 534 3102 judicium
553 3053 729 3104 censuramque
747 3039 823 3089 libere
842 3045 868 3088 at
885 3040 993 3104 ingenue
1009 3040 1157 3103 patefacias.

284 3150 288 3155 .
339 3111 393 3162 Has
410 3110 576 3176 sequebantur
599 3110 686 3161 literae
704 3112 811 3160 Fabricii
829 3111 852 3160 d.
872 3110 895 3160 d.
920 3108 1005 3173 10120.
1025 3112 1168 3171 Febmarli,
1194 3111 1324 3178 inquibus
1342 3111 1449 3164 Martem
1464 3112 1597 3162 intactum

245 3177 373 3250 'rehoquit
392 3184 457 3232 siout
475 3184 551 3232 etiam
567 3183 594 3230 in
616 3182 735 3232 literisd.
754 3182 778 3232 d.
799 3178 996 3245 illaturum.
1032 3175 1064 3232 In
1081 3182 1158 3233 literis
1183 3199 1238 3234 rere
1257 3184 1281 3234 d.
1302 3183 1326 3232 d.
1346 3181 1416 3244 7117.
1435 3179 1595 3246 Meyi'ttoa.

250 3254 315 3307 haec
331 3255 448 3320 legimns:

340 3326 417 3377 Miror
435 3331 461 3376 et
479 3325 551 3376 saida
569 3326 650 3384 miror,
668 3326 880 3390 praestantissime
892 3325 925 3375 D.
938 3326 1055 3390 Keplere,
1073 3334 1098 3376 te
1116 3331 1187 3376 tanto
1205 3328 1321 3391 temporis
1339 3327 1418 3391 spatio
1431 3325 1493 3376 nihil
1509 3325 1595 3375 litera·

252 3413 307 3451 rum
325 3398 358 3449 ad
375 3412 424 3448 me·
434 3397 538 3457 dedisse,
558 3412 613 3448 eum
631 3404 715 3447 umen
733 3405 818 3447 ternas
836 3404 881 3447 aut
899 3399 974 3448 etiam
992 3399 1073 3462 plures
1090 3400 1188 3449 interim
1207 3400 1306 3449 disemis
1324 3399 1474 3462 temporibus
1490 3399 1596 3462 scriptas

253 3485 270 3521 a
286 3486 325 3520 me
345 3470 478 3534 acceperis,
498 3483 561 3534 quas
578 3469 622 3518 tibi
640 3484 657 3518 a
669 3469 822 3520 Cancellario
840 3469 966 3520 Osthisico
985 3468 1017 3519 D.
1032 3470 1128 3519 Thema
1139 3471 1252 3529 Franoio,
1271 3471 1307 3520 tui
1326 3472 1502 3528 amantissimo.
1521 3469 1597 3536 probe

253 3544 361 3593 traditas
379 3543 454 3603 inisse
472 3540 532 3591 nihil
551 3541 676 3590 addubito.
701 3540 727 3590 Si
739 3557 795 3590 vero
808 3541 919 3591 redditae
936 3556 985 3591 non
999 3549 1089 3597 essem,
1110 3541 1141 3591 ab
1152 3543 1205 3606 ipso
1218 3543 1256 3593 rel
1270 3545 1322 3604 eius
1335 3543 1467 3592 secretario
1485 3547 1596 3608 repetere

253 3627 298 3665 aas
315 3614 415 3679 poteris.
452 3611 517 3662 Dedi
535 3625 630 3678 quoque
650 3612 712 3661 alias
729 3610 762 3660 D.
782 3613 905 3671 Andreae,
924 3613 1025 3662 Domini
1041 3612 1164 3678 hiinquitii
1182 3615 1321 3665 secretario.

340 3684 467 3735 Contenta
483 3684 589 3755 priorum
615 3684 740 3734 literarum
759 3699 808 3733 non
826 3690 927 3749 repeto,
956 3699 1011 3734 cum
1029 3686 1108 3735 multa
1134 3686 1199 3746 sint,
1228 3684 1292 3736 addo
1310 3691 1406 3735 tantum
1424 3700 1467 3752 pyo
1484 3698 1553 3734 more
1571 3688 1597 3733 et

252 3769 335 3809 amore
352 3755 460 3807 Uraniae
477 3755 603 3805 nonnulla.

310 3828 352 3879 ·1n
371 3827 540 3879 enucleatione
558 3827 653 3885 lateris,
671 3827 735 3892 quod
752 3828 778 3876 in
797 3828 854 3877 orbe
873 3841 955 3877 annuo
973 3828 1140 3894 parallaxibus
1158 3828 1319 3890 subtenditur,
1339 3836 1367 3878 tu
1385 3828 1493 3878 disemos
1510 3825 1596 3877 modos

252 3903 279 3952 ln
295 3900 373 3951 literis
391 3899 479 3950 rideris
505 3899 630 3957 indicare,
657 3906 758 3966 quorum
782 3906 866 3949 tamen
885 3900 965 3950 nullus
984 3897 1016 3961 (sl
1035 3900 1106 3948 modo
1134 3901 1283 3951 sententiam
1308 3907 1377 3950 tuam
1399 3906 1467 3950 recte
1485 3894 1596 3963 percepi)

253 3973 352 4025 veritati
378 3971 524 4035 respondere
552 3970 753 4035 deprehenditur:
781 3971 819 4020 vel
838 3986 868 4020 ex
890 3972 944 4021 loco
963 3972 1026 4031 Solis
1049 3986 1106 4021 rere
1125 3979 1152 4021 et
1179 3967 1294 4022 dimidiae
1321 3971 1514 4022 occentricitatis
1534 3969 1597 4020 Solis

252 4044 331 4097 latere
350 4049 376 4094 et
393 4043 573 4095 semidiametro
592 4044 670 4102 orbis3
696 4043 735 4094 vel
754 4041 781 4102 2)
809 4042 841 4092 ed
859 4043 966 4092 mediam
991 4043 1141 4093 anomaliam
1164 4044 1234 4093 addis
1262 4044 1388 4093 dimidiam
1414 4044 1596 4109 aequationem,

222 4167 229 4183 ,
254 4122 281 4168 at
297 4117 380 4167 neseio
408 4115 493 4181 quibus
518 4115 590 4166 lineis
609 4128 664 4165 eam
692 4113 817 4179 applices;
846 4110 873 4175 3)
892 4115 969 4172 dicis,
999 4115 1085 4164 eodem
1104 4115 1176 4164 modo
1201 4117 1355 4180 investigari·
1368 4114 1428 4164 illud
1446 4114 1530 4172 latus,
1549 4125 1597 4177 quo

254 4188 374 4239 distantia
391 4186 478 4239 Martis
496 4200 555 4237 sera
572 4188 742 4252 investigatur.
767 4186 824 4236 Jam
842 4200 891 4235 non
909 4187 1029 4252 intelligo,
1048 4187 1166 4250 quomodo
1185 4187 1247 4237 haee
1267 4188 1431 4247 consentiant,
1451 4193 1552 4237 etcum
1570 4191 1597 4233 tn

255 4259 450 4343 (lopemloanam
467 4257 613 4324 hypothesin
631 4259 657 4306 in
670 4257 727 4308 Sole
744 4259 853 4307 retineas
872 4264 898 4306 et
915 4260 998 4307 omnia
1016 4259 1138 4314 invertas,
1164 4273 1192 4307 eo
1210 4260 1291 4307 minus
1315 4258 1399 4308 omnia
1416 4264 1474 4322 apto
1492 4271 1597 4321 coguos-

59 4350 64 4362 ·
164 4373 167 4380 .
255 4346 312 4383 aere
329 4333 405 4397 potui.
441 4331 546 4381 Faceres
564 4330 638 4394 igitur
654 4344 710 4379 meo
726 4330 818 4392 judicio
836 4331 927 4378 rectius
946 4329 1074 4386 statilius,
1094 4331 1114 4379 si
1128 4329 1160 4379 ad
1178 4336 1287 4394 systema
1305 4330 1428 4393 lychonis
1446 4329 1484 4378 sel
1502 4335 1596 4378 motum

255 4402 318 4456 som
336 4405 419 4454 omnia
436 4403 597 4453 constitueres
616 4407 642 4449 et
658 4416 734 4450 unum
753 4415 856 4466 eumque
881 4408 995 4450 exactum
1019 4402 1078 4450 mihi
1095 4401 1194 4451 modum
1212 4398 1295 4466 (quem
1314 4400 1466 4467 sequendum
1483 4396 1597 4465 putares)

255 4475 403 4527 ostenderes.
442 4473 498 4536 Qua
522 4474 554 4523 de
579 4485 655 4523 causa
672 4479 697 4522 te
719 4471 786 4523 hisce
812 4479 926 4539 rogatum
950 4472 1016 4533 solo,
1043 4473 1064 4521 si
1081 4479 1172 4532 vacat3
1196 4475 1234 4522 sin
1259 4476 1352 4528 minus,
1375 4473 1432 4522 nolo
1449 4479 1475 4523 te
1494 4483 1597 4538 gravare

255 4558 417 4682 ψρερξῗξιι
434 4618 466 4668 (10
482 4614 612 4683 hypothesi
630 4629 646 4666 a
663 4628 703 4664 mo
721 4615 935 4672 constituta‚ante
960 4614 1051 4666 annu'm
1069 4614 1107 4665 sel
1129 4613 1175 4679 l‘l,
1197 4617 1241 4666 tibi
1262 4617 1369 4680 proxime
1388 4565 1532 4683 significari,
1552 4615 1598 4664 sni

255 4693 364 4744 nondum
382 4698 469 4741 exacte
487 4688 654 4751 comprobata,
674 4688 792 4751 quomodo
810 4688 854 4736 tibi
872 4688 990 4751 placeant
999 4689 1063 4737 scire
1082 4689 1171 4751 eupio;
1191 4703 1237 4754 ego
1256 4695 1324 4739 certe
1341 4689 1401 4740 mihi
1417 4688 1505 4752 placeo
1516 4689 1543 4737 iu
1557 4701 1596 4738 ea.

257 4761 297 4815 'Iu
312 4763 441 4816 afflando
460 4762 542 4811 orbsm
554 4758 617 4810 Solis
635 4759 668 4810 ad
685 4759 816 4809 salvandos
833 4767 913 4810 motus
925 4758 1014 4810 Martis
1030 4760 1056 4808 in
1067 4759 1219 4824 labyrinthos
1236 4761 1324 4811 incidis
1342 4766 1368 4810 st
1379 4762 1449 4811 saria
1466 4758 1599 4825 megum

257 4837 361 4908 sugens,
377 4837 430 4910 lam
448 4832 561 4886 addendo
578 4830 813 4895 lamsubtrahendo
830 4831 932 4883 reihoe
950 4830 1047 4882 0011110
1064 4832 1136 4883 ruodo
1160 4831 1264 4898 angulos
1288 4831 1493 4887 marmanda
1530 4829 1600 4889 Vara
