3354 5504
160 297 225 368 062
598 347 601 352 -
766 299 807 355 D·
824 297 904 355 1⁶³⁰*

161 488 243 544 motu
267 478 409 558 simplici,
434 479 488 540 sed
512 479 634 540 duorum
658 486 863 558 respectuum:
893 487 1039 560 quatenus
1062 479 1155 558 igitur
1174 477 1322 560 simplex,
1349 478 1406 541 dat
1427 499 1510 542 uuam

159 577 277 653 partem
300 567 504 647 aequationis,
529 567 668 647 opticam,
695 576 841 648 quatenus
865 568 988 631 duorum
1011 578 1208 648 respectuum,
1231 568 1287 630 dat
1311 568 1391 630 duas
1413 577 1511 648 partes

162 657 349 739 aequationis
365 656 518 737 physicae.
558 654 619 717 Sed
644 676 718 736 quae
742 678 843 732 causa,
867 659 945 739 quod
969 659 1146 719 tantundem
1169 657 1243 718 iacit
1267 657 1403 719 elevatio
1429 678 1511 739 super

162 767 288 828 corpus,
320 765 408 827 quam
437 764 526 823 super
557 745 699 807 circulum
722 746 973 809 illuminationis?
1018 748 1067 815 Aa
1101 746 1210 808 circulo
1243 746 1303 808 toti
1338 748 1511 810 tantundem

162 838 269 899 virium
286 845 343 909 est,
367 843 509 914 quantum
524 836 637 895 Terrae
652 844 686 896 ut
704 834 844 916 corpori?
882 834 943 898 Cur
967 854 1038 913 ergo
1062 855 1118 897 non
1143 834 1234 896 etiam
1256 836 1356 897 trahit
1379 835 1510 904 circulus,

162 928 231 1009 quia
246 925 382 1005 ponimus
398 924 653 984 eccentricitatem
668 925 779 985 nullam
800 944 907 987 novam
922 925 1004 986 lieri?
1040 926 1088 986 Au
1108 924 1218 986 tractio
1237 942 1400 1004 corporum
1424 926 1510 987 allec·

158 1013 210 1078 'tus
236 1024 293 1088 est,
317 1011 452 1074 incitatio
473 1013 562 1073 etiam
585 1012 713 1086 luminis,
738 1031 810 1074 sane
835 1015 903 1094 quia
926 1033 978 1093 per
1002 1015 1131 1093 speciem
1154 1013 1289 1092 corporis
1314 1023 1508 1088 emanantem,

162 1112 195 1167 ut
218 1111 249 1165 ει
271 1103 368 1163 lumen
393 1110 442 1161 εει
465 1102 604 1181 species?
650 1101 706 1162 llla
730 1120 802 1162 vero
826 1104 934 1164 tractio
964 1113 1012 1164 εει
1034 1121 1087 1182 per
1117 1102 1328 1182 cognationem
1357 1102 1508 1165 internam.

161 1193 275 1256 Incitat
297 1190 389 1269 igitur
412 1189 510 1250 lumen
525 1190 665 1261 Telluris,
688 1200 777 1269 prout
792 1192 838 1252 vel
856 1193 973 1253 cavitas
992 1192 1039 1253 vel
1063 1191 1168 1271 gibbus
1192 1192 1229 1252 ab
1255 1191 1396 1254 exilitate
1420 1192 1509 1254 lineae

161 1283 192 1345 iu
216 1279 440 1360 amplitudinem
464 1279 626 1359 ellipticam
651 1288 682 1339 et
705 1279 831 1359 denique
853 1281 1029 1343 circularem
1048 1279 1202 1343 excrescit.
1240 1279 1380 1357 Diceres,
1406 1280 1508 1343 incita·

162 1370 274 1433 tionem
302 1367 366 1429 fieri
394 1386 448 1446 pro
471 1368 590 1429 ratione
614 1367 757 1446 plraseos,
789 1377 821 1430 ut
850 1370 919 1448 quia
941 1370 970 1431 in
996 1370 1119 1431 dimidia
1141 1368 1364 1431 illuminatione
1389 1369 1509 1451 simplex

92 1524 95 1531 ,
163 1467 211 1522 εει
232 1457 389 1531 incitatio,
423 1455 515 1535 igitur
542 1458 571 1518 iu
597 1457 685 1534 plena
708 1456 795 1518 Luna
818 1467 866 1519 est
889 1459 998 1539 dupla,
1030 1468 1061 1520 et
1091 1459 1161 1538 quia
1184 1458 1212 1518 iu
1238 1457 1366 1520 dimidia
1390 1459 1510 1521 obscura

163 1548 301 1630 simplex,
325 1546 354 1607 iu
380 1552 445 1606 tota
468 1546 560 1624 igitur
583 1545 711 1607 obscura
733 1547 833 1627 dupla.
870 1548 947 1609 Nam
965 1547 1112 1613 accrescit
1135 1546 1288 1608 dimidium
1313 1549 1422 1611 eadem
1444 1567 1507 1629 pro·

161 1637 308 1720 portione,
333 1654 392 1713 qua
408 1633 538 1715 duplum,
563 1633 592 1695 id
615 1645 663 1696 εει
687 1634 766 1695 linea
789 1654 842 1714 per
865 1644 947 1698 totas
971 1637 1092 1716 ellipsas
1114 1636 1145 1698 in
1170 1645 1268 1698 totum
1284 1637 1441 1702 circulum.
1472 1638 1509 1700 At

71 1747 76 1758 ·
162 1727 268 1788 obstat
288 1725 346 1785 hoc
363 1723 488 1797 dicturo,
513 1723 600 1803 qnod,
627 1724 653 1784 si
676 1723 821 1786 obscurae
845 1725 903 1786 vim
927 1725 1025 1788 tribuo
1050 1725 1214 1789 luminosae
1239 1726 1412 1805 aequalem,
1438 1745 1507 1788 aem·

161 1834 215 1897 per
239 1813 330 1893 igitur
353 1831 444 1874 cornu
468 1812 625 1873 obscumm
641 1831 705 1873 cum
720 1813 809 1892 gibbo
829 1813 983 1889 luminoso,
1009 1824 1040 1876 et
1063 1814 1196 1876 vicissim
1220 1834 1313 1875 cornu
1339 1815 1507 1878 luminosum

163 1924 228 1966 cum
243 1902 387 1982 gibbosae
404 1900 480 1961 facie
497 1902 624 1963 obscura
638 1902 751 1963 faciunt
766 1911 861 1964 totum
877 1904 1027 1965 circulum.
1065 1904 1132 1965 Nou
1157 1901 1249 1982 igitur
1272 1904 1394 1965 ratione
1419 1905 1506 1986 dupli·

163 1993 223 2056 cati
247 1993 296 2052 vel
319 1989 439 2051 luminis
462 1992 509 2050 vel
539 1991 657 2053 obscuri
686 2000 864 2070 conspectus
894 1993 1033 2070 provenit
1062 1992 1214 2073 duplicata
1244 1993 1434 2069 retardatio,
1463 1993 1507 2055 sed

106 2071 111 2079 ’
163 2081 280 2145 ratione
304 2078 508 2141 inclinationis
520 2071 634 2140 'circuli
658 2080 893 2154 illuminationis,
918 2083 1006 2160 plane
1032 2082 1115 2143 utin
1140 2080 1319 2142 variatione.

251 2173 300 2232 An
324 2169 403 2229 idem
427 2168 469 2230 sit
497 2170 650 2247 negotium
679 2169 854 2230 variationis
887 2181 920 2232 ει
947 2170 1060 2232 nutus?
1086 2171 1189 2231 ·Idem
1223 2170 1345 2251 quidem
1381 2172 1507 2234 circellus

162 2260 255 2333 utilis¹
272 2266 336 2332 est,
367 2258 396 2317 in
421 2257 610 2319 incrementis
634 2257 770 2337 quidem,
801 2257 883 2320 sinus
907 2258 977 2336 FB,
1003 2257 1077 2334 CG,
1103 2259 1131 2320 in
1156 2259 1265 2320 effectu
1290 2278 1365 2322 vero
1388 2259 1449 2324 BG
1468 2261 1507 2321 rel

119 2338 123 2352 '
162 2347 239 2414 HC:
273 2347 352 2408 idem
384 2345 474 2408 etiarn
506 2347 634 2408 circulus
664 2347 890 2409 illuminationis
920 2348 1037 2428 utrique
1066 2367 1236 2411 mensuram
1259 2349 1394 2428 praebet
1416 2351 1508 2413 eodem

163 2438 271 2512 modo,
299 2454 367 2497 nam
390 2443 472 2497 totus
496 2435 624 2497 circulus
647 2437 732 2497 valet
752 2435 781 2496 in
807 2436 998 2499 incrementis
1021 2438 1118 2500 sinum
1141 2439 1212 2512 FB,
1243 2438 1273 2498 in
1299 2440 1413 2503 effectu
1435 2439 1508 2513 nihil,

163 2527 272 2609 quippe
295 2522 481 2606 principium,
506 2525 583 2586 sicut
600 2524 691 2586 etiarn
716 2525 745 2587 in
768 2534 850 2601 nutu,
874 2527 923 2589 ubi
947 2533 1029 2589 totus
1052 2536 1100 2588 ast
1122 2527 1251 2589 circulus
1275 2527 1508 2601 illuminationis,

164 2615 206 2678 ibi
230 2632 397 2694 apogaeum
421 2623 469 2674 εει
491 2614 631 2694 aequatio
652 2614 743 2688 nulla,
767 2614 951 2677 incrementa
966 2616 1103 2678 maxima.
1140 2618 1186 2679 Aa
1209 2616 1349 2681 vicissim
1372 2618 1448 2680 baec
1468 2626 1509 2678 eat

165 2703 342 2777 differentia,
369 2704 447 2783 quod
470 2704 500 2765 in
523 2711 596 2765 nutu
619 2703 810 2781 distantia)
834 2725 852 2765 a
875 2707 899 2780 ὃ
925 2712 1027 2784 partes
1050 2705 1141 2786 capit,
1166 2713 1199 2767 ut
1217 2706 1254 2767 de
1280 2705 1414 2788 integris
1435 2703 1507 2779 ³60:

164 2795 195 2857 in
214 2793 384 2861 ‚variatione
408 2811 478 2854 vero
502 2801 605 2872 partes
629 2793 719 2854 aliter
742 2793 809 2872 capi
832 2814 891 2855 non
915 2803 1050 2874 possent,
1075 2791 1162 2875 quam
1186 2795 1223 2855 de
1247 2791 1307 2857 11⁰
1322 2796 1442 2859 miuus:
1463 2805 1508 2858 aut

163 2884 190 2948 si
213 2882 340 2945 maxime
363 2900 417 2960 pro
441 2880 677 2944 accumulatione
702 2882 817 2947 sinuum
842 2879 884 2946 90
908 2903 1118 2963 usurparemus
1142 2882 1225 2946 sinus
1255 2892 1344 2948 totos
1368 2881 1429 2964 90,
1458 2903 1507 2948 rou

162 2973 251 3054 plane
275 2970 396 3050 duplum
418 2971 470 3032 liet
492 2970 542 3042 id,
572 2971 609 3031 de
639 2990 695 3051 quo
718 2980 821 3050 partes
849 2981 971 3052 caperet
998 2981 1097 3035 nutus.
1144 2972 1331 3044 Quaerenda
1355 2983 1407 3038 est
1426 2973 1507 3054 igitur

163 3081 263 3134 causa,
285 3079 337 3122 cur
352 3059 381 3120 in
402 3068 473 3121 nutu
489 3060 616 3122 circulus
635 3059 861 3122 illuminationis
878 3061 978 3124 valeat
993 3070 1087 3124 toturn
1107 3062 1170 3136 (vel
1184 3061 1345 3126 dimidium
1360 3064 1505 3134 fortasse),

165 3152 195 3215 iu
219 3149 386 3213 variatione
410 3149 513 3212 valeat
535 3149 632 3211 miuus
656 3168 744 3229 quarn
767 3146 837 3213 20⁰.

705 3342 753 3407 10.
778 3347 854 3426 Apr.
883 3341 976 3410 1620.

225 3546 232 3557 --
251 3506 340 3569 Anne
357 3484 485 3567 variatio
505 3502 694 3564 deducitura
718 3504 865 3583 quadrato
889 3502 983 3584 ipsius
1010 3500 1058 3579 19,
1083 3504 1162 3585 quod
1181 3511 1230 3566 εει
1254 3501 1347 3569 361?
1372 3510 1438 3590 quia
1459 3526 1508 3570 non

164 3596 277 3659 Terrae
301 3603 418 3656 tautum
441 3592 633 3667 illuminatio,
658 3593 711 3652 sed
735 3592 826 3654 etiam
849 3594 952 3676 Lunae
976 3593 1211 3670 consideranda,
1236 3597 1444 3678 agendumque
1464 3615 1510 3678 per

166 3683 281 3748 sinuum
304 3684 467 3765 quadrata,
501 3691 534 3743 ut
558 3682 653 3761 major
676 3683 728 3743 fiat
752 3692 849 3744 motus
873 3682 901 3744 in
926 3682 1057 3763 copulis,
1088 3683 1184 3744 minor
1207 3683 1329 3783 duratio
1354 3688 1509 3770 eclipsium,

168 3774 247 3856 quod
270 3773 426 3854 postulant
449 3771 685 3834 observationes.
1426 3828 1430 3835 ,

255 3861 421 3942 Computa:
447 3859 639 3922 Acceleratio
654 3859 830 3941 quadrantis
847 3867 895 3921 est
909 3855 947 3921 2⁰
960 3854 1014 3923 40⁴
1029 3856 1093 3924 59”
1118 3879 1171 3923 seu
1187 3857 1309 3937 9659‘2
1336 3864 1379 3926 sit
1400 3848 1511 3930 9600”.

165 3951 261 4033 Igitur
284 3952 432 4032 quadrata
456 3950 571 4012 sinuum
595 3944 637 4012 90
661 3949 763 4010 valant
786 3949 862 4011 hanc
885 3966 1039 4011 summam.
1088 3949 1164 4021 Quis
1196 3951 1317 4015 docebit
1346 3972 1402 4016 uos
1432 3954 1511 4016 colli-

166 4059 239 4121 gere
262 4041 401 4127 breviter·
416 4039 564 4120 quadrata
587 4037 728 4101 sinuum?
774 4037 963 4102 Extendatur
992 4039 1142 4121 quadrans
1173 4039 1205 4102 iu
1227 4049 1345 4104 rectum
1367 4061 1435 4106 cum
1456 4043 1512 4106 suis

167 4129 291 4197 sinibus.
326 4128 456 4191 Videtur
476 4129 683 4204 rectangulum
698 4128 850 4189 continere
867 4147 1010 4190 summam
1024 4129 1239 4210 quadratorum
1253 4129 1385 4194 sinuum.
1418 4132 1511 4197 Facile

166 4220 200 4282 fit
221 4218 393 4301 periculum.
430 4220 510 4297 Aug.
536 4213 597 4279 30⁰
620 4225 667 4278 est
696 4211 725 4300 Ἰ,
757 4217 792 4278 de
817 4214 886 4288 90⁰,
911 4217 975 4297 ejus
999 4219 1082 4280 siuns
1104 4226 1154 4283 ,εει
1185 4211 1216 4300 ¹l,
1244 4220 1281 4281 de
1305 4227 1386 4284 toto.
1424 4222 1511 4287 Atio

168 4308 342 4385 rectangulo
367 4308 450 4369 sinus
473 4326 544 4386 pars
569 4306 707 4368 abscissa
730 4307 788 4368 crit
815 4307 905 4368 etiam
937 4302 989 4389 7„
1020 4326 1085 4368 cum
1114 4315 1215 4370 tamen
1244 4309 1368 4390 quidem
1391 4313 1458 4393 ejus
1478 4313 1513 4375 ait

173 4392 219 4479 Ἰ..
255 4399 369 4460 Ρεεεει
392 4397 482 4475 igitur
496 4396 675 4476 triangulum
691 4416 827 4458 excessu.
866 4397 917 4458 Sic
941 4385 1064 4476 agemus
1087 4415 1141 4476 per
1163 4396 1373 4477 logarithmos.
1411 4401 1512 4483 Dupli-

168 4485 302 4549 cabimus
326 4486 524 4568 logarithmos
548 4485 677 4547 omnium
701 4486 883 4565 integrorum
914 4487 1058 4566 graduum
1087 4487 1280 4566 quadrantis,
1313 4509 1381 4553 cum
1406 4493 1443 4556 iis
1465 4512 1512 4553 ex·

168 4594 324 4655 cerpemus
347 4568 486 4638 ibimeros
510 4595 619 4657 eosque
643 4575 797 4649 addemus,
822 4575 906 4647 initio
931 4576 1011 4637 iacto
1035 4596 1055 4636 a
1077 4575 1217 4638 maximo.

256 4664 397 4727 Praecisc
422 4664 609 4746 assequimur
631 4684 784 4726 numerum
808 4661 851 4727 90
875 4675 906 4727 ει
932 4665 1027 4744 prima
1055 4666 1201 4728 summula
1229 4677 1278 4730 est
1301 4669 1427 4733 ultimae
1449 4689 1513 4750 para

169 4748 243 4819 45².
282 4751 316 4816 Si
331 4754 510 4816 acceleratio
526 4747 667 4829 200000,
691 4764 803 4835 quanta
827 4755 928 4817 estin
954 4750 998 4829 1⁰,
1023 4765 1189 4818 sumeretur
1204 4759 1366 4838 nonagies,
1390 4760 1514 4841 prodiret

172 4838 356 4929 10000000,
381 4842 501 4929 duplum
525 4860 657 4908 summae
681 4862 719 4909 ex
737 4839 781 4908 90
803 4843 1010 4943 inaequalibus
1034 4844 1190 4924 collectae,
1213 4847 1286 4935 quia
1308 4868 1430 4935 sempor
1451 4850 1513 4935 duc,
