3354 5504
160 317 224 390 ggg
553 302 556 310 '
638 316 678 367 ua
695 311 802 367 nonna
821 315 914 369 suna
931 317 1018 417 uns·

160 507 247 586 petat
268 499 385 574 Solem;
407 497 573 560 retineatur
595 502 693 559 autem
717 503 823 560 contra
844 516 929 559 suam
958 495 1156 599 magneticum
1179 504 1318 561 naturam
1336 497 1420 564 Solis
1443 517 1499 581 ap-

159 597 313 675 petentem
344 588 374 649 in
405 588 566 649 tralatione
598 586 681 665 globi
712 594 855 667 perpetuo
888 586 985 648 sibi
978 586 1034 667 rpsi
1056 574 1237 666 paralleloi:
1270 588 1329 651 nisi
1352 595 1500 669 quatenus

160 699 302 743 successu
330 677 495 740 seculomm
527 676 565 737 ab
597 675 665 737 aliis
701 676 740 736 ad
775 675 851 739 alias
896 675 971 736 lixas
1006 682 1109 738 nutum
1150 696 1234 739 suum
1278 678 1427 740 transfert
1470 685 1502 740 et

160 768 271 851 aphelii
292 785 483 848 progressum
506 765 562 826 boc
584 765 672 827 modo
693 773 848 827 causatur:
874 784 996 846 quornm
1014 767 1169 846 utrumque
1184 765 1376 829 nihilominus
1389 766 1502 830 mentis

161 879 236 940 opus
266 876 333 918 esse
356 873 444 935 posse
469 855 583 929 fateor,
612 861 647 916 ut
674 872 748 934 quae
772 854 911 916 adhunc
933 862 1046 917 motum
1076 852 1113 915 ab
1137 854 1259 917 animali
1283 856 1430 919 facultate
1452 862 1502 920 snt

162 958 210 1010 est
234 946 397 1020 instructa,
430 963 496 1006 cum
525 944 566 1004 sit
593 950 691 1004 motus
720 963 779 1004 uon
812 944 906 1005 totius
936 943 1069 1024 corporis
1101 944 1138 1005 de
1166 944 1232 1006 loco
1262 944 1413 1008 inlocum
1437 944 1502 1027 (qni

162 1043 262 1099 motus
291 1053 380 1116 supra
411 1053 477 1114 cap.
507 1031 662 1096 XXXIX.
696 1052 804 1095 causae
832 1033 949 1095 motrici
970 1031 1101 1115 planetis
1123 1032 1234 1095 insitae
1256 1041 1338 1096 recte
1362 1034 1502 1098 ademtus

161 1126 250 1200 fuit),
279 1124 334 1185 sed
360 1123 489 1204 partium
512 1123 593 1183 circa
615 1127 749 1184 centmm
771 1121 866 1184 totius
889 1123 976 1203 qnasi
999 1122 1190 1204 quiescentis.
1236 1122 1315 1185 Ecce
1338 1124 1449 1187 iterum
1470 1122 1502 1186 in

163 1214 253 1296 globo
275 1213 422 1274 Telluris.
437 1210 611 1273 directionis
637 1211 807 1292 hujusmodi
836 1211 902 1273 axis
935 1212 1102 1292 exemplum
1134 1231 1171 1272 ex
1201 1209 1376 1294 Gopemico.
1423 1213 1502 1275 Nam

163 1305 232 1367 dum
255 1302 321 1364 axis
344 1301 475 1364 Telluris
498 1319 594 1363 annuo
618 1301 712 1362 centri
735 1301 913 1363 circumactu
938 1301 996 1362 sibi
1015 1300 1074 1382 ipsi
1091 1301 1211 1381 suisque
1240 1300 1350 1364 sitibus
1366 1302 1501 1365 omuibus

162 1397 264 1456 manet
289 1391 502 1474 propemodum
531 1388 753 1470 aequidistans,
781 1398 883 1452 aestas
911 1397 942 1451 et
970 1390 1066 1452 hiems
1090 1390 1231 1452 efficitur:
1260 1398 1408 1472 quatenus
1430 1409 1501 1452 vero

162 1481 338 1561 longissima
360 1479 462 1543 secula
485 1479 568 1541 illum
591 1477 743 1554 inclinant,
768 1479 845 1540 fixae
862 1479 1002 1559 progredi
1021 1487 1172 1560 putantur,
1195 1480 1385 1560 aequinoctia
1401 1487 1501 1543 retro-

47 1601 50 1606 ·
163 1573 280 1635 cedere.

250 1658 331 1730 Quid
360 1656 452 1738 igitur
474 1650 661 1735 dubitamus,
687 1658 851 1723 attribuere
874 1656 1004 1739 planetis
1028 1658 1163 1720 omnibus
1186 1657 1224 1719 ad
1248 1657 1426 1720 salvandam
1450 1677 1500 1720 ec-

163 1748 361 1814 centricitatis
388 1746 595 1829 phantasiam,
628 1749 706 1831 quod
737 1747 787 1811 uui
814 1747 933 1809 illomm
957 1746 1085 1820 (Telluri
1112 1729 1242 1821 scilicet)
1273 1766 1310 1809 ex
1339 1745 1501 1827 phantasia

162 1837 383 1923 praecessionis
413 1835 667 1915 aequinoctiorum
696 1837 837 1918 Solisque
865 1836 1014 1915 surgentis
1038 1835 1227 1899 etcadeutis
1250 1856 1348 1898 ιιιιιιιο
1372 1836 1500 1898 circum-

165 1936 233 1992 actu
256 1926 496 1989 animadversum
518 1933 567 1988 est
588 1926 711 1991 inesse?
734 1925 794 1989 Ubi
817 1925 1062 2007 quemadmodum
1080 1926 1222 2007 deceptus
1238 1932 1286 1987 est
1304 1924 1499 2007 Copemicus,

165 2017 350 2090 existimans,
374 2013 518 2094 peculiari
539 2015 683 2096 principio
708 2037 782 2099 opus
805 2034 884 2089 esse,
907 2014 984 2096 quod
1007 2016 1132 2077 Terram
1158 2014 1310 2077 annuatim
1333 2034 1352 2076 a
1376 2021 1500 2095 septen-

166 2108 262 2170 trione
286 2105 317 2166 in
339 2110 473 2166 austrum
496 2110 527 2165 et
548 2105 681 2169 vicissim
705 2106 804 2180 libret,
828 2103 872 2166 sic
889 2113 921 2165 ut
935 2111 1038 2166 aestas
1056 2112 1087 2165 et
1102 2104 1197 2166 hiems
1218 2103 1348 2179 eveniat,
1372 2112 1405 2166 ct
1418 2105 1500 2185 cujus

164 2196 318 2259 molitione
341 2191 538 2255 circumitioui
561 2202 800 2257 commensurata
821 2193 949 2255 resultet
976 2193 1144 2275 aequalitas
1166 2192 1282 2255 reditus
1305 2193 1376 2256 anui
1394 2192 1500 2275 tropici

164 2295 196 2349 et
214 2283 316 2347 siderii
339 2284 499 2363 (quatenus
514 2283 577 2345 fere
593 2286 734 2366 aequales
753 2285 855 2358 sunt);
880 2302 944 2344 cum
960 2288 1061 2344 tamen
1076 2283 1164 2345 unica
1174 2282 1324 2345 constanti
1335 2282 1500 2346 directione

83 2445 85 2449 ,
166 2375 232 2437 axis
255 2371 400 2447 Telluris,
424 2390 513 2452 super
536 2393 592 2454 quo
615 2374 649 2435 fit
671 2373 793 2436 diurnus
816 2380 932 2447 motus,
958 2371 1014 2433 illa
1036 2372 1135 2434 omnia
1157 2371 1348 2434 obtineantur
1371 2371 1500 2453 nihilque

164 2461 316 2527 extraneis
339 2459 439 2522 causis
462 2480 536 2541 opus
560 2463 614 2538 sit,
637 2463 695 2525 nisi
719 2463 757 2524 ad
779 2461 896 2523 unicam
918 2461 1122 2524 tardissimam
1140 2460 1382 2541 praecessionem
1398 2460 1500 2543 aequi-

168 2551 352 2616 noctiorum:
390 2549 434 2610 ita
462 2549 511 2612 hic
534 2571 648 2652 quoque
671 2553 753 2615 nullo
776 2550 901 2613 consilio
931 2569 1005 2632 opus
1029 2551 1086 2612 crit
1108 2549 1271 2613 motoribus
1293 2549 1448 2631 planetae,
1469 2557 1502 2612 ut

168 2643 232 2724 ejus
259 2658 366 2720 corpus
399 2638 485 2700 simul
517 2640 597 2703 circa
620 2639 722 2703 Solem
753 2641 880 2702 vehatur
906 2659 1030 2703 maneus
1052 2639 1083 2701 in
1106 2641 1166 2702 situ
1183 2638 1333 2720 parallelo
1357 2640 1501 2722 simulque

167 2729 356 2795 librationem
379 2727 529 2790 absolvat.
566 2729 705 2793 Alterum
728 2730 805 2791 euim
820 2729 857 2791 ab
872 2730 967 2791 altero
983 2730 1160 2792 naturaliter
1175 2727 1326 2810 pendebit.
1355 2729 1500 2792 Tantum·

166 2820 254 2885 modo
282 2817 318 2879 de
341 2835 503 2899 progressu
526 2818 710 2899 apheliorum
731 2814 903 2880 tardissimo
927 2818 1118 2898 cogitandum
1140 2825 1246 2881 restat.

253 2906 375 2971 Etenim
405 2905 520 2985 lingula
548 2907 578 2968 in
603 2906 628 2970 C
652 2915 793 2971 versante
823 2916 854 2969 et
876 2907 906 2969 iu
929 2909 970 2984 F,
1003 2907 1086 2969 nulla
1108 2927 1200 2970 causa
1222 2913 1284 2982 est,
1307 2924 1360 2967 cnr
1381 2905 1502 2986 planeta

167 2999 293 3064 accedat
314 2994 363 3057 vel
386 2995 517 3071 recedat,
542 3015 608 3059 oum
631 2997 733 3079 capita
749 2996 814 3060 Soli
837 2996 959 3078 objiciat
981 2996 1153 3077 aequalibus
1172 2994 1350 3070 intervallis,
1375 3013 1501 3057 couver-

166 3108 254 3152 surns
277 3086 378 3167 utique
402 3102 571 3147 mucronem
594 3087 632 3149 ad
655 3085 766 3160 Solem,
791 3086 817 3147 si
840 3085 987 3148 sineretur
1002 3085 1040 3149 ab
1057 3085 1164 3160 illari,
1189 3104 1264 3166 quae
1279 3084 1345 3164 ejus
1360 3082 1502 3146 directum

168 3186 199 3241 et
220 3174 397 3258 parallelum
419 3181 504 3235 tenet
525 3195 621 3237 axem
667 3176 795 3237 Plaueta
817 3195 836 3236 a
857 3183 967 3255 puncto
989 3173 1015 3239 G
1038 3175 1175 3251 abeunte,
1199 3174 1310 3236 sensim
1326 3172 1501 3254 cuspisSoli

169 3263 397 3348 appropinquat,
420 3263 516 3324 cauda
538 3264 619 3340 abit;
644 3264 755 3327 sensim
778 3263 869 3344 igitur
892 3264 995 3346 incipit
1017 3264 1124 3344 globus
1138 3264 1177 3326 ad
1188 3263 1291 3328 Solem
1309 3262 1500 3343 adnavigare.

168 3357 245 3420 Post
271 3356 296 3415 T
318 3352 430 3415 sensim
459 3353 555 3414 cauda
581 3353 814 3435 appropinquat,
851 3362 941 3436 caput
964 3353 1027 3415 abit
1050 3374 1069 3415 a
1091 3353 1172 3416 Sole.
1217 3352 1337 3416 Sensim
1361 3350 1454 3430 igitur
1474 3359 1503 3414 et

167 3453 249 3508 totus
263 3442 369 3544 glqbus
383 3441 514 3503 naturali
530 3442 597 3504 odio
612 3443 689 3523 fugit
703 3464 721 3504 a
734 3442 816 3506 Sole
853 3442 1014 3523 Bregioue
1029 3449 1128 3506 autem
1148 3441 1242 3523 ipsius
1255 3440 1296 3518 A,
1320 3460 1386 3504 cum
1400 3440 1498 3522 longi·

167 3535 238 3597 tudo
262 3530 328 3593 axis
351 3529 494 3592 directe'
486 3550 516 3592 m
532 3530 634 3594 Solem
657 3532 826 3613 porrigitur,
850 3531 912 3594 illio
932 3551 1082 3606 accessus,
1105 3531 1154 3594 hic
1177 3531 1249 3612 fuga
1266 3539 1314 3593 est
1327 3530 1500 3593 fortissima

169 3624 206 3687 ld
233 3640 304 3683 vcro
332 3638 423 3701 supra
452 3621 649 3699 postulabant
679 3641 734 3683 uos
736 3629 784 3684 tra
814 3620 1043 3715 praepupposita
1073 3640 1112 3683 ex
1136 3619 1394 3683 observationibus
1420 3619 1500 3683 deri-

107 3730 111 3737 ·
167 3719 254 3785 vata,
286 3708 337 3771 ubi
365 3727 403 3770 ex
433 3730 484 3789 ys,
517 3734 573 3786 κμ,
596 3706 643 3787 μζ
670 3710 802 3789 partibus
827 3700 1002 3787 551550ιί8,
1027 3729 1102 3792 quae
1124 3710 1306 3793 respondent
1329 3709 1502 3791 aequalibus

71 3852 74 3863 .
170 3800 297 3864 arcubus
321 3796 460 3871 eccentri,
484 3799 600 3862 mediae
623 3807 725 3879 partes
748 3823 773 3873 κ,
796 3823 818 3875 μ
841 3806 928 3862 erant
948 3798 1157 3880 longissimae,
1181 3799 1276 3862 exiles
1303 3817 1456 3880 versus7‚
1479 3793 1501 3872 ζ.

172 3890 233 3955 Sed
256 3894 287 3951 et
309 3886 381 3949 illud
409 3889 575 3965 consentit,
608 3889 685 3971 quod
717 3888 942 3952 observationes
970 3888 1076 3952 volunt
1103 3911 1148 3968 ys,
1175 3884 1222 3965 μζ
1247 3887 1407 3970 aequales,
1440 3906 1503 3950 cum

132 4008 138 4020 ·
171 3987 272 4042 tamen
304 3995 390 4038 arcus
422 3977 554 4056 ipsorum
576 3983 624 4058 γι,
647 3973 691 4053 ιζ,
719 3978 769 4040 vel
797 3978 897 4060 potius
924 3978 953 4040 iu
985 3978 1151 4040 eccentrioo
1175 3975 1245 4051 OD,
1276 3976 1331 4040 ET
1362 3978 1503 4060 aequales

170 4064 375 4148 inaequalibus
407 4067 598 4130 conficiantur
627 4068 809 4150 temporibus
836 4072 867 4129 et
890 4066 944 4131 CD
971 4067 1117 4147 longiori3
1150 4067 1192 4129 sic
1216 4074 1250 4128 ut
1271 4088 1306 4147 ys
1337 4065 1503 4130 librationis

170 4177 242 4240 pars
264 4155 379 4218 tardius
406 4154 582 4219 absolvatur
609 4175 697 4238 quam
718 4153 765 4234 μζ
787 4155 846 4237 ipsi
874 4156 1018 4237 aequalis.
1062 4156 1142 4219 Nam
1169 4156 1213 4218 sic
1236 4163 1269 4235 et
1288 4163 1446 4236 magnetes
1469 4173 1504 4218 sx

169 4243 330 4310 intervallo
352 4243 459 4324 majori
477 4244 586 4308 lentius
600 4247 638 4307 ad
657 4265 690 4308 se
704 4253 805 4308 mutuo
829 4246 984 4320 accedunt,
1008 4245 1134 4308 celerius
1153 4253 1184 4307 et
1198 4240 1319 4308 cittitius
1333 4244 1501 4310 abreviari.

192 4395 197 4404 ,
257 4335 321 4397 Imo
344 4352 414 4395 vero
438 4332 535 4414 ipsam
558 4334 649 4397 etiam
671 4335 740 4410 vim,
764 4353 838 4417 quae
861 4334 971 4411 retinet
993 4353 1079 4397 axem
1101 4334 1300 4415 magneticum
1323 4334 1431 4398 insitu
1448 4353 1502 4417 pa-

169 4423 286 4497 rallelo,
309 4422 457 4502 derogans
480 4423 636 4487 directioni
659 4425 725 4486 axis
748 4423 779 4486 iu
801 4423 912 4499 Solem,
937 4425 975 4486 ab
999 4425 1192 4505 occupatione
1210 4423 1330 4498 mentis,
1353 4425 1403 4487 cui
1424 4424 1502 4488 illam

169 4514 258 4598 paulo
283 4519 352 4574 aute
375 4513 614 4592 permiseramus,
638 4514 676 4574 ad
699 4521 823 4576 naturae
845 4513 946 4576 munia
968 4514 1122 4576 traducere
1145 4531 1314 4592 possumus.
1352 4514 1434 4584 Nam
1448 4514 1503 4576 etsi

171 4606 291 4667 obstare
314 4601 446 4677 videtur,
474 4602 553 4683 quod
575 4610 683 4664 natura
704 4622 762 4665 uno
785 4611 817 4664 et
839 4603 944 4665 eodem
965 4604 1053 4665 modo
1076 4610 1164 4683 agat,
1193 4603 1268 4664 haec
1290 4621 1363 4666 vero
1386 4603 1434 4666 vis
1455 4621 1501 4668 re-

170 4691 283 4756 teutrix
309 4690 445 4752 videatur
472 4689 540 4753 aliis
567 4691 751 4772 temporibus
774 4692 862 4754 aliter
884 4692 1076 4768 contendere,
1108 4698 1211 4772 utpote
1240 4700 1353 4756 auuutu
1376 4693 1444 4757 axis
1465 4693 1501 4755 ad
1546 4771 1547 4780 ἵ

173 4782 285 4856 Solem,
308 4780 356 4842 cui
377 4779 564 4860 impediendo
587 4788 760 4861 comparata
781 4787 837 4856 est,
861 4781 891 4843 iu
914 4780 1146 4862 longitudinibus
1169 4782 1275 4845 mediis
1296 4790 1499 4857 evanescente,

171 4870 202 4937 iu
229 4869 347 4955 aphelio
376 4886 447 4937 vero
475 4875 507 4932 et
532 4868 675 4949 peribolio
698 4869 862 4936 foansmo
884 4871 1047 4936 existente:
1076 4876 1110 4936 at
1131 4871 1202 4956 quid
1223 4877 1323 4953 vetat,
1344 4873 1408 4940 vim
1427 4873 1500 4940 banc
