3354 5504
755 294 897 359 usum
1007 381 1085 399 ι,
1233 299 1237 307 “
1432 285 1500 375 dii
1582 298 1585 305 '

242 477 327 540 Haec
350 475 456 540 ultima
478 498 545 541 mea
575 481 745 543 emendatio
769 485 837 562 (pro
860 498 937 545 nuuc
970 483 1103 563 quidem)
1133 507 1191 549 nou
1224 485 1323 568 potuit
1353 485 1500 548 hacteuus

152 565 227 640 fleri,
251 568 423 648 priusquam
447 567 588 630 haberem
610 584 738 651 quatuor
768 571 923 651 eclipsium
957 573 1184 638 observationes
1207 594 1266 637 uno
1290 576 1355 637 loco
1378 575 1500 637 habitas
1554 640 1557 646 ,

152 664 186 717 et
208 656 470 718 observationibus
493 657 618 721 aliorum
642 659 781 732 locorum,
806 660 923 721 scilicet
941 660 1095 743 Tubingae
1110 673 1142 726 et
1155 665 1272 728 Romae
1298 665 1498 727 ooulirmatas.

151 744 212 823 His
233 745 440 825 parallaxibus
477 748 621 809 assumtis
644 759 675 809 et
698 748 818 810 horario
850 749 957 822 (etiam
986 752 1134 831 apriori)
1166 752 1298 817 nonnihil
1331 753 1499 828 emendato,

151 843 273 896 retento
296 852 367 894 vero
390 835 501 925 angulo
524 836 691 898 latitudinis
722 838 854 918 copulari
878 847 909 900 et
933 840 998 901 loco
1022 841 1108 918 nodi,
1131 851 1165 905 ut
1189 844 1216 904 in
1239 841 1501 923 Ephemeridibus,

153 922 380 985 eccentricitate
411 942 482 985 vero
514 925 618 987 Lunae
651 927 723 988 reali
754 927 880 1007 simplici
914 938 945 989 et
977 891 1123 994 diametio
1155 931 1222 1004 J>
1214 951 1245 993 ιι
1276 949 1412 1012 apogaeo
1436 927 1500 1006 30‘,
1591 958 1593 963 ³

153 1013 383 1074 observationes
407 1032 498 1092 supra
521 1025 593 1076 vota
615 1025 702 1077 tueor
731 1017 829 1097 quoad
856 1017 969 1097 digitos
988 1028 1020 1081 et
1034 1020 1231 1085 durationem.
1271 1021 1304 1081 ln
1329 1038 1500 1083 accommo-

152 1101 276 1163 datione
299 1102 442 1180 temporis
466 1103 562 1165 adhuc
586 1104 703 1165 haereo.

244 1190 334 1251 Mitto
358 1191 467 1268 salutis
491 1184 773 1255 loco'Theoriam
797 1193 919 1256 Lunae
944 1206 1127 1260 renovatam.
1166 1198 1195 1260 A
1220 1205 1355 1260 centrum
1377 1196 1499 1270 Terrae,

151 1280 180 1342 B
204 1293 339 1342 centrum
364 1281 523 1343 eccentrici
545 1282 648 1344 Lunae
672 1283 737 1364 (qui
761 1292 863 1345 tamen
885 1283 999 1345 intelli-

152 1376 245 1448 gatur
277 1368 445 1448 ellipticus,
481 1364 514 1432 u't
541 1380 611 1433 suut
643 1372 802 1434 eccentrici
835 1380 1000 1434 ceteromm
1191 1357 1245 1424 rig.
1265 1354 1307 1408 ¹⁶·

151 1457 372 1539 planetarum),
390 1457 447 1520 DE
461 1458 541 1521 linea
564 1460 711 1541 apsidum,
734 1462 760 1522 F
761 1459 791 1523 G
806 1462 885 1523 linea
907 1480 1002 1541 copu-

152 1546 262 1620 larum,
284 1545 489 1618 BLMNOPQ
508 1549 645 1611 circellus
668 1559 806 1630 respectu
829 1550 1002 1631 copularum
1112 1573 1129 1607 ι

151 1654 272 1697 annuus
301 1635 331 1697 iu
358 1638 587 1713 antecedentia,
618 1640 671 1701 sed
704 1644 843 1720 respectu
875 1641 1000 1701 lixarum

151 1725 332 1787 novennalis
364 1726 425 1787 fere
455 1727 484 1789 iu
518 1729 732 1808 consequentia
740 1748 748 1802 ;
783 1728 880 1790 lineae
911 1730 1001 1791 exA
1264 1756 1268 1797 ι

151 1813 185 1876 ιι
208 1815 247 1888 D,
271 1814 306 1888 F,
330 1814 369 1888 Η,
392 1815 429 1886 Ε,
448 1816 471 1890 l,
492 1815 532 1891 G,
551 1819 581 1878 K
604 1817 703 1879 lineae
726 1826 795 1879 suot
819 1816 879 1878 veri
904 1825 1002 1880 motus
1049 1845 1065 1882 ιι
1115 1876 1117 1879 .
1240 1836 1250 1861 ‘³

152 1902 270 1964 Lunae.
309 1904 459 1965 Ponamus
482 1908 656 1967 ceutmmB
681 1906 710 1967 in
729 1926 786 1968 ono
810 1926 911 1967 meuse
936 1926 1002 1968 esse
1239 1926 1264 1946 ··

151 1992 315 2064 immobile,
340 1993 400 2054 etsi
414 1993 444 2053 id
460 2004 597 2077 movetur
611 2015 715 2056 versus
730 1992 760 2065 Q
780 1997 807 2057 iu
822 2015 881 2057 uno
900 2014 1002 2057 mense

151 2100 211 2165 per
231 2100 319 2143 unum
342 2081 459 2161 siguum
480 2084 552 2145 lore.
591 2085 691 2146 Docta
713 2083 804 2164 igitur
828 2085 906 2145 exB
929 2104 1001 2165 per-

151 2169 341 2253 pendiculari
369 2169 398 2230 in
422 2170 478 2233 FG
506 2172 616 2235 lineam
645 2174 832 2253 copularum,
862 2192 938 2254 quae
962 2174 1004 2236 sit
1129 2182 1150 2219 N

150 2254 227 2332 BC,
259 2259 316 2320 erit
338 2256 364 2322 C
388 2268 529 2338 punctum
559 2262 747 2341 aequationis
778 2271 947 2324 menstruae
971 2272 1003 2325 et

151 2348 181 2413 1⁸¹
201 2346 296 2415 veluti
320 2367 486 2430 apogaeum
509 2351 668 2433 quoddam,
692 2350 813 2432 quia'D
835 2370 1001 2433 apogaeum

153 2444 215 2501 ast'
235 2414 454 2519 ipsiiusinius
486 2459 574 2520 quam
605 2441 632 2503 E
664 2439 846 2522 perigaeum.
902 2441 944 2502 Ει
973 2441 1002 2503 ιι
1026 2439 1112 2502 FHG
1140 2439 1336 2520 aequatioues
1360 2442 1501 2505 subtrac-

151 2524 262 2600 toriae,
288 2525 318 2588 iu
342 2525 428 2589 GKF
451 2529 650 2610 adjectoriae.
696 2529 783 2591 Luna
812 2529 903 2608 igitur
934 2530 964 2591 iu
991 2529 1044 2591 tali
1077 2547 1178 2591 meuse
1202 2529 1231 2591 iu
1254 2528 1283 2590 D
1306 2530 1355 2591 vel
1378 2531 1404 2592 Ε
1427 2550 1498 2594 ver-

153 2624 244 2681 saum
267 2634 338 2677 vero
363 2626 454 2690 motu,
488 2619 571 2680 nulla
594 2627 643 2681 est
665 2619 803 2700 aequatio
837 2618 954 2681 solutae
983 2616 1217 2699 inaequalitatis.
1263 2619 1309 2680 At
1331 2627 1379 2681 est
1402 2620 1502 2703 aliqua

152 2704 297 2791 aequatio
319 2714 491 2768 menstruae
514 2707 759 2788 inaequalitatis,
793 2707 876 2787 cujus
899 2707 1100 2790 quantitatem
1127 2706 1241 2769 indicat
1263 2726 1336 2769 area
1358 2708 1502 2790 trianguli
1634 2718 1639 2727 '

152 2792 255 2869 GDA,
279 2793 380 2869 OEA,
410 2814 485 2874 quae
519 2796 548 2858 in
579 2797 691 2876 gradus
723 2797 890 2860 anomaliae
919 2796 1035 2859 mediae
1065 2815 1118 2857 seu
1147 2795 1346 2875 temporariae
1377 2798 1502 2860 redacta

152 2882 299 2965 adjicitur
321 2885 359 2946 ad
388 2887 527 2965 angulum
551 2885 636 2948 l⁴AD
660 2886 707 2947 vel
730 2884 832 2961 FAE3
861 2886 904 2947 ita
927 2886 1105 2948 conciliatur
1131 2884 1240 2985 angulo
1268 2884 1393 2947 visionis
1416 2887 1502 2950 FAD

153 2973 207 3037 val
228 2973 312 3035 ΓΑΕ
335 2993 419 3035 suum
446 2975 562 3054 justum
587 2981 704 3054 tempus
735 2934 984 3036 denominationis
1016 2973 1245 3036 astronomicae.
1292 2972 1437 3037 Vicissim
1460 2975 1501 3038 sit

153 3064 283 3146 plmeta
304 3082 375 3125 vero
398 3074 481 3125 motu
505 3064 568 3137 (rel
590 3082 684 3144 prope
707 3080 792 3137 vero,
822 3056 1050 3126 de'variatioue
1064 3063 1156 3124 ¹enim
1183 3062 1299 3124 dicetur
1326 3062 1446 3138 ultimo)
1470 3064 1500 3126 ιι

148 3152 181 3216 F
203 3150 254 3213 vel
279 3149 309 3214 G
331 3150 397 3215 Soli
429 3153 585 3234 oppositus
617 3154 666 3215 vel
698 3152 883 3233 conjunctus.
929 3153 986 3214 Hic
1019 3152 1088 3235 quia
1119 3152 1217 3214 lineae
1239 3152 1305 3227 AF,
1329 3150 1396 3225 CF,
1428 3153 1500 3215 item

153 3238 230 3315 AG,
254 3238 311 3305 cG
340 3242 524 3315 coincidunt,
554 3249 708 3304 meustma
738 3244 879 3324 aequatio
903 3250 952 3304 est
974 3242 1069 3315 uulla,
1095 3248 1143 3303 est
1164 3259 1236 3302 vero
1254 3240 1360 3322 'aliqua
1382 3242 1500 3305 solutae

153 3328 393 3412 Ιιιιιιιιιιιιιιιι,
416 3340 559 3393 constans
583 3330 698 3393 duabus
719 3328 867 3412 partibus,
892 3332 979 3411 plane
1004 3339 1037 3393 ut
1059 3329 1088 3391 iu
1112 3330 1242 3412 planetis
1266 3329 1383 3393 ceteris.
1424 3330 1500 3394 Pars

152 3419 237 3484 enim
260 3420 449 3502 aequatiouis
472 3420 573 3501 optica
595 3428 644 3481 est
667 3420 748 3482 BFA
772 3420 819 3481 vel
843 3418 933 3482 BGA
956 3421 1092 3500 angulus,
1108 3438 1187 3501 ‚pars
1210 3418 1336 3501 physica
1357 3430 1406 3481 est
1428 3438 1500 3482 area

151 3508 241 3575 ΒΓΔ
263 3509 312 3570 vel
335 3506 423 3571 BGA
452 3509 483 3572 in
505 3509 617 3589 gradus
647 3509 814 3570 anomaliae
844 3510 961 3572 mediae
988 3527 1153 3572 conversa:
1181 3516 1215 3570 ut
1245 3508 1289 3571 sio
1312 3508 1399 3571 Luna
1422 3507 1501 3571 qu

152 3597 261 3683 posita
282 3606 435 3678 competat
456 3599 566 3679 angulo
590 3598 675 3660 FAD
700 3605 818 3679 tempus
850 3618 903 3661 seu
933 3598 1084 3661 anomalia
1112 3597 1224 3670 media,
1253 3604 1395 3678 quautam
1418 3597 1501 3659 valet

154 3704 241 3751 area·
258 3687 354 3750 AFD.
409 3688 493 3750 Haec
525 3686 604 3749 enim
636 3686 714 3748 ratio
746 3686 957 3768 aequationum
994 3687 1111 3750 ducitur
1140 3706 1177 3748 ex
1208 3684 1369 3766 ipsissimis
1398 3687 1500 3750 causis
1563 3749 1567 3759 ,

153 3782 292 3849 ιιιύιιιιι
318 3776 506 3839 naturalibus
533 3796 588 3858 per
614 3776 888 3838 demonstrationes
920 3775 1105 3839 durissimas
1134 3784 1165 3837 et
1192 3774 1414 3852 ineluctabiles,
1443 3794 1499 3839 nec

150 3872 207 3937 est
228 3864 396 3933 arbitraria,
420 3883 475 3928 nec
496 3873 600 3946 potest
621 3865 684 3927 ulla
706 3864 939 3946 aequipollentia
960 3866 1050 3945 plane
1073 3863 1149 3932 tolli,
1172 3882 1227 3927 nee
1250 3863 1331 3926 cedit
1352 3865 1500 3927 facilitate

154 3953 351 4038 computandi
374 3955 532 4037 cuiquam.
567 3955 601 4017 ld
623 3953 678 4016 tibi
702 3953 791 4016 facile
823 3954 881 4016 erit
912 3955 1087 4036 explorare,
1119 3952 1146 4014 si
1169 3952 1227 4034 ipsi
1250 3953 1307 4016 AB
1330 3954 1500 4017 constituas

215 4044 315 4107 ualem
331 4042 397 4118 BR,
421 4051 455 4106 ιιι
470 4043 554 4106 sitR
573 4051 706 4106 centrum
729 4043 897 4126 aequantia,
920 4042 1047 4120 angulus
1070 4041 1189 4124 quidem
1203 4041 1289 4104 ΕΗΒ
1303 4061 1361 4104 non
1375 4042 1500 4105 multum

151 4064 264 4201 aare
264 4140 320 4196 ta
337 4133 440 4195 valore
462 4152 551 4195 areae
567 4133 664 4208 BHA,
688 4132 822 4213 atlonge
845 4131 998 4195 difficilius
1020 4131 1248 4236 computabitur,
1273 4150 1328 4194 nec
1350 4131 1499 4194 ullatenus

154 4220 296 4288 intendet
317 4221 475 4303 digitum
466 4241 496 4284 ιι
519 4241 628 4285 causas
650 4221 807 4303 physicas,
839 4221 939 4284 demto
962 4221 1018 4284 hoc
1043 4221 1140 4295 unico,
1164 4220 1242 4301 quod
1265 4220 1361 4301 primo
1382 4238 1498 4301 ponen-

155 4314 216 4377 dus
237 4320 288 4376 est
318 4331 408 4375 arcus
440 4311 598 4375 eccentrici
620 4310 690 4384 DF,
725 4309 832 4371 deinde
863 4330 900 4372 ex
923 4331 982 4372 una
1009 4317 1097 4392 parte
1128 4310 1342 4390 computandus
1371 4309 1500 4391 angulus

154 4400 245 4469 DAF
267 4398 472 4482 apparentiae,
496 4419 533 4462 ex
555 4401 652 4462 altera
674 4407 760 4479 parte
784 4419 856 4462 area
877 4400 961 4463 FDA
985 4396 1152 4461 anomaliae
1176 4397 1241 4478 ejus
1262 4398 1388 4473 mediae,
1411 4397 1500 4461 unica

153 4490 407 4574 auldplisatione
430 4489 543 4551 valoris
566 4487 688 4553 maximi
710 4487 850 4567 trianguli
873 4488 903 4550 iu
923 4488 1019 4551 sinum
1042 4505 1129 4550 arcus
1142 4486 1215 4548 FD:
1238 4493 1273 4550 ut
1286 4487 1330 4549 ita
1351 4486 1524 4570 anomalia·-

154 4580 260 4645 'nedia
280 4579 372 4649 ΓΒΔ·-
389 4580 472 4653 data,
495 4597 553 4640 nou
577 4578 618 4641 sit
641 4576 771 4639 directus
793 4595 952 4657 processus
975 4578 1014 4639 ad
1036 4582 1233 4657 coaequatam
1255 4575 1348 4640 FAD.

247 4666 319 4733 Jam
341 4688 413 4731 vero
436 4667 693 4750 operaepretium
716 4673 764 4727 est
789 4665 891 4727 videre
919 4666 1113 4748 aequationes
1145 4664 1277 4738 mixtas,
1308 4671 1342 4727 ut
1363 4664 1390 4726 ai
1412 4664 1500 4727 Luna

148 4758 202 4825 “sit
222 4760 255 4823 in
277 4758 318 4835 H,
341 4758 357 4821 1
380 4758 429 4820 uel
451 4758 489 4820 K.
533 4754 591 4819 llic
614 4774 669 4838 ego
691 4755 722 4817 in
744 4753 943 4835 Ephemeride
966 4763 999 4817 et
1013 4755 1159 4818 hactems
1181 4752 1327 4835 duplicem
1349 4753 1499 4816 mcentri·

157 4848 286 4915 citatem
308 4846 448 4915 adhibui:
471 4845 526 4911 ssd
548 4844 729 4928 deprehendi
752 4842 881 4925 eclipses
909 4844 992 4909 illam
1013 4862 1074 4911 non
1096 4843 1184 4908 ferre.
1229 4841 1309 4907 Nam
1331 4841 1361 4906 iu
1383 4842 1500 4924 copulis
