3354 5504
45 315 55 337 ⁶
166 305 209 376 54
582 304 683 360 Uberae
701 304 802 375 Kopieri
821 305 972 376 aliorumque
988 315 1089 361 mattae

30 534 35 543 -
169 490 288 570 duplex.
328 486 405 551 Cum
429 509 457 551 u.
477 490 503 560 h
526 489 553 550 iu
571 491 607 562 00,
626 489 656 564 ό
677 486 790 549 habeat
806 486 1014 566 aequationem
1033 487 1194 548 maximam
1212 480 1372 570 4⁰58¹l,¹‚
1397 485 1512 552 dimidii

167 580 250 641 sinus
273 575 360 645 1336
386 588 467 640 esset
490 577 709 640 eoceutricitas.
750 575 792 636 Et
809 576 874 654 jam
897 576 984 648 in00,
1005 578 1042 653 ό,
1067 585 1100 638 ut
1123 576 1285 638 distantiae
1309 578 1352 638 sic
1375 584 1513 656 temporit

167 668 196 729 in
220 667 364 748 gradibus
389 668 564 748 aequalibus
587 665 718 727 eccentri
742 667 889 739 confecta,
914 675 947 727 at
970 667 1000 727 iu
1018 659 1110 730 Uut
1132 665 1294 727 distantiae
1315 665 1381 727 ad
1372 667 1511 742 invicem,

165 758 256 838 dupla
274 766 356 818 esset
378 757 533 836 proportio
551 763 727 834 temporum.
765 754 843 815 Nam
867 754 1084 816 eccentricitat
1077 775 1102 816 rs
1125 755 1277 834 aequatio
1285 763 1369 817 esset
1391 772 1512 836 sempor

164 844 203 908 2⁰
226 844 289 920 300,
315 845 472 925 aequantis
497 846 528 907 in
552 847 589 918 00,
607 842 752 920 (letiam
775 840 813 904 2⁰
832 841 895 906 300
934 843 1010 904 At
1001 864 1032 904 ru
1055 837 1090 907 [l
1114 845 1175 906 alia
1198 837 1315 920 20300,
1339 864 1402 906 sc.-
1397 840 1455 918 ·,50
1480 850 1512 906 et

164 943 232 997 tota
255 931 293 996 ’10
316 932 379 998 30.
427 932 626 997 Consentiunt
658 933 848 1013 parallaues,
881 953 967 1012 quas
983 930 1215 995 Christianus
1206 953 1236 995 ru
1259 925 1296 997 []
1323 950 1381 995 nou
1412 932 1512 1014 potuit

165 1024 284 1086 aliter'
276 1024 423 1096 invenire,
456 1042 543 1104 quam
568 1018 698 1084 ort-59
722 1021 827 1081 semid.
858 1022 969 1083 Terrae
997 1023 1187 1096 exhibentes,
1216 1024 1353 1126 quamvis
1377 1041 1431 1084 eas
1454 1040 1509 1085 co·

166 1114 263 1194 egerit
285 1115 323 1175 ad
347 1112 524 1195 hypothesin
550 1132 633 1173 suam
657 1109 854 1171 accomodans
879 1111 1040 1191 feceritque
1064 1070 1226 1175 52-61
1217 1130 1247 1174 ru
1270 1104 1315 1176 [l.
1353 1110 1414 1174 Sed
1439 1111 1508 1186 sois,

65 1278 67 1283 Α
163 1204 195 1265 in
219 1210 264 1265 tot
287 1202 417 1305 implexa
439 1221 597 1264 causarum
622 1219 710 1280 quam
725 1198 813 1261 facile
837 1201 1005 1281 scrupulum
1030 1221 1118 1262 uuum
1143 1220 1180 1263 ex
1202 1221 1261 1264 uua
1289 1221 1382 1264 causa
1404 1210 1508 1262 trans-

165 1291 328 1354 ieramus'
320 1312 349 1353 ιι
372 1292 478 1367 aliam,
511 1310 577 1353 cum
606 1290 725 1369 singula
756 1276 891 1368 singulas
923 1289 1163 1352 semidiametros
1196 1291 1319 1354 iaciant.
1367 1288 1522 1373 Οοςίιιιιὶν

164 1400 234 1461 ergo
258 1383 294 1442 de
319 1381 497 1461 aequatione
522 1379 781 1460 quadraturarum,
806 1397 843 1438 an
868 1377 921 1439 illa
944 1379 985 1439 sit
1008 1376 1200 1453 dimidiando,
1225 1389 1256 1441 et
1280 1381 1350 1455 sint,
1373 1380 1451 1451 hin
1475 1371 1511 1443 U

165 1477 315 1545 versante,
341 1477 374 1531 ut
389 1469 552 1532 distantiae
577 1468 620 1533 sic
642 1476 785 1549 tempora,
810 1475 843 1529 at
858 1467 888 1526 iu
913 1468 1157 1547 oppositioneut
1176 1469 1358 1544 distantiae3
1380 1486 1510 1551 propor-

164 1559 257 1638 tionis
286 1558 374 1639 hujus
412 1552 443 1644 Ἰ,
480 1560 579 1621 inesse
612 1555 752 1618 motibus.
799 1555 912 1617 Iterirn
944 1565 1079 1619 maneret
1111 1557 1238 1620 circulus
1268 1553 1374 1620 sedin
1402 1554 1510 1637 majori

128 1710 130 1714 .
166 1648 401 1711 ecceutricitate.
450 1648 552 1709 Tertio
576 1645 694 1727 quidsi
719 1652 845 1723 utraque
869 1646 1008 1724 aequatio
1038 1646 1222 1710 dimidiauda
1245 1657 1276 1709 et
1299 1646 1510 1709 eccentricitas

50 1722 53 1728 ¹
88 1765 89 1769 ¹
164 1750 234 1799 vere
258 1745 376 1799 crescat
397 1738 427 1799 in
450 1731 507 1803 [ll
550 1735 629 1797 Nam
653 1734 884 1795 denotantibus
908 1733 1028 1796 res'est
1054 1736 1240 1811 certissima,
1274 1754 1409 1799 crescere
1432 1737 1509 1798 hauc

165 1827 417 1900 retardationem,
451 1838 486 1887 ut
510 1831 648 1887 crescunt
681 1822 763 1884 sinus
795 1822 991 1903 digressionis
1014 1825 1118 1887 Lunae
1142 1846 1161 1887 a
1183 1821 1333 1888 diametro
1352 1824 1433 1887 Solis
1457 1844 1510 1905 per

161 1917 286 1978 Terram
311 1925 410 1978 eunte.
457 1913 574 1986 Quodsi
595 1911 741 1991 metiaris,
766 1911 900 1973 invenies
924 1912 971 1974 hic
995 1933 1110 2018 quoque
1132 1915 1195 1978 fere
1220 1916 1400 1994 superiorem
1423 1934 1509 1976 meu-

164 2008 273 2080 su'ram,
300 2005 397 2068 divisa
415 2012 482 2066 tota
504 2003 626 2084 periodo
640 2000 745 2061 Bonae
764 2020 815 2062 seu
841 2010 1020 2083 temporeJ
994 2023 1058 2064 eus
1074 2004 1101 2065 in
1118 1999 1193 2066 360.
1232 2003 1266 2066 Si
1281 2004 1368 2065 Luna
1390 2021 1510 2083 semper

164 2103 298 2158 curreret
319 2094 349 2155 in
372 2094 482 2157 virtute
507 2090 658 2164 diametri,
685 2099 820 2169 tempora
844 2086 910 2152 350
939 2023 1106 2155 conficeret.
1153 2094 1261 2172 Itaque
1284 2092 1353 2157 hinc
1376 2090 1430 2156 450
1454 2111 1510 2153 ex·

164 2183 346 2247 crescuutin
363 2192 511 2246 notantes.
550 2183 599 2256 (lu
663 2179 806 2240 adnantes
825 2174 941 2250 20300,
966 2182 1021 2243 sed
1042 2182 1115 2243 nihil
1140 2183 1260 2245 variant
1279 2183 1326 2244 hic
1346 2183 1512 2255 locnmh.)

164 2262 279 2354 Estque
303 2291 396 2334 causa
418 2291 498 2334 mere
521 2269 657 2352 physic.
705 2266 872 2330 Considera
894 2289 1006 2349 quaeso
1030 2271 1169 2351 quidnam
1193 2288 1230 2333 ex
1254 2271 1455 2353 superioribus
1479 2278 1511 2331 et

166 2382 203 2424 au
228 2362 308 2424 aliud
332 2362 483 2442 quippiam
507 2361 548 2421 sit
567 2359 663 2439 magis
687 2364 927 2421 consentaneum.

255 2450 309 2512 De
341 2451 566 2531 obliquitate
604 2445 803 2527 eclipticae
838 2466 886 2509 res
919 2455 967 2509 est
1004 2448 1088 2510 mira.
1144 2449 1244 2531 Tycho
1278 2448 1366 2511 hodie
1397 2447 1513 2510 invenit

84 2560 87 2569 ¹
169 2537 230 2603 230
253 2536 307 2602 310
331 2538 405 2603 3000.
451 2540 535 2602 Idem
566 2536 680 2598 invenit
712 2543 781 2596 aute
815 2555 908 2597 annos
935 2532 997 2599 100
1025 2556 1062 2597 ex
1084 2536 1339 2618 Regiomontano,
1362 2538 1511 2611 Waltero,

167 2627 332 2704 wernero,
363 2630 439 2691 bene
462 2627 623 2709 applicatis
648 2623 925 2713 observationibus.
971 2626 1055 2687 Idem
1086 2633 1156 2688 ante
1186 2646 1279 2689 annos
1303 2625 1368 2690 200
1392 2627 1512 2707 quidam

169 2718 284 2780 Ductor
308 2717 447 2800 Syudel
476 2717 524 2779 hic
548 2718 677 2797 Pragae,
700 2713 873 2776 observavit
901 2715 955 2776 alt.
985 2733 1056 2777 mer.
1089 2713 1229 2778 Solis‘iu
1262 2716 1452 2797 aequinoctio
1483 2726 1513 2778 et

170 2807 302 2869 solstitio
327 2808 461 2881 aestiv03
486 2825 523 2868 ex
548 2805 653 2885 quibus
677 2804 776 2883 prodit
801 2802 961 2876 (subducto
985 2805 1099 2866 calculo
1124 2805 1179 2866 loci
1201 2804 1282 2868 Solis
1305 2826 1342 2866 ex
1356 2806 1512 2888 Tyohone)

169 2898 208 2959 A.
234 2895 269 2957 P.
295 2893 355 2959 500
377 2894 410 2959 40
433 2893 515 2970 200ος
540 2893 698 2973 eclipticae
723 2893 883 2972 obliquitas
907 2888 969 2955 230
991 2890 1043 2955 310
1067 2891 1144 2969 3200,
1170 2902 1323 2976 utrumque
1351 2895 1512 2957 hodiedum

168 2985 211 3047 ita
245 2985 403 3048 invenitur.
437 2987 533 3048 ‘Idem
555 2981 741 3064 Prophacius
764 2982 897 3044 Judaeus
925 2982 1040 3044 invenit
1070 2990 1139 3044 aute
1173 3003 1266 3046 anuos
1295 2981 1369 3047 300.
1416 2984 1512 3046 Paulo

165 3075 235 3155 plus
267 3075 401 3154 prodidit
429 3073 631 3153 Albategnius
666 3079 735 3132 ante
766 3091 860 3133 annos
893 3069 966 3135 700.
1021 3073 1063 3135 Ει
1095 3073 1267 3149 credemus,
1304 3075 1512 3136 Ptolemaeum

168 3164 348 3226 observasse
372 3159 433 3228 230
456 3161 509 3227 510
533 3160 597 3225 2000
606 3162 620 3222 ?
653 3160 754 3243 Tycho
778 3160 935 3223 dubitavit.
983 3159 1087 3224 Scribe
1112 3163 1181 3243 quid
1204 3164 1328 3225 sentias.
1375 3161 1511 3244 Denique

168 3272 243 3334 quas
267 3260 300 3314 et
322 3261 394 3333 quot
419 3253 546 3333 eclipses
571 3251 619 3311 vel
643 3250 792 3311 inveneris
816 3250 845 3311 iu
860 3250 1010 3313 veteribus
1035 3251 1082 3312 vel
1102 3249 1331 3332 computaveris,
1355 3271 1391 3313 ne
1412 3260 1512 3314 actum

167 3359 287 3423 semper
311 3351 428 3423 agatur.
474 3341 656 3421 Catalogum
680 3340 769 3400 modo
793 3337 938 3414 desidero,
963 3341 1025 3402 scio
1049 3341 1229 3403 laboriosum
1249 3360 1316 3403 esse
1341 3342 1511 3404 describere

169 3432 325 3494 calculum.
362 3432 428 3512 Ego
453 3432 478 3492 si
502 3430 692 3491 vicissimH.
711 3428 778 3489 T.
770 3449 799 3490 ιιι
824 3438 1042 3510 quacunquere
1061 3431 1222 3534 gratificari
1245 3439 1359 3520 potero,
1383 3431 1511 3493 libenter

168 3520 288 3584 faciam.
326 3519 369 3582 Et
392 3540 480 3601 spero
496 3511 570 3581 iore
581 3519 629 3580 hic
648 3518 797 3592 nonnulla,
823 3537 898 3598 quae
922 3520 1143 3581 desideres'
1099 3539 1143 3581 rus
1145 3520 1244 3599 picere
1268 3515 1299 3581 et
1317 3538 1509 3624 cognoscere.

170 3607 306 3691 Obsecro
329 3619 430 3673 autern
453 3629 507 3692 per
526 3615 645 3673 nostras
671 3617 762 3680 artes,
786 3626 823 3669 ue
838 3608 882 3669 ita
904 3609 994 3687 plane
1017 3609 1216 3672 obmutescas.
1254 3609 1319 3689 Ego
1343 3609 1370 3670 si
1393 3608 1510 3690 scripsi,

168 3716 215 3760 rue
245 3699 464 3777 publicaturum
497 3707 565 3761 tuas
598 3697 742 3776 epistolas
775 3698 868 3777 (quod
900 3698 1069 3760 meminisse
1103 3699 1230 3761 noudum
1263 3700 1401 3780 possum)
1429 3707 1509 3761 certe

163 3788 306 3867 poenitet,
332 3789 419 3852 fidem
443 3789 489 3863 do,
515 3789 545 3850 id
569 3806 626 3849 nou
652 3787 790 3849 futurum.

254 3877 333 3939 Vale
358 3878 416 3952 diu,
441 3878 624 3957 Praeceptor
648 3875 823 3946 Clarissimo
847 3884 878 3936 et
909 3874 986 3954 quod
1010 3894 1057 3936 me
1087 3875 1248 3937 etiamnum
1279 3895 1378 3950 ames,
1411 3875 1508 3938 literis

165 3965 286 4045 scriptis
318 3974 442 4029 testare.
500 3966 607 4030 Saluto
640 3984 741 4027 omnes
776 3973 987 4045 praeceptores
1023 3983 1105 4026 meos
1138 3973 1171 4026 et
1201 3966 1288 4027 mitto
1326 3965 1509 4045 exemplaria

165 4055 310 4118 orationis
334 4056 476 4126 funebris,
503 4057 553 4119 ubi
576 4072 673 4117 meum
697 4073 815 4116 carmen
840 4062 896 4116 est
943 4054 1055 4114 Errata
1078 4062 1147 4115 sunt
1176 4055 1295 4136 aliqua,
1319 4062 1354 4118 ut
1374 4056 1508 4117 multos

163 4145 249 4208 miles
273 4163 327 4224 pro
349 4144 480 4207 multus.
526 4145 568 4206 Et
590 4145 620 4206 in
645 4143 760 4206 nomine
784 4162 850 4205 meo
875 4163 912 4204 ex
934 4143 1047 4206 incuria
1070 4143 1113 4205 M.
1145 4149 1193 4205 est
1225 4144 1384 4221 omissum,
1415 4164 1455 4206 ne
1476 4144 1507 4207 id

163 4234 277 4317 putetis
302 4233 401 4295 studio
425 4241 457 4294 ot
481 4234 652 4295 contemtim
676 4234 796 4295 iactum.
813 4229 839 4306 0)

254 4316 358 4406 10120.
383 4322 457 4384 Dec.
483 4342 560 4385 anuo
587 4319 678 4386 1601.
701 4324 830 4401 Pragae.

719 4411 834 4473 Excell.
860 4410 941 4470 lirae

848 4497 980 4563 Gratias.
1005 4500 1177 4582 Discipulos

1143 4590 1186 4683 M:
1210 4589 1263 4654 Jo.
1287 4590 1416 4675 Kepos.

248 4729 395 4790 Proximae
422 4696 485 4794 quae
502 4723 548 4778 has
566 4729 711 4779 subsecutas
729 4736 804 4787 suut,
828 4727 928 4793 Kepleri
953 4731 1039 4780 literae
1068 4731 1143 4783 datae
1165 4734 1266 4783 suutd.
1286 4732 1328 4783 20.
1347 4733 1406 4784 Jan.
1428 4710 1503 4782 1004.

163 4798 254 4867 (comp.
274 4804 329 4855 Vol.
349 4804 383 4864 11,
403 4813 428 4866 p
451 4797 494 4862 14)
514 4807 539 4850 ot
558 4815 618 4850 oum
630 4799 777 4851 Maestlinus
796 4816 844 4851 nou
863 4803 1035 4866 responderet,
1060 4802 1098 4853 his
1116 4806 1203 4855 iterum
1227 4806 1288 4856 adiit
1306 4805 1430 4891 Koplerua
1448 4818 1504 4871 aeg·

158 4874 252 4924 nlorsm
270 4875 302 4925 ad
320 4873 517 4941 respondendum
536 4879 734 4938 praeceptorem·
