3354 5504
182 270 248 351 314
284 332 288 337 .
661 267 701 324 ns
719 269 828 325 uorsa
845 266 939 325 sarrae
957 271 1045 326 uris·

1461 340 1482 391 l.

180 452 264 530 tale,
282 434 321 515 'rit
346 451 487 532 planeta,
521 448 547 511 si
580 449 610 510 in
634 449 745 541 ¹eadem
768 471 787 513 a
809 449 881 514 Sole
904 451 1070 514 remotione
1102 459 1251 528 maneret,
1287 453 1438 537 aequabil'

181 541 440 616 circumferretur,
473 541 584 602 nnllam
618 559 758 601 sensnms
791 541 1006 615 intentionem,
1045 541 1157 603 nnllam
1188 543 1398 608 remissionem

59 653 65 666 ·
182 631 310 694 Solaris.
347 629 436 701 Quod
460 637 561 691 antem
584 627 785 710 inaequalitas
809 630 910 712 aliqua
934 632 961 692 in
978 648 1068 709 opere
1092 630 1180 710 hujus
1203 630 1324 695 virtmis
1349 643 1398 696 est
1422 635 1521 716 depre·

80 749 86 762 ·
179 721 284 796 hensa,
309 721 338 781 id
363 719 474 782 accidit
492 737 528 780 ex
553 737 598 790 eo,
622 720 700 798 quod
722 720 847 800 planeta
870 738 908 780 ex
931 720 992 781 alia
1010 717 1114 782 aSole
1139 721 1284 782 distantia
1307 722 1336 784 in
1361 723 1454 786 aliam
1476 723 1521 786 fni

88 878 147 1003 c

182 810 407 891 transpositns;
432 826 488 888 qno
511 816 601 887 pacto
625 808 653 867 in
679 808 769 869 aliurn
793 819 883 889 atquo
907 808 999 871 alium
1022 810 1147 887 gradum
1172 811 1357 874 fortitudinis
1380 812 1472 894 hujus
1494 831 1522 875 er

181 898 253 962 Sole
271 896 392 961 virtutis
415 896 529 959 incidit.
567 894 731 966 Quaeritur
747 916 827 977 ergo,
851 897 878 958 si
896 896 985 960 orbes
1009 897 1096 959 solidi
1112 899 1184 961 nnlli
1208 910 1286 976 sunt,
1311 900 1390 981 quod
1405 902 1522 965 demon·

180 989 290 1051 stravit
309 986 466 1056 Brabeus,
499 987 576 1049 unde
600 985 736 1060 eveniat,
770 996 803 1048 nt
825 984 950 1067 planeta
971 1005 991 1048 a
1013 984 1086 1049 Sole
1117 989 1263 1051 ascendat
1286 997 1317 1051 et
1339 990 1522 1054 descendat*¹

181 1097 251 1141 nom
274 1077 365 1141 etiarn
387 1075 444 1137 hoc
468 1095 504 1137 ex
528 1073 623 1136 Sole?
668 1073 740 1149 Est,
774 1076 912 1155 inquam,
936 1075 1083 1158 quomodo
1108 1096 1145 1138 ex
1169 1076 1263 1154 Sole;
1296 1086 1359 1155 est,
1382 1078 1522 1161 quomode

179 1186 239 1231 non
261 1186 300 1229 ex
321 1165 403 1230 Sole.

268 1253 410 1321 Clamant
427 1272 524 1316 rernm
548 1251 728 1314 naturalium
748 1253 932 1341 exemplspt
944 1252 1019 1315 baec
1041 1253 1186 1315 hactenns
1206 1254 1339 1317 delibata
1355 1256 1522 1321 coelestinn

181 1365 246 1408 cnm
267 1344 316 1409 bis
337 1342 532 1409 terrestribus
547 1341 696 1420 cognatio,
721 1341 868 1421 simplicis
877 1340 1016 1433 Qirporis
1039 1361 1097 1422 quo
1120 1344 1337 1407 communiores
1361 1354 1434 1408 sunt
1455 1364 1522 1428 ope·

180 1436 323 1511 rationes,
344 1434 402 1496 boc
425 1450 493 1494 esse
524 1431 737 1510 simpliciores;
769 1431 934 1493 vausune
956 1448 1044 1505 vero,
1080 1432 1105 1493 si
1136 1450 1211 1512 quae
1241 1442 1312 1495 sunt
1339 1436 1407 1516 ejus
1431 1437 1482 1509 (nt
1502 1434 1523 1497 ir

181 1535 261 1587 motu
288 1524 478 1606 planetarum
501 1521 621 1582 diversa
644 1541 663 1580 a
685 1518 757 1582 Sole
780 1519 929 1581 distantia
958 1539 1011 1581 seu
1035 1521 1276 1598 eccentricitas)‚
1310 1523 1349 1587 ab
1378 1524 1523 1588 extrancis

181 1614 279 1677 causis
303 1612 433 1675 existere
456 1609 710 1672 concurrentibus.
917 1660 924 1675 ,

268 1702 320 1765 Sic
344 1703 371 1763 in
396 1700 514 1762 flumine
530 1699 657 1779 simplex
681 1716 776 1778 aquae
800 1696 970 1778 proprietas
985 1705 1043 1773 est,
1068 1698 1106 1758 ad
1121 1707 1255 1760 centrum
1270 1701 1383 1762 Terrae
1404 1702 1523 1765 descen·

181 1790 276 1869 dmi.-
306 1790 387 1862 Quia
410 1807 480 1850 vero
504 1789 562 1851 iter
585 1788 648 1868 ejus
673 1788 817 1848 directum
841 1806 898 1847 non
923 1795 985 1860 est,
1010 1787 1142 1849 declinat
1165 1788 1251 1863 illac,
1277 1808 1335 1869 qua
1355 1790 1523 1873 depressnn

180 1872 295 1945 iniant
327 1881 459 1951 alveum;
492 1884 633 1956 stagnat,
668 1876 716 1937 ubi
749 1877 777 1937 in
812 1876 868 1937 soli
897 1876 1142 1956 aequabilitatem
1173 1877 1292 1953 incidit;
1325 1874 1444 1960 rapitur
1466 1898 1523 1944 cnn

181 1971 327 2051 strepitu,
360 1987 420 2049 qna
443 1966 629 2028 libramentis
653 1964 795 2026 incitatur
818 1964 1022 2045 pronioribus;
1052 1974 1100 2026 est
1122 1965 1172 2027 nbi
1196 1975 1310 2029 rotetur
1332 1969 1362 2030 in
1387 1970 1523 2050 gurgites

183 2061 209 2123 si
231 2058 390 2142 perniciori
420 2058 505 2135 lapsu
533 2056 562 2115 in
591 2062 799 2135 procurrentes
827 2054 967 2134 scopulos
997 2054 1163 2134 impegerit.
1210 2056 1269 2119 Ubi
1298 2075 1377 2137 aqna
1409 2059 1480 2139 ipsa
1506 2076 1523 2119 ι

184 2149 278 2211 insita
300 2147 371 2209 nibil
396 2145 453 2208 nisi
477 2145 653 2207 descensum
676 2143 797 2205 molitur
820 2144 857 2204 ad
882 2144 992 2204 Terrae
1017 2151 1151 2206 centrum
1180 2142 1310 2225 simplici
1337 2147 1523 2228 proprietate

110 2260 116 2273 ¹
185 2238 316 2319 simplex
339 2254 429 2318 opns3
461 2233 622 2295 declinatio
644 2251 716 2294 vero
739 2241 770 2293 et
801 2231 953 2311 stagnatio
981 2240 1013 2293 et
1036 2242 1138 2294 aestus
1166 2243 1198 2295 et
1226 2234 1357 2297 vortices
1381 2243 1415 2298 et
1436 2236 1523 2300 omnir

184 2328 320 2390 varietas
349 2345 367 2386 a
395 2323 494 2386 causis
527 2321 692 2401 assignatis
723 2341 775 2382 seu
804 2320 955 2382 extraneis
979 2329 1011 2382 et
1042 2322 1216 2384 adventitiis
1245 2324 1347 2386 oritur.
1395 2325 1524 2407 Inpriml

184 2416 318 2498 jucunda
348 2423 379 2475 et
408 2421 511 2475 nostru
538 2412 660 2489 negotio
688 2409 960 2471 accommodatiora
987 2410 1164 2473 exhibentur
1186 2415 1361 2492 spectacula
1392 2415 1421 2476 in
1447 2414 1524 2478 navi·

188 2507 304 2588 giorum
328 2502 515 2593 impulsione.
553 2499 588 2562 Si
612 2500 690 2561 funis
705 2519 757 2561 sen
780 2500 889 2561 rudens
904 2518 994 2579 snper
1016 2501 1124 2562 flumen
1150 2509 1340 2564 transversus
1363 2503 1393 2565 in
1417 2505 1524 2567 subl·

185 2595 319 2676 pendeat
350 2613 387 2654 ex
410 2599 535 2671 utraque
567 2589 633 2669 ripa
660 2608 768 2662 nexas,
802 2596 834 2649 ct
856 2588 991 2649 trochlea
1014 2607 1066 2668 per
1097 2591 1249 2652 rudentem
1281 2590 1452 2669 discurrens
1476 2594 1524 2657 alit

190 2687 259 2747 lune
274 2683 410 2767 cymbam
429 2681 458 2742 in
482 2679 601 2741 flumine
620 2686 791 2740 versantem
806 2677 948 2750 retineat,
972 2678 1100 2757 portitor
1114 2697 1184 2742 vero
1204 2682 1328 2761 cymbae
1345 2668 1524 2760 gubernacn

190 2775 249 2836 lmn
273 2793 326 2834 seu
349 2790 461 2835 remum
485 2767 601 2830 decenti
625 2767 711 2829 modo
731 2767 914 2847 religaverit,
938 2776 1041 2828 cetera
1064 2768 1197 2847 quietus:
1223 2770 1329 2850 cymba
1351 2771 1382 2832 ιι·
1406 2772 1524 2853 simplici

187 2863 317 2926 fluminis
333 2862 470 2922 deorsum
495 2857 592 2918 euntis
615 2857 682 2935 ipsa
696 2857 889 2917 transversim
905 2864 1001 2935 rapta,
1027 2877 1045 2917 a
1067 2857 1134 2935 ripa
1157 2878 1215 2919 una
1230 2859 1259 2918 in
1277 2860 1406 2922 alteram
1431 2870 1524 2923 trans·

185 2953 318 3034 ponitur,
352 2949 488 3011 troclrlea
510 2966 564 3025 per
588 2948 686 3006 funem
701 2946 857 3007 sublimem
882 2946 1066 3007 decurrente.
1105 2947 1141 3009 In
1164 2948 1321 3010 latioribus
1344 2967 1418 3011 vero
1435 2950 1524 3012 flumi·

186 3043 271 3104 nibus
286 3040 408 3122 cymbas
432 3039 461 3098 in
476 3055 565 3118 gyros
590 3044 690 3114 agunt,
716 3035 770 3094 lruc
795 3035 864 3095 illuc
886 3034 1047 3113 trajiciunt,
1073 3034 1153 3096 mille
1166 3038 1259 3126 'lusus
1276 3047 1429 3115 exercent,
1452 3038 1524 3101 nulb

185 3132 268 3193 fundi
293 3138 344 3190 ant
368 3129 485 3189 litorum
509 3133 605 3198 tactu,
642 3124 695 3184 sed
719 3124 784 3184 sola
814 3124 886 3184 remi
921 3143 976 3202 ope
1014 3125 1169 3186 decursum
1202 3126 1332 3189 fluminis
1363 3128 1481 3190 unicum
1503 3134 1524 3188 et

186 3216 440 3299 simplicissimum
464 3216 493 3276 in
518 3235 573 3275 sua
595 3221 667 3274 vota
690 3220 908 3273 convertentes.

276 3306 466 3370 Adeundem
490 3306 551 3365 fere
568 3303 685 3363 modurn
709 3303 801 3362 virtus
827 3321 862 3362 ex
878 3300 949 3362 Sole
973 3303 1000 3362 in
1025 3303 1164 3363 mnndum
1189 3322 1243 3382 per
1265 3306 1396 3383 speciem
1412 3325 1525 3387 egressa

185 3398 309 3478 rapidus
324 3395 443 3475 qnidam
467 3404 583 3455 torrens
599 3400 654 3465 est,
675 3391 724 3469 qui
747 3391 886 3469 planetas
911 3406 1012 3450 omnes
1029 3392 1162 3470 adeoque
1186 3402 1280 3453 totam
1305 3395 1407 3456 forsan
1432 3413 1525 3458 auran

187 3488 359 3550 aetheream
383 3484 421 3544 ab
445 3502 553 3544 occasu
577 3481 606 3542 in
630 3491 725 3541 ortum
750 3479 844 3558 rapit,
878 3499 910 3540 se
934 3480 998 3558 ipso
1021 3500 1078 3541 non
1102 3491 1190 3559 aptus
1215 3501 1340 3560 corpora
1369 3485 1408 3544 ad
1432 3484 1525 3555 Snbrn

188 3578 334 3639 adducere
358 3575 405 3635 vel
430 3573 467 3633 ab
483 3590 518 3632 eo
533 3570 649 3651 longius
673 3570 838 3648 propellere
845 3586 853 3641 ;
879 3570 955 3647 quod
971 3577 1053 3630 esset
1077 3570 1208 3630 infinitae
1223 3572 1434 3635 sollicitudinis
1450 3593 1525 3655 opus.

188 3668 320 3729 Necesse
354 3682 424 3741 ergo
449 3671 510 3733 est,
540 3670 573 3720 ut
603 3660 744 3739 planetae
768 3658 823 3737 ipsi
854 3677 906 3717 cen
940 3659 1084 3736 quaedam
1117 3660 1239 3747 cymbae
1269 3662 1438 3740 peculiares
1470 3662 1525 3725 vir-

189 3766 271 3818 tutes
295 3753 435 3815 motrices
463 3750 546 3831 quasi
572 3749 715 3829 quosdam
737 3755 874 3808 vectores
898 3766 950 3807 sen
974 3746 1298 3826 portitoresbabeant,
1325 3771 1449 3831 qnorum
1463 3770 1525 3833 pro·

190 3843 326 3923 vidpntia
347 3862 405 3905 non
430 3848 545 3902 tantum
560 3856 700 3898 accessus
725 3837 763 3897 ad
780 3835 880 3898 Solem
905 3842 935 3896 et
959 3855 1095 3898 recessus
1110 3858 1128 3896 a
1144 3835 1225 3910 Solo,
1251 3841 1417 3902 sedetiam
1442 3839 1525 3923 (qnod

188 3933 350 3996 secundum
381 3937 585 4009 argumentum
614 3946 681 3987 esse
710 3926 815 4006 queat)
844 3924 1056 3986 declinationes
1090 3926 1279 3988 latitudinum
1311 3930 1523 4001 administrant,

189 4033 221 4086 et
244 4023 330 4104 quasi
354 4021 391 4082 ab
415 4039 474 4080 una
497 4018 562 4097 ripa
586 4017 615 4078 in
634 4016 734 4089 aliam,
759 4035 777 4074 a
799 4014 1001 4095 septentrione
1025 4016 1144 4096 inquam
1167 4016 1195 4076 in
1216 4027 1351 4079 austrum
1367 4028 1400 4081 et
1418 4028 1522 4089 contra

190 4115 300 4176 flumen
327 4111 384 4172 lroc
408 4112 455 4182 (se
479 4107 544 4186 ipso
574 4105 669 4167 solum
693 4101 850 4183 eclipticas
872 4108 1002 4165 tractum
1033 4105 1175 4183 sequens)
1200 4105 1362 4186 trajlciunt.
1412 4107 1523 4171 Certum

189 4202 267 4264 enim
290 4209 338 4262 est
361 4218 398 4259 ex
422 4195 591 4269 antedictis,
616 4195 767 4265 virtutem,
790 4208 867 4272 qnae
890 4190 1026 4265 casole,
1053 4192 1217 4271 simplicem
1242 4216 1320 4257 esse.
1368 4197 1439 4259 Jam
1462 4213 1521 4277 vero

188 4286 350 4354 eccentridi
375 4285 565 4366 planetarum
598 4302 654 4344 uon
688 4282 804 4345 tantum
834 4278 986 4342 declinant
1020 4281 1058 4342 ab
1091 4282 1246 4361 ecliptica,
1281 4286 1335 4346 sed
1373 4287 1466 4348 etiam
1498 4283 1520 4344 in

187 4380 288 4441 varias
319 4378 426 4458 plagas
450 4381 535 4447 eunt,
567 4391 634 4433 sese
664 4381 765 4433 mutuo
790 4378 823 4449 et
850 4368 1019 4448 eclipticam
1051 4371 1279 4435 intersecantes.
1326 4375 1424 4455 Igitur
1455 4374 1519 4443 allae

187 4487 298 4533 causae
322 4466 424 4528 virtuti
448 4461 566 4527 motrici
589 4480 626 4521 ex
648 4460 719 4523 Sole
743 4444 968 4537 coniunguntur.

772 4701 950 4714 ——q
