3354 5504
686 295 848 350 Prooemium.
862 348 871 365 ,
1118 276 1127 298 ’
1419 291 1438 367 5

87 473 220 555 picisque
246 472 376 554 inservit
402 474 677 556 disquisitionibus,
710 499 785 560 quas
813 479 980 556 Imperator
1011 477 1189 556 Rudolphus
1222 478 1279 558 lpsi
1310 480 1438 541 manda-

87 574 190 636 verat,
223 564 331 625 iterum
356 564 434 629 adiit
456 567 604 640 Martem,
637 587 712 647 quae
742 567 833 628 dubia
856 566 915 645 ipsi
943 575 1135 628 occurrerant
1157 566 1187 628 in
1210 568 1328 628 theoria
1350 568 1439 647 hujus

85 654 225 732 planetae
249 673 269 712 a
292 654 435 735 Tychone
459 662 490 714 91
511 655 760 734 Longomontano
789 655 946 726 instituta,
981 654 1133 734 inquirens
1161 664 1250 736 atque
1280 657 1438 719 immutare

85 750 223 816 conatus,
248 751 394 822 quantum
417 744 494 805 iuter
517 743 596 806 alias
619 747 832 828 occupationes
855 743 920 805 fieri
941 744 1049 822 potuit.

173 832 304 911 Propius
327 841 430 893 antem
452 832 615 914 Keplerum
635 835 700 914 jaru
724 854 760 895 eo
783 843 928 913 tempore,
952 852 1009 912 qno
1034 833 1114 914 apud
1137 833 1308 913 Tychonern
1333 854 1441 896 versa-

85 921 182 993 batur,
207 921 247 981 ad
270 940 334 982 rem
359 921 455 1001 ipsam
477 923 655 998 accessisse,
679 931 765 1005 patet
782 943 798 984 e
818 921 915 983 literis
935 922 973 982 ad
993 922 1148 1001 Maginum
1168 922 1234 985 Cal.
1256 925 1326 986 Jun.
1347 921 1438 1007 1601.

86 1009 175 1082 datis,
194 1029 286 1090 quum
300 1010 482 1072 valetudinis
502 1021 533 1072 et
547 1031 647 1074 rerum
666 1012 897 1074 domesticarum
911 1030 1004 1072 causa
1021 1011 1178 1074 Grastium
1193 1031 1333 1074 reversus
1348 1021 1440 1085 esset,

88 1117 269 1179 quamquam
292 1099 440 1160 calculum
463 1100 593 1163 noudum
610 1102 667 1165 sihi
690 1103 916 1164 convenientem
941 1100 1188 1180 deprehenderat,
1205 1103 1301 1182 'quam
1322 1102 1359 1163 ob
1377 1121 1440 1163 rem

83 1188 243 1265 Maginum
268 1187 359 1263 adiit,
388 1184 422 1250 u't
445 1209 478 1250 se
501 1190 531 1251 iu
555 1191 608 1251 illo
636 1192 810 1253 adornando
843 1189 1017 1250 sublevaret
1040 1189 1123 1261 (vide
1146 1189 1249 1263 infra).
1296 1193 1442 1271 Proponit

86 1277 211 1355 Hagino
244 1277 417 1339 methodum
447 1298 548 1353 suam,
582 1300 671 1359 quam
703 1280 825 1342 exhibet
852 1280 915 1339 lere
947 1279 1073 1340 eandem
1096 1278 1125 1349 in
1151 1277 1441 1342 Commentariorum

86 1365 195 1445 Capite
226 1362 273 1439 16,
296 1374 328 1427 91
351 1367 468 1447 quaerit
493 1389 550 1437 ,99
574 1379 606 1430 91
628 1371 677 1431 hic
702 1389 747 1431 me
771 1368 1027 1429 demonstratione
1046 1367 1322 1447 juvare,possis?“
1356 1370 1439 1430 Fun-

86 1455 229 1515 damenta
251 1455 348 1516 novae
367 1457 540 1518 condendae
563 1461 765 1522 astronomiae
780 1458 904 1537 Magiuo
919 1457 994 1517 haec
1012 1457 1171 1536 proponit:
1201 1455 1233 1526 l)
1247 1457 1441 1520 Planetarum

86 1552 186 1604 motus
211 1544 361 1605 referendi
385 1555 462 1621 suut,
496 1567 555 1611 nou
579 1559 612 1609 ut
639 1550 785 1610 hactenus
818 1547 964 1607 creditum
988 1553 1038 1608 est
1061 1547 1098 1606 nd
1121 1545 1295 1619 medium,
1324 1548 1378 1608 sed
1401 1547 1440 1609 ad

86 1651 211 1693 rernm
235 1632 318 1695 Solis
342 1635 449 1695 locum.
496 1633 531 1708 2)
563 1638 799 1719 inaequalitates
829 1636 1003 1696 inferiorum
1031 1635 1220 1714 planetamm
1252 1636 1439 1714 prodeunte

87 1732 169 1782 motu
187 1723 310 1784 Terrae.
350 1721 386 1797 3)
403 1724 617 1787 Inclinatioues
636 1726 871 1807 planetariarum
890 1723 1055 1785 orbitarum
1078 1723 1341 1796 constantissimae
1361 1734 1439 1786 9991.

85 1808 120 1880 4)
146 1810 289 1873 Omnium
314 1812 332 1873 7
357 1813 546 1892 planetarum
574 1816 758 1877 theoriarum
787 1815 883 1875 forma
911 1821 959 1874 est
985 1813 1110 1887 eadem,
1143 1812 1268 1894 quilibet
1298 1813 1440 1875 circulum

85 1901 217 1983 decurrit
240 1921 327 1962 suum
351 1902 501 1982 inaequali
525 1905 692 1967 celeritate.
740 1901 775 1976 5)
798 1897 889 1965 Datis
912 1901 1009 1964 tribus
1036 1902 1225 1983 acronychiis
1249 1902 1441 1964 observatio-

84 1988 175 2050 nibus
199 1988 385 2069 deprehendi
407 2000 509 2071 potest
532 1994 679 2055 distantia
694 1993 776 2056 Solis
800 2000 830 2051 91
849 1994 960 2053 Terrae
984 1999 1016 2051 et
1039 1991 1106 2052 inde
1130 1991 1277 2053 distantia
1298 1992 1439 2071 planetae

83 2078 208 2158 ejusque
232 2078 324 2141 orbis.
373 2076 408 2153 6)
431 2082 521 2143 Datis
554 2093 682 2164 quatuor
714 2080 822 2143 sitibus
853 2082 994 2160 planetae
1025 2081 1214 2162 acronychiis
1247 2079 1439 2142 determinari

84 2176 187 2246 potest
211 2167 323 2246 aphelii
347 2169 413 2248 ejus
438 2169 531 2232 locus.

174 2255 262 2328 Quae
287 2258 388 2319 omnia
406 2261 540 2322 nondum
564 2259 695 2323 numeris
716 2257 845 2338 probata
869 2257 921 2318 sed
937 2255 1245 2336 probabiliataotnm
1269 2265 1302 2319 et
1315 2267 1440 2319 naturae

85 2345 311 2427 rationibusque
334 2348 469 2428 physicis
492 2358 697 2412 consentanea
716 2349 744 2409 19
765 2346 864 2408 1119119
878 2347 939 2407 11119
954 2346 993 2406 ad
1008 2345 1165 2425 Maginum
1181 2347 1261 2408 datis
1277 2366 1343 2408 eam
1360 2347 1437 2406 forte

85 2436 121 2495 ob
138 2453 262 2496 causam
278 2435 432 2498 Graetio
456 2458 492 2498 ex
512 2441 582 2500 urbe
603 2439 735 2510 exhibet,
759 2455 796 2496 ne
813 2436 925 2516 Tycho,
952 2434 1061 2508 „nimis
1077 2454 1175 2496 rernm
1194 2454 1315 2497 suarum
1329 2455 1439 2516 parcus

85 2534 113 2584 et
128 2534 235 2585 custos
259 2525 428 2605 suspicione
451 2529 578 2608 plenus“
606 2526 721 2589 sinistri
744 2525 814 2606 quid
832 2533 983 2603 argueret,
1008 2523 1131 2627 9199911
1152 2525 1249 2604 199919
1265 2527 1383 2604 Pragae
1400 2526 1446 2608 ad¹

85 2614 234 2675 aemulum
254 2615 476 2677 Bononiensem
499 2616 682 2697 scripsisset,
703 2616 798 2696 adque
815 2613 1001 2692 Maginum
1025 2611 1156 2693 scripsit,
1180 2615 1250 2694 quia
1266 2615 1441 2696 aTychoue

89 2702 226 2783 (quem
218 2722 248 2763 19
265 2701 361 2766 1119119
380 2706 418 2766 ad
431 2707 627 2768 Maestlinum
650 2714 734 2765 etex
756 2712 843 2784 99119
867 2704 959 2765 911991
981 2703 1020 2763 ad
1034 2703 1188 2781 Maginum
1212 2704 1449 2774 9019191909-

88 2793 204 2871 pinxit)
228 2811 265 2853 ea
288 2813 364 2873 quae
389 2797 562 2875 quaerebat,
582 2795 702 2857 minime
720 2813 752 2855 se
768 2801 996 2854 consecuturum
1012 2791 1173 2853 9999119911
1190 2792 1356 2872 ignorabat
1381 2793 1444 2855 Sed

86 2881 230 2961 Maginns
246 2902 362 2962 qnoque
377 2884 502 2965 Kepleri
519 2885 775 2965 exspectationem
791 2882 945 2955 destituit;
969 2881 1069 2960 plane,
1086 2900 1172 2961 quasi
1165 2881 1262 2944 nihil
1276 2904 1295 2943 a
1304 2883 1442 2962 Keplero

87 2971 271 3051 accepisset,
286 2971 443 3049 obmutuit,
460 2975 554 3036 donec
573 2993 652 3035 anuo
667 2973 785 3033 demum
805 2968 898 3045 1610,
914 2978 1074 3051 postquam
1091 2970 1315 3034 commentaria
1329 2971 1440 3033 Martie

87 3059 237 3139 impressa
262 3061 395 3136 fueraut,
428 3083 490 3125 rem
517 3074 648 3125 movens
671 3062 756 3142 parvi
788 3060 928 3121 momenti
962 3059 1038 3121 adiit
1059 3061 1222 3141 Keplemm
1246 3081 1300 3143 per
1322 3062 1437 3123 literas.

86 3140 206 3220 Quae'
198 3169 228 3210 ru
252 3152 440 3230 praefatione
463 3154 502 3214 ad
528 3153 793 3232 „supplementum
813 3148 1066 3229 Ephemeridum“
1092 3149 1178 3225 dixit,
1203 3171 1350 3213 excusans
1370 3149 1438 3210 diu-

84 3247 204 3300 turnum
237 3260 323 3302 suum
357 3242 526 3317 silentium,
560 3242 639 3303 infra
668 3240 820 3319 legentur;
854 3239 902 3300 hic
930 3237 1011 3299 dubii
1040 3238 1175 3318 quidem,
1208 3241 1266 3301 nisi
1296 3238 1437 3313 fallimur,

87 3328 196 3389 hauc
188 3347 311 3409 1999991
340 3331 452 3392 91199111
480 3331 607 3393 dicimus
635 3329 731 3391 fuisse
761 3347 899 3402 causam,
933 3328 1010 3407 qnod
1043 3328 1121 3390 forte
1144 3329 1286 3409 Maginus
1309 3334 1439 3388 mentem

88 3417 212 3497 Kepleri
235 3437 295 3480 nou
313 3411 434 3498 penitus
456 3420 635 3501 perceperit,
659 3438 714 3480 nec
732 3417 872 3480 habuerit
885 3416 956 3497 quid
979 3416 1184 3496 responderet,
1208 3436 1295 3500 quam
1313 3416 1438 3477 eandem

88 3525 211 3568 causam
244 3507 360 3569 silentii
383 3511 428 3571 sui
451 3509 546 3572 fuisse
576 3508 803 3570 Maestlinus
837 3506 963 3585 ingenus
995 3506 1151 3585 profitetur
1173 3504 1312 3584 („Fateri
1336 3523 1438 3585 cogor,

87 3606 117 3656 19
143 3615 355 3677 nonnunquam
386 3599 574 3673 sublimiora,
606 3616 695 3678 quarn
727 3595 833 3678 quibus
864 3596 1014 3674 ingenium
1037 3604 1069 3658 et
1091 3595 1217 3658 emditio
1243 3613 1312 3655 mea
1343 3594 1438 3657 satis-

89 3685 186 3746 facere
209 3685 325 3761 ralent,
349 3689 562 3768 quaerebas“).
601 3688 652 3749 Ad
676 3687 753 3748 bunc
776 3687 854 3747 enim
874 3685 928 3746 sub
951 3686 1039 3747 finem
1062 3685 1131 3746 anni
1149 3682 1242 3746 1601.
1263 3681 1330 3757 (20.
1346 3685 1438 3758 Dec.)

87 3774 188 3836 eadem
225 3776 307 3850 iere,
340 3796 416 3858 quae
451 3778 491 3838 ad
523 3775 697 3855 Maginum,
738 3775 921 3855 scripserat,
959 3775 1159 3846 contendens,
1180 3772 1367 3846 ,theoriam
1404 3792 1436 3836 99

87 3865 274 3926 exstruxisse
294 3865 414 3942 Martis,
437 3874 472 3928 91
494 3885 601 3928 999999
626 3865 823 3927 subtilitatem
857 3864 945 3926 facile
977 3864 1197 3943 adaequationes
1221 3862 1263 3924 sit
1280 3863 1434 3926 calculus“

87 3953 296 4027 (1111919119).
341 3984 344 3988 ·

172 4042 359 4105 1911199991
385 4040 479 4119 1602,
508 4051 672 4124 occupatus
697 4042 725 4103 iu
755 4043 871 4104 edendo
894 4041 1045 4124 Tychonis
1073 4056 1163 4117 99919
1187 4048 1219 4102 91
1243 4039 1437 4102 emendandis

86 4131 188 4193 Lunae
213 4131 475 4195 observationibus
504 4134 629 4215 indeque
662 4132 799 4194 deductis
827 4132 939 4193 tabulis
971 4127 1136 4209 Tychonis,
1167 4131 1296 4192 Martem
1316 4129 1435 4210 quidem
1525 4198 1528 4203 ,

88 4221 261 4283 observavit
289 4221 440 4301 Keplerus
472 4224 547 4297 (vid.
580 4223 655 4301 Cap.
680 4222 788 4295 XV.),
819 4240 925 4302 parum
956 4227 1054 4278 antem
1088 4217 1117 4278 in
1151 4219 1269 4282 theoria
1298 4218 1436 4299 profecit,

86 4330 263 4393 quamquam
288 4311 318 4371 19
341 4311 440 4373 1119119
463 4314 501 4373 ad
523 4314 803 4391 Lougomoutanum
827 4311 907 4371 datis
928 4302 1046 4380 (1605)
1069 4307 1138 4370 huic
1161 4317 1274 4382 narrat,
1299 4308 1435 4388 coepisse
1455 4388 1461 4399 1

87 4419 118 4461 99
142 4421 221 4463 9999
249 4397 342 4464 1602
357 4402 527 4463 obsonare
546 4401 780 4463 91911Μ911991
802 4400 928 4462 rediisse
951 4415 988 4456 ac
1011 4395 1214 4473 invenisse,
1237 4398 1330 4459 riam
1354 4397 1463 4475 ejus*

86 4509 169 4551 esse
194 4509 262 4552 uon
284 4491 488 4570 9911991991
511 4490 774 4566 999991119919,
798 4489 861 4549 sed
885 4484 1034 4548 ovalem.

159 4571 224 4641 Ex
247 4579 354 4641 iisdem
378 4577 475 4641 1119119
499 4589 642 4661 apparet,
664 4579 827 4659 Keplerum
851 4576 888 4638 ab
916 4595 994 4638 anuo
1022 4571 1116 4639 1602.
1141 4562 1233 4655 usqne
1256 4575 1295 4634 ad
1318 4573 1436 4636 initium

89 4667 158 4730 anui
185 4664 279 4753 1604.
306 4687 432 4749 ,991919
461 4669 632 4749 respexisse
662 4668 701 4730 ad
724 4666 884 4739 Marteru,“
910 4684 994 4739 9919,
1027 4663 1206 4766 praesertim
1236 4682 1314 4724 auno
1341 4658 1436 4738 1603,

87 4757 255 4839 09119919
284 4759 465 4831 adornaret,
489 4778 576 4839 quam
609 4757 776 4820 absolutam
803 4754 933 4829 „obtulit
956 4754 1102 4818 Caesari“
1135 4751 1221 4814 191119
1243 4752 1314 4814 9991
1341 4748 1435 4828 1604,

88 4848 225 4934 typisque
237 4846 468 4910 exscribendam
477 4848 593 4910 curavit
600 4855 719 4910 aestate
728 4843 818 4924 hique
828 4861 908 4907 auur
930 4844 1070 4908 09191991
1080 4841 1436 4928 apparetesequeuttbus
