3354 5504
626 222 917 365 mars-hl
934 268 1045 324 xxxu-
1425 254 1508 342 ‘err

138 450 376 532 ‘deceptionem
398 449 497 513 inesse
520 450 550 512 in
575 452 816 515 ratiocinatione.
861 451 940 514 Nam
963 451 1041 513 sicut
1064 450 1093 513 in
1117 450 1183 512 lnce
1207 470 1264 513 non
1289 453 1414 517 effluunt
1436 457 1514 520 radii

164 563 181 602 a
210 541 284 602 solis
307 540 429 623 punctis
448 548 480 601 et
502 540 621 602 circulis
646 543 779 621 corporis
801 541 840 602 ad
864 539 1077 619 respondentia
1100 541 1246 620 sphaerae
1270 551 1381 619 puncta
1397 553 1428 606 et
1451 548 1512 608 cir-

164 630 262 704 culos;
298 639 331 690 nt
354 629 381 691 in
405 651 421 708 y
442 648 500 690 non
525 651 543 691 a
566 631 631 692 solo
655 655 675 692 α
699 634 771 710 (qno
794 638 884 710 pacto
907 630 990 690 nulla
1013 638 1118 708 posset
1141 628 1270 692 adscribi
1295 630 1353 694 luci
1376 633 1512 696 densitas
1603 658 1605 663 ⁴

163 720 190 780 in
223 718 379 799 sphaeris,
413 737 478 779 curn
511 717 539 779 in
573 719 640 798 ipsa
670 719 784 799 origine
818 718 929 780 nnllam
957 716 1082 779 haberet
1114 719 1328 797 quantitatem,
1361 729 1464 802 utpote
1496 747 1514 786 a

162 821 273 889 puncto
297 807 509 881 descendens),
534 809 587 868 sed
611 808 737 870 effluunt
760 830 778 869 a
802 816 866 870 toto
891 806 1017 868 lucentis
1039 806 1259 887 hemisphaerio
1283 808 1360 870 radii
1383 813 1422 873 ad
1446 815 1510 875 sin-

162 898 233 981 gula
257 897 442 975 imaginatae
467 897 640 977 sphaericae
665 897 832 978 superficiei
854 904 980 977 pnncta3
1005 896 1091 957 utin
1115 919 1129 975 γ
1152 895 1249 958 effluit
1270 894 1372 959 radius
1396 908 1458 963 tem
1475 921 1512 964 ex

162 993 294 1067 dquam
318 1004 355 1046 ex
379 1005 409 1046 a:
444 985 488 1046 sic
511 986 600 1047 etiam
630 986 657 1047 in
691 987 812 1066 negotio
840 985 960 1047 virtutis
987 984 1066 1046 idem
1088 984 1146 1045 hoc
1169 986 1265 1046 locum
1288 987 1390 1052 habet.
1435 990 1515 1055 Nam

162 1077 220 1138 etsi
248 1075 404 1136 filamenta
426 1075 560 1153 corporis
582 1074 699 1137 Solaris
722 1074 891 1155 magnetica
914 1074 1089 1135 ordinantur
1112 1075 1273 1136 secundnm
1298 1075 1513 1156 longitudinem

160 1162 296 1237 nodiaei3
319 1164 378 1225 etsi
393 1163 484 1225 etiam
500 1165 604 1226 unicus
627 1164 833 1229 tantummodo
849 1163 975 1225 circulus
993 1162 1139 1224 maximus
1153 1164 1287 1243 corporis
1304 1163 1385 1227 Solis
1409 1168 1515 1233 subest

162 1254 289 1316 zodiaco
319 1254 384 1314 sive
408 1253 578 1331 eclipticas,
613 1262 645 1315 et
673 1274 760 1334 qnam
792 1253 927 1332 proxime
956 1251 1071 1313 orbitae
1103 1253 1260 1331 planetae;
1294 1254 1426 1335 denique,
1455 1257 1514 1320 etsi

162 1342 251 1405 alteri
282 1341 396 1403 circelli
428 1343 557 1405 minores
581 1343 719 1417 (tandem
751 1342 805 1404 sub
835 1341 912 1421 polis
944 1342 975 1403 in
1006 1340 1109 1421 puncti
1143 1342 1313 1421 angustiam
1347 1347 1513 1420 attenuati)

162 1431 399 1495 subordinantur
429 1432 679 1511 respondentibus
707 1433 769 1493 suis
793 1430 953 1492 circulis
945 1449 973 1490 ιιι
998 1430 1128 1509 sphaera
1150 1431 1306 1511 planetae:
1341 1440 1441 1496 tamen
1475 1435 1513 1498 ab

162 1520 311 1673 pmnibue
326 1518 443 1583 Solaria
468 1522 601 1602 corporis
623 1521 783 1582 filamentie
803 1521 855 1593 (ab
878 1539 936 1581 nno
950 1519 1170 1599 hemisphaerio
1190 1521 1323 1602 corporis
1345 1524 1513 1600 stantibus)

215 1596 400 1687 ”defluunt
423 1618 454 1671 et
476 1613 628 1673 confluunt
650 1619 713 1672 tam
728 1610 765 1672 ad
789 1618 902 1690 puncta
925 1608 1043 1687 singula
1065 1609 1182 1670 itineris
1206 1610 1332 1689 alicujus
1359 1613 1511 1692 planetae,

162 1718 237 1781 q
268 1692 351 1761 ed
341 1715 425 1778 rpsos
452 1701 538 1778 polos
567 1699 646 1780 polis
670 1698 802 1779 corporis
826 1697 907 1760 Solis
935 1697 1141 1772 imminentes;
1177 1706 1207 1759 et
1235 1699 1376 1779 planetae
1405 1722 1513 1784 corpus

162 1772 285 1853 rebitur
305 1787 345 1849 ad
368 1789 518 1851 modulum
543 1788 702 1850 densitatis
726 1789 813 1867 hujus
834 1788 971 1866 integrae
995 1785 1117 1866 speciei,
1142 1805 1179 1848 ex
1202 1789 1343 1850 filament
1322 1796 1361 1850 trs
1377 1791 1512 1855 omnibns

163 1877 363 1957 compositae.
716 1872 733 1913 ⁴⁴

253 1968 299 2028 At
322 1985 380 2026 non
402 1965 470 2027 ideo
494 1964 641 2046 seqnitur,
665 1974 699 2027 ut
722 1964 801 2026 sieut
823 1963 876 2026 Sol
899 1981 1137 2044 quaquaversum
1161 1964 1242 2025 lucet
1265 1966 1447 2046 aequaliter,
1470 1969 1515 2033 sic

164 2056 256 2118 etianr
281 2055 414 2158 planeta,
440 2055 518 2136 quod
532 2063 665 2115 metuere
684 2055 793 2135 possis,
819 2072 1055 2133 quaquaversum
1080 2058 1236 2114 moveatur
1254 2055 1319 2114 sine
1334 2056 1513 2122 discrimine.

162 2146 268 2226 Neque
301 2144 379 2205 enirn
411 2146 565 2209 filamente
586 2142 667 2205 Solis
699 2144 870 2222 magnetica
900 2150 1020 2203 movent
1054 2142 1189 2204 solitarie
1221 2143 1427 2215 considerata,
1461 2149 1516 2210 sed

163 2243 312 2315 qnatenus
337 2232 390 2296 Sol
415 2232 604 2313 rapidissime
628 2250 789 2294 conversus
812 2232 842 2294 in
866 2253 920 2293 suo
945 2232 1043 2311 spatio
1067 2231 1134 2312 ipsa
1158 2249 1273 2312 quoque
1296 2236 1458 2309 filamenta,
1484 2244 1515 2299 et

163 2342 230 2386 cnm
253 2322 293 2384 iis
316 2324 446 2403 speciem
469 2333 638 2384 moventem
662 2323 698 2383 ab
723 2322 759 2383 iis
784 2321 986 2382 dimanantem
1008 2320 1189 2383 circumfert.
1235 2321 1303 2384 Non
1337 2324 1427 2403 igitur
1460 2327 1517 2390 ibit

162 2414 289 2495 planeta
321 2412 350 2473 in
375 2414 549 2487 adversum,
582 2411 653 2491 qnia
676 2410 729 2472 Sol
761 2421 905 2512 perpetuo
938 2428 975 2473 vo
987 2411 1067 2473 uitur
1097 2409 1125 2470 in
1159 2411 1313 2473 directum.
1359 2414 1427 2476 Non
1459 2415 1516 2479 ibit

160 2505 289 2585 planeta
312 2503 351 2562 ad
374 2502 461 2582 polos
486 2501 590 2570 (etsi
582 2520 611 2561 ιιι
635 2499 672 2560 iis
696 2500 815 2579 punctis
838 2500 935 2562 etiarn
953 2411 1054 2579 &ua
1077 2497 1114 2559 de
1138 2518 1261 2580 corpore
1285 2500 1366 2563 Solis
1397 2506 1514 2585 species

159 2592 276 2669 edsio:
302 2591 372 2671 qnia
386 2608 480 2670 neqne
495 2591 649 2652 filamenta
668 2589 801 2671 corporis
816 2587 932 2652 Solaris
956 2602 1060 2649 uersus
1083 2589 1169 2692 polos
1184 2590 1394 2666 extenduntur,
1419 2614 1515 2675 neque

117 2678 341 3031 feam
333 2699 363 2740 ιιι
386 2680 507 2760 plagam
537 2678 682 2754 volvitur,
717 2678 828 2740 sedin
857 2696 940 2751 eam,
974 2695 1112 2758 quorsum
1146 2677 1243 2757 ipsum
1274 2680 1428 2744 fllamenta
1461 2705 1516 2746 sua
1585 2687 1587 2690 ’

226 2776 306 2831 tant.

181 2910 184 2915 .
255 2857 372 2929 Quibus
401 2858 522 2938 positis,
552 2864 669 2927 tantum
692 2856 779 2917 abest
801 2860 835 2917 ut
863 2856 1004 2935 pltnstae
1037 2872 1141 2916 versus
1170 2855 1256 2934 polos
1288 2857 1459 2937 rapiantur,
1483 2870 1517 2923 ut

136 2982 139 2997 =
175 2952 181 2963 ''
203 2949 268 3010 tine
290 2948 379 3035 unica
402 2946 515 3008 zodiaci
540 2946 623 3025 regio
647 2945 688 3006 sit
711 2945 810 3006 media
833 2946 911 3006 inter
934 2943 1029 3023 polos,
1055 2961 1108 3021 per
1127 2961 1216 3022 quam
1239 2965 1341 3007 omnes
1364 2947 1514 3026 planetas,

165 3039 192 3100 si
215 3058 235 3098 a
259 3032 476 3203 mnis
491 3035 629 3116 ,motibus
653 3043 810 3096 cessarent
833 3030 885 3115 (de
910 3033 1015 3113 quibus
1040 3030 1118 3094 infra
1140 3052 1207 3113 cap.
1227 3034 1426 3109 XXXVIII.)
1450 3039 1514 3100 sino

120 3208 123 3215 Ι
164 3128 229 3190 nlla
259 3124 290 3189 (ι’
450 3125 480 3185 in
503 3124 719 3204 longitudinem
743 3124 785 3184 ire
810 3124 850 3184 sit
876 3141 1010 3184 necesse.
1056 3123 1136 3184 Nam
1164 3143 1239 3204 quae
1271 3124 1386 3204 species
1416 3127 1515 3189 hemi-

163 3214 298 3298 sphaerii
316 3208 440 3278 'Soletis
463 3214 586 3275 adsistit
608 3213 697 3274 alicui
728 3220 839 3293 puncto
869 3210 998 3278 zodiaci,
1030 3219 1103 3293 puta
1126 3210 1155 3271 in
1179 3214 1332 3292 praesenti
1362 3216 1513 3278 schemate
1589 3252 1593 3259 .

165 3314 278 3386 puncto
303 3301 326 3376 ζ,
349 3311 416 3365 tota
439 3311 487 3364 est
514 3303 729 3364 filamentorum
753 3301 1015 3363 semicircularium
1039 3301 1143 3362 eodem

165 3414 226 3457 una
256 3392 462 3466 tendentium
496 3400 529 3452 nt
560 3411 598 3453 ex
621 3397 646 3453 θ
668 3392 698 3452 in
721 3414 749 3468 y,
774 3394 851 3451 cxl
882 3390 909 3450 in
933 3414 955 3465 μ
978 3399 1035 3452 etc.
1082 3389 1143 3452 Ubi

165 3503 237 3545 vero
263 3501 368 3544 versus
389 3483 476 3561 polos
499 3481 598 3542 mnndi
622 3478 820 3553 concesseris,
854 3479 940 3541 utin
964 3500 994 3556 η,
1019 3488 1090 3541 tunc
1114 3485 1145 3538 et

166 3574 265 3635 altero
294 3572 365 3652 polo
395 3571 529 3650 eorporis
553 3569 634 3632 Solis
657 3592 686 3649 y,
711 3576 742 3629 et
771 3569 989 3629 {ilementorum
1018 3567 1144 3647 integris
1172 3550 1186 3609 ζ

167 3661 300 3724 circellis
323 3664 380 3737 λμ,
414 3679 490 3741 quae
513 3661 613 3738 polum
635 3683 649 3736 y
672 3660 880 3731 circumstant,
912 3657 966 3717 sub
991 3665 1145 3735 aspectum

164 3774 211 3829 ημ
233 3749 406 3821 vindicatis,
429 3749 547 3828 species
571 3754 764 3828 componetur
789 3767 826 3807 ex
840 3746 999 3808 filamentis
1022 3746 1052 3806 in
1073 3765 1146 3807 con-

165 3840 263 3902 traria
285 3839 496 3901 tendentibus:
522 3838 698 3900 circulorum
722 3837 800 3897 enim
822 3834 926 3915 parte's
950 3834 1106 3915 oppositae
1130 3836 1147 3892 λ

166 3939 199 3991 et
220 3955 243 4004 μ
266 3929 297 3989 in
320 3936 423 4008 partes
448 3935 519 3988 eunt
541 3927 717 3989 contrarias.
763 3925 865 3987 Minus
889 3923 979 4003 igitur
1003 3931 1076 4004 apta
1100 3931 1148 3987 est

166 4019 285 4100 species
308 4018 370 4081 ista
391 4020 468 4094 θηιι
492 4035 597 4080 versus
620 4017 707 4097 polos
731 4015 858 4096 delapsa
881 4014 920 4075 ad
943 4021 1055 4075 motum
1076 4012 1147 4093 pla-

167 4109 245 4171 netis
269 4106 465 4170 inserendum.

1273 3373 1327 3439 Fig.
1346 3371 1389 3422 87.
