3354 5504
542 311 603 366 Pars
621 302 713 367 Tertia
750 315 831 383 caput
847 316 937 372 mv.

158 484 243 550 Solis
271 478 461 599 mediofflco
490 494 519 555 in
543 489 605 556 22⁰
626 490 680 559 59¹
702 501 731 569 1(
760 488 830 619 Ιαθ
858 492 966 561 66774

387 592 396 605 ”
546 582 596 647 10.
650 582 670 648 6
702 602 748 644 m
776 608 820 662 aq
857 582 965 650 67467

544 670 595 732 27.
629 670 672 825 g
703 681 731 745 a
760 625 814 735 la
857 670 965 738 arran

549 757 597 823 14.
703 773 738 841 ill
777 760 816 836 αζ
856 760 975 828 67478.

66 845 122 906 Est
144 862 220 923 ergo
243 843 419 935 lopgissima
442 868 496 922 aa,
533 868 608 930 quae
632 859 663 913 et
689 852 825 933 proxima
850 853 992 934 perigaeo
1015 848 1115 926 Solis;
1148 850 1326 915 brevissima
1347 858 1407 929 αθ,

67 952 140 1013 quae
165 933 260 995 etiam
282 933 484 996 remotissima
507 957 525 997 a
546 940 688 1020 perigaeo
712 939 810 1016 Solis;
833 950 865 1004 et
888 943 950 1004 iere
973 940 1114 1021 aequales
1138 938 1183 1014 αζ
1201 949 1232 1003 et
1254 963 1312 1019 aq,
1338 942 1408 1024 quia

70 1022 159 1084 etiam
182 1041 260 1102 pene
283 1022 450 1103 aequaliter
473 1025 583 1091 absunt
606 1049 626 1090 a
646 1031 795 1110 perigaeo.

151 1111 224 1174 Etsi
247 1130 318 1174 vero
341 1107 386 1184 αζ
406 1112 523 1193 longior
545 1125 592 1180 est
614 1119 703 1200 paulo
735 1139 821 1201 quam
854 1142 907 1198 οη,
936 1138 1011 1199 quae
1033 1118 1153 1200 propior
1181 1119 1342 1198 perigaeo:
1377 1120 1408 1183 id

67 1209 167 1264 umen
190 1200 322 1263 exilitati
345 1201 520 1281 angulomm
543 1203 611 1280 1οζ
630 1209 817 1271 tribuendum
841 1217 897 1284 est,
922 1228 976 1289 per
991 1226 1078 1289 quam
1101 1206 1188 1269 facile
1208 1218 1408 1289 tamparvum

68 1290 178 1372 aliquid
205 1297 357 1369 peccatur.
405 1291 504 1372 Ergo
534 1295 696 1360 circulus
720 1305 773 1379 dy,
799 1300 847 1380 qui
877 1297 1044 1376 descriptus
1067 1303 1116 1358 est
1138 1316 1157 1357 a
1180 1295 1346 1376 Copernico
1371 1319 1409 1360 cx

66 1386 218 1460 upuncto
241 1380 435 1460 aequalitatis
458 1391 557 1446 motus
581 1386 707 1463 Terrae,
730 1408 797 1450 non
822 1396 879 1451 est
907 1388 978 1450 iter
1000 1389 1157 1449 Terrae:
1182 1386 1237 1447 sed
1260 1395 1306 1449 est
1329 1387 1407 1450 alius

67 1468 212 1551 quispiam
244 1467 372 1531 circulus
403 1467 506 1548 θηιζ,
535 1473 566 1536 in
589 1493 647 1556 quo
672 1478 766 1540 Terra
797 1486 955 1551 versatur;
987 1477 1070 1557 cujus
1101 1484 1235 1537 centrum
1258 1476 1355 1557 vergit
1376 1478 1407 1539 in

67 1558 185 1621 easdem
208 1565 322 1638 partes,
347 1559 377 1619 in
401 1559 507 1639 quibus
531 1561 585 1627 801
609 1574 667 1639 est,
690 1567 807 1630 scilicet
829 1567 859 1629 in
881 1569 910 1644 β.

147 1648 185 1709 In
209 1646 306 1708 forma
328 1647 559 1714 Ptolemaica
581 1655 623 1718 eit
645 1656 748 1719 Tellus
770 1657 800 1719 in
816 1657 854 1733 A,
879 1654 960 1720 Solis
984 1654 1113 1736 sphaera
1136 1648 1164 1720 Ξ
1170 1654 1259 1730 ΟΙΤ,
1282 1657 1310 1717 Κ
1332 1673 1405 1717 ceu·

66 1744 137 1800 trum
152 1735 281 1818 epicycli
302 1739 482 1817 putativum,
507 1739 537 1802 id

65 1845 175 1908 nempe,
195 1826 279 1887 circa
293 1827 370 1907 quod
385 1826 535 1909 epicyclns

64 1917 120 1996 ipse
143 1915 304 1996 putativus
319 1917 377 1991 ΔΓ,
400 1917 535 1998 aequalia

64 2004 195 2068 theoriae
234 2004 316 2068 Solis
357 2006 451 2086 (quod
496 2008 535 2069 ad

64 2094 259 2158 omnimodam
272 2095 535 2175 aequipollentiam
599 2127 612 2145 .‚

62 2186 134 2247 iuter
165 2183 350 2266 hypotheses
375 2183 532 2264 Copemici

61 2285 88 2335 et
106 2272 224 2336 Brahei
251 2279 299 2335 est
330 2274 532 2337 necessarium

60 2365 152 2437 lactu,
187 2361 248 2424 etsi
275 2362 313 2422 ad
342 2372 532 2445 praesentem

60 2451 343 2515 demonstrationem
351 2452 532 2525 nihilrciert,

60 2542 85 2603 in
120 2555 313 2644 quacunqup,
342 2559 361 2620 p
417 2543 532 2603 ortione

59 2632 116 2693 sint
134 2630 222 2693 orbis
238 2629 319 2692 Solis
334 2639 366 2692 et
421 2631 533 2714 icyclus

58 2719 381 2801 planetae;dummodo
391 2720 533 2800 aequales
565 2720 571 2736 “

61 2811 193 2872 habeant
208 2808 441 2885 restitutiones).
467 2809 533 2871 Sit-

59 2898 531 2980 qneAAlincaapsidumMartis.

59 2989 126 3052 Sint
150 2987 223 3063 ΑΚ,
246 2989 313 3062 AA,
345 2987 484 3069 paralleli
515 2985 663 3067 prioribus
688 3009 738 3061 ακ,
763 2989 804 3048 αλ
832 2992 898 3061 (110.
918 2992 962 3059 76)
994 2988 1023 3049 in
1056 2986 1264 3068 (lopemicana
1295 2987 1399 3049 forma.

58 3078 235 3139 Educentur
258 3095 295 3138 ex
318 3079 349 3139 A
372 3078 609 3139 ceutroTcrrao
645 3075 741 3137 lineae
766 3077 834 3151 Ae,
852 3076 920 3151 AH,
936 3077 1002 3151 Au,
1019 3079 1074 3138 ΑΖ
1096 3076 1234 3156 paralleli
1255 3075 1401 3157 prioribus

59 3171 116 3237 αθ,
141 3187 197 3242 aq,
222 3188 271 3240 ue,
295 3163 339 3239 αζ
360 3173 391 3228 et
418 3166 577 3245 aequalos;
608 3170 642 3225 ut
664 3165 705 3227 sit
727 3166 812 3228 Mars
844 3185 923 3227 anno
955 3162 1047 3231 1590.
1071 3165 1101 3228 in
1127 3169 1163 3240 Θ,
1190 3161 1282 3229 1592.
1305 3165 1335 3227 in
1359 3170 1398 3241 H,

63 3253 154 3321 1593.
170 3255 200 3316 iu
217 3257 254 3329 Ε,
280 3251 374 3320 1595.
399 3256 429 3317 in
444 3259 489 3317 Z:
515 3264 546 3317 et
562 3254 650 3316 simul
673 3254 787 3316 medius
808 3255 889 3318 Solis
912 3265 1009 3318 motus
1031 3255 1070 3317 iis
1093 3255 1274 3335 temporibus
1297 3254 1400 3317 ordine
1524 3267 1527 3272 ·

60 3349 96 3407 eit
118 3347 189 3421 AT,
215 3344 270 3418 Al,
295 3346 364 3422 AO,
389 3341 455 3413 ΑΞ,
479 3352 513 3406 ut
535 3343 597 3405 sint
620 3342 678 3407 ΚΘ
701 3352 734 3405 et
757 3346 817 3405 AT
834 3346 986 3425 paralleli,
1010 3352 1042 3406 et
1065 3344 1109 3407 sic
1133 3344 1283 3424 reliquae,
1312 3353 1400 3424 prout
1490 3344 1497 3360 ⁶

59 3445 160 3498 notum
183 3440 234 3496 est
257 3435 293 3496 de
316 3434 502 3497 Ptolemaica
529 3433 698 3514 hypothesi.
747 3431 897 3494 Connexis
925 3435 1016 3515 igitur
1040 3437 1077 3509 Θ,
1101 3437 1139 3509 H,
1164 3436 1200 3506 E,
1223 3437 1249 3494 Ζ
1271 3452 1336 3495 cnm
1358 3437 1396 3510 K,

61 3522 317 3586 demonstrabitur
340 3523 499 3603 (utprius)
523 3522 628 3583 iisdem
653 3523 739 3601 plane
763 3523 902 3596 numeris,
927 3523 1013 3586 lineis
1031 3531 1063 3584 et
1085 3523 1211 3602 angulis,
1233 3521 1288 3585 has
1303 3523 1399 3586 lineas
1484 3539 1491 3550 ·

60 3623 182 3694 praeter
207 3612 374 3692 opinionem
399 3632 465 3674 esse
489 3611 673 3692 inaequales,
697 3630 732 3672 ac
754 3620 913 3691 propterea
935 3613 1064 3674 Martem
1087 3611 1197 3672 nonin
1220 3610 1328 3672 circulo
1347 3614 1399 3675 ΓΔ

60 3703 184 3777 versari,
211 3702 295 3782 cujus
320 3703 361 3764 sit
383 3711 517 3764 centrum
541 3701 570 3762 in
595 3704 627 3762 K
645 3709 754 3781 puncto
770 3701 979 3780 'aequalitatis
1002 3711 1113 3774 motus,
1146 3700 1199 3762 sed
1222 3700 1251 3761 in
1274 3703 1398 3765 ΖΕΗΘ

62 3793 190 3866 circulo,
214 3786 310 3870 'cujus
344 3800 478 3853 centrum
501 3811 520 3851 a
542 3794 576 3852 K
594 3809 698 3851 versus
721 3792 750 3851 B
771 3800 892 3869 vergat,
924 3790 1135 3873 propemodum
1167 3789 1196 3849 in
1227 3788 1308 3851 linea
1329 3794 1396 3868 KB,

61 3901 131 3962 quae
158 3881 201 3941 sit
223 3882 383 3960 parallelos
408 3880 504 3942 lineae
527 3899 564 3941 ex
588 3881 618 3942 A
632 3880 725 3940 Terra
747 3898 801 3959 per
819 3879 991 3960 perigaeum
1011 3879 1091 3941 Solis
1114 3878 1232 3939 ductae.

145 3970 259 4049 Vergit
280 3969 372 4050 igitur
394 3988 560 4050 apogaeum
582 3968 706 4051 epicycli
729 3968 759 4029 iu
781 3969 953 4049 perigaeum
967 3968 1057 4031 Solis.
1094 3967 1136 4029 Ει
1154 3968 1224 4048 quia
1247 3967 1396 4051 cpicyclus

59 4067 183 4142 propter
209 4059 408 4121 omnimodam
431 4058 707 4140 aequipollentiam,
730 4066 764 4119 ut
782 4058 847 4138 jam
869 4059 994 4134 dictum,
1017 4057 1170 4141 ponendus
1194 4063 1241 4117 est
1263 4059 1396 4138 aequalis

61 4148 195 4212 circuitui
220 4147 312 4224 Solis,
336 4154 368 4210 et
391 4150 448 4211 ZK
468 4148 631 4229 parallelos
655 4147 711 4228 ipsi
736 4143 801 4217 ΞΑ,
826 4155 857 4209 et
880 4150 940 4209 ΕΚ
958 4147 1014 4229 ipsi
1041 4146 1099 4216 OA,
1123 4153 1154 4207 et
1177 4149 1237 4208 HK
1257 4145 1314 4227 ipsi
1339 4148 1393 4224 lA‚

61 4248 88 4301 et
111 4241 172 4303 ΘΚ
201 4236 259 4318 ipsi
286 4239 360 4300 TA:
395 4238 487 4318 igitur
519 4236 609 4299 etiam
642 4237 724 4316 ipsas
748 4233 819 4311 ΞΑ,
847 4236 921 4312 ΟΛ,
947 4238 1010 4310 1Α,
1036 4235 1092 4297 ΤΑ
1121 4235 1294 4315 inaequales
1326 4256 1393 4299 esse

59 4327 219 4392 verisimile
253 4334 316 4403 est,
350 4336 380 4389 et
412 4334 552 4408 punctum
582 4326 671 4389 medii
704 4327 760 4388 loci
793 4324 873 4388 Solis
905 4327 1080 4400 (Braheana
1111 4325 1231 4387 notione
1260 4333 1393 4389 centrum

60 4416 184 4501 epicycli
217 4415 314 4491 Solis)
343 4436 397 4498 per
428 4416 583 4478 circuitum
612 4438 631 4478 a
659 4424 769 4497 puncto
807 4415 999 4497 aequalitatis
1034 4415 1147 4476 distare
1184 4413 1390 4495 inaequaliter.

58 4506 144 4578 Quod
169 4504 268 4569 obiter
290 4505 448 4587 interjecit
479 4505 551 4568 nihil
574 4527 602 4568 n.
625 4506 700 4568 facit
722 4505 761 4566 ad
782 4512 971 4585 praesentem
1000 4501 1302 4579 demonstrationem,
1333 4504 1391 4566 nisi

57 4598 132 4677 quod
157 4613 226 4658 cam
249 4597 385 4658 extendit
407 4595 544 4676 amplius.

140 4688 177 4749 In
201 4685 298 4747 forma
320 4684 544 4768 Tychoni'ca
566 4684 607 4746 sit
627 4685 657 4747 A
680 4689 746 4758 (rig.
775 4688 819 4753 78)
842 4684 945 4758 Terra,
968 4690 1059 4744 etex
1081 4700 1118 4741 ea
1140 4679 1286 4742 scribatur
1308 4681 1391 4746 Solis

54 4774 264 4839 concentricns
280 4772 345 4850 CD,
368 4775 418 4857 qui
440 4782 561 4854 putetur
584 4793 651 4836 esse
675 4774 812 4836 deferens
836 4779 968 4854 systema
988 4772 1186 4853 planetamm,
1209 4789 1276 4833 cum
1298 4773 1339 4834 sit
1360 4775 1390 4838 A

51 4874 195 4949 punctum
219 4864 412 4947 aequalitatis
434 4871 532 4930 motus
554 4862 733 4928 conccutrici
756 4862 847 4928 Solis.
892 4861 962 4928 Erit
982 4861 1082 4945 itaque
1105 4857 1160 4924 Sol
1183 4857 1247 4943 ipse
1275 4861 1389 4929 inaiio
