3354 5504
583 217 912 341 msam-reas.
1357 276 1423 351 015

165 466 216 520 lua
232 466 342 533 prodiret
358 465 464 517 latitudo
481 464 554 516 valde
571 478 673 530 magna.
693 463 833 515 differentia
854 462 1013 530 longitudinis
1034 464 1139 513 riciarius
1157 478 1240 529 parra.
1277 463 1342 516 Sunt
1359 469 1424 518 anim

133 538 194 607 pia
209 538 346 589 ductionis
363 537 495 593 dimidiae,
516 552 546 587 sa
564 538 694 587 oscenses
718 536 848 586 duratione
871 535 972 587 dimidia
989 533 1129 585 etheredo
1151 537 1249 587 circitm
1266 534 1319 585 380.
1355 539 1425 589 Bene

133 624 156 663 Ι
171 610 261 671 babet,
285 608 350 675 quod
372 609 459 659 umbra
487 622 574 673 parum
602 607 734 658 admodum
760 607 850 657 dicitur
876 607 1015 656 declinasse
1033 606 1065 657 ad
1082 607 1216 658 domnam.
1252 607 1354 660 Scilicet
1370 612 1425 675 ipsa

133 682 177 735 ὼ
193 681 283 733 calculi
300 681 423 731 consentit
441 694 500 729 enm
517 679 656 737 observata,
678 692 753 743 quare
771 680 848 728 etlam
869 678 1027 729 latitudinem
1045 677 1133 727 calculi
1151 686 1233 729 ratam
1251 694 1306 731 aare
1323 695 1425 733 uocem

144 766 198 821 qu
214 758 298 803 stante
316 750 403 817 mgni
421 751 603 802 constituentur
619 750 645 799 in
661 748 727 799 bunc
744 749 860 800 moduni:
882 818 893 868 ¹
924 747 967 869 6ἔο
986 746 1038 868 gs
1057 770 1090 781 -
1110 745 1216 869 3332ae

1083 890 1217 957 “iiim
1233 912 1297 977 sug.
1317 908 1373 961 01⁰.

169 984 248 1057 Ergo
269 984 425 1039 diecentros
440 984 475 1037 ad
491 971 649 1042 orbitam)
672 981 860 1035 inclinabatur
879 980 984 1051 angulo
999 973 1061 1034 29⁰,
1077 982 1111 1034 ad
1127 982 1282 1051 eclipticam
1302 978 1424 1051 310180,

133 1064 298 1121 meatem
319 1064 406 1137 igitur
426 1062 531 1134 angulo
555 1055 606 1120 14⁰
627 1058 689 1124 lt‘;
710 1061 763 1115 hoc
783 1060 851 1116 illud
868 1059 998 1131 „parum“
1015 1068 1067 1124 est,
1089 1078 1141 1131 quc
1162 1064 1258 1117 umbra
1279 1066 1427 1121 declinarit

133 1145 223 1201 artico
242 1147 277 1199 ad
298 1144 445 1199 sinistram.
487 1141 563 1197 Nihil
588 1142 675 1216 ign'tur
699 1140 841 1196 inclinatio
867 1141 1016 1196 observata
1043 1151 1182 1213 repugnat
1209 1143 1347 1199 latitudini
1368 1148 1424 1203 cal·

142 1246 152 1289 t
172 1224 244 1281 nibil
256 1224 379 1279 delemus
400 1222 552 1295 quantitati
566 1222 702 1277 hacteuus
726 1221 864 1286 defensae.
886 1219 951 1291 quin
965 1221 1057 1291 potius
1071 1221 1143 1276 banc
1161 1225 1303 1281 confirmat
1316 1227 1424 1283 duratio

133 1302 247 1371 ι’πιία,
276 1311 327 1361 aut
347 1304 371 1359 si
391 1304 521 1375 augenda
541 1309 586 1358 est
605 1302 735 1373 ista‚‚ut
753 1302 865 1372 propius
887 1302 923 1354 ad
943 1315 1030 1355 meam
1051 1301 1222 1359 durationem
1248 1306 1424 1363 observatam

133 1392 252 1451 meur.
279 1386 368 1440 multo
386 1383 546 1455 profundius
566 1384 646 1437 Luna
666 1381 694 1437 in
715 1382 837 1436 umbram
863 1387 1017 1453 mergetur,
1044 1383 1183 1453 nudusque
1203 1400 1321 1457 sequens
1341 1380 1374 1447 Si
1395 1388 1424 1442 in

133 1465 274 1523 menda
292 1464 475 1529 revocabitur,
496 1470 529 1518 ut
544 1463 604 1533 jam
624 1470 690 1518 ants
711 1462 818 1517 dietum
833 1455 869 1521 00)

323 1598 467 1654 xxxvn.
508 1596 628 1667 Eclipsis
647 1598 743 1651 Lunae
763 1612 835 1650 anno
858 1588 943 1651 1617.
966 1586 1040 1652 6116.
1061 1597 1190 1669 Augusti.

167 1693 262 1749 Finem
282 1696 390 1750 notant
408 1694 480 1748 Frid.
501 1693 632 1749 Rittelius
652 1690 829 1746 Stuecardiae
851 1691 996 1763 altitudine
1015 1694 1143 1765 Aquilae,
1166 1696 1213 1749 sed
1233 1712 1304 1770 quae
1325 1697 1421 1754 laxum

134 1780 150 1831 t
177 1772 304 1829 iudicium
332 1775 475 1846 temporis,
515 1791 574 1829 cum
603 1773 687 1828 stella
713 1771 862 1825 meridiano
893 1772 1067 1844 propinquet.
1109 1774 1148 1828 Et
1176 1790 1322 1847 perperam
1352 1788 1421 1851 puto

133 1853 224 1927 puisse
245 1855 294 1909 alt
314 1855 372 1926 poli
392 1873 441 1926 pro
463 1854 513 1909 alt.
534 1854 661 1925 Aquilae.
700 1850 865 1906 Dimittatur
884 1851 970 1924 igitur
989 1854 1043 1908 bac
1061 1851 1129 1910 rice.
1419 1882 1423 1887 -

167 1934 272 1990 Bonae
301 1936 381 1990 inem
410 1937 585 1991 observatum
614 1950 675 1987 esse
696 1932 723 1986 b.
745 1927 771 1988 9.
793 1926 841 1986 180
866 1932 909 1987 Jo.
930 1934 1030 1987 Remum
1052 1933 1205 1996 Quietanus
1233 1939 1268 1991 ad
1293 1954 1336 1993 sne
1350 1928 1422 2011 'pier-

133 2014 209 2087 peit:
231 2021 340 2086 tempus
361 2032 481 2070 emersus
501 2014 529 2068 h.
550 2010 575 2068 l.
594 2008 628 2067 10.
655 2010 741 2066 Lincii
763 2010 967 2067 observavimus
988 2012 1064 2068 illam
1084 2020 1231 2086 uteunque.
1265 2018 1421 2090 Descriptio

133 2102 182 2150 tat
201 2096 401 2150 observationis
421 2096 449 2150 in
466 2096 539 2165 pr.
555 2094 620 2149 euni
637 2087 720 2148 1617,
741 2110 834 2147 mense
847 2096 984 2165 Augusto,
1006 2087 1123 2149 examen
1143 2095 1171 2149 in
1191 2096 1327 2154 vestibulo
1348 2100 1421 2155 illius

133 2175 279 2231 temeridis.
927 2182 931 2191 ·

170 2255 320 2318 Quantitas
340 2253 512 2309 retractionis
533 2254 624 2316 inllda,
645 2253 721 2307 coelo
742 2251 844 2322 pluvio,
865 2247 936 2307 adra
955 2253 1065 2323 penitus
1086 2270 1183 2327 aquea.
1213 2258 1278 2312 Cum
1291 2258 1372 2314 Luna
1389 2278 1421 2315 eo

147 2336 254 2390 oriatur
274 2335 360 2389 liucii
380 2336 409 2387 b.
424 2334 453 2390 7.
470 2331 497 2386 30
518 2342 579 2388 ortu
601 2349 679 2403 puro,
700 2334 867 2401 factumest
888 2340 1034 2404 postquam
1055 2344 1173 2406 quatuor
1193 2337 1323 2393 distincta
1342 2340 1421 2395 bcro·
1530 2368 1533 2373 ,

133 2416 161 2470 ia
189 2417 326 2470 nonnullis
358 2415 512 2469 intervallis
542 2414 656 2467 invicem
686 2412 859 2484 insequentia
887 2414 1045 2469 sonuissent
1069 2416 1097 2468 h.
1119 2415 1163 2479 7.,
1188 2416 1247 2485 jam
1268 2419 1422 2474 imminente

133 2497 311 2567 »quadrante
331 2495 359 2549 in
382 2494 452 2548 areis
472 2494 631 2565 horologio,
652 2493 767 2558 iactum,
789 2493 912 2563 inquam.
940 2502 995 2557 est,
1017 2502 1049 2548 ut
1068 2497 1148 2550 Luna
1168 2498 1246 2566 quasi
1267 2500 1318 2553 sub
1339 2500 1422 2573 longo
1480 2484 1490 2503 ”

133 2576 211 2631 ulato
225 2576 336 2630 nubium
350 2594 366 2628 e
380 2573 529 2644 vaporibus
543 2573 639 2645 aqueis
652 2579 754 2627 exorta
766 2573 978 2644 conspiceretur,
998 2574 1104 2629 babens
1119 2576 1291 2632 altitudinem
1305 2580 1422 2650 supremi

133 2656 216 2729 rginis
239 2649 270 2711 1⁰
292 2652 348 2712 360.
383 2654 539 2709 Deficiebat
558 2656 621 2725 plus
642 2654 783 2708 dodrante.
818 2654 944 2707 Tenebat
964 2655 1084 2708 azimutb
1105 2655 1278 2712 instrumenti
1300 2651 1352 2712 2t⁰
1375 2656 1422 2715 32‘

133 2736 232 2807 linique
247 2736 332 2799 aldus
346 2736 480 2789 subrecta
493 2742 558 2805 post
572 2734 637 2788 illud
651 2734 742 2787 velum
760 2732 947 2789 densissimum
960 2751 1021 2788 sese
1036 2735 1154 2789 condidit
1168 2745 1289 2791 atrorum
1304 2740 1421 2797 nubium.

170 2816 321 2888 Postquam
341 2815 479 2870 sonuisset
498 2815 525 2871 b.
540 2810 567 2869 8.
590 2809 647 2877 l5‘,
669 2813 773 2883 incepit
793 2831 831 2867 ex
851 2813 969 2868 nubibus
989 2831 1142 2886 emergere,
1158 2815 1218 2885 jam
1240 2817 1316 2871 initio
1336 2837 1421 2874 emer·

133 2896 170 2953 nis
191 2915 228 2951 ex
249 2899 346 2952 umbra
365 2897 449 2950 facto.
491 2896 557 2949 Cum
577 2894 760 2949 tardissimum
780 2893 875 2949 borolo
899 2893 952 2948 ‘um
976 2895 1113 2949 sonuisset
1133 2896 1160 2950 b.
1183 2892 1217 2960 9.,
1239 2899 1422 2954 censebantur

133 2994 177 3033 ere
199 2974 215 3031 ³
237 2977 327 3049 digiti.
358 2967 532 3036 Altitudo)
561 2984 622 3028 erat
644 2966 695 3028 18⁰
718 2969 773 3038 150,
795 2972 818 3032 ll
842 2970 854 3028 1
915 2969 973 3031 500.
1007 2974 1072 3028 Cum
1092 2983 1205 3030 sonaret
1224 2977 1335 3047 insuper
1355 2996 1421 3050 qua·

133 3065 208 3113 utam
222 3057 250 3112 in
263 3075 326 3120 uno.
348 3059 464 3111 nondum
485 3056 594 3109 dimidia
612 3054 712 3118 lucida,
733 3070 792 3109 cum
807 3054 835 3108 in
848 3055 938 3110 altero
955 3054 1015 3124 jam
1029 3055 1314 3111 semicircumierentia
1333 3059 1424 3113 lueida

133 3145 153 3195 t
182 3139 217 3193 Η.
233 3136 259 3193 9.
275 3131 322 3191 300
343 3137 414 3191 arcis
435 3138 550 3191 dodrans
572 3135 692 3198 lucebat,
713 3125 808 3195 alt.)
831 3125 892 3191 20⁰,
913 3135 941 3189 iu
961 3135 1099 3191 auimutbo
1120 3128 1173 3191 620
1194 3133 1250 3192 500.
1283 3139 1318 3196 Η.
1334 3135 1360 3193 9.
1376 3136 1424 3194 450

133 3216 163 3275 lsi
183 3216 286 3290 digitus
307 3217 336 3272 iu
355 3217 453 3271 umbra
476 3214 615 3279 restabat,
642 3215 690 3269 alt.
712 3204 739 3275 J)
763 3206 896 3280 220100,
924 3215 1046 3271 auinmth
1065 3208 1128 3271 56⁰·
1165 3216 1253 3271 Paulo
1276 3225 1341 3288 post
1364 3219 1425 3275 risa

147 3296 269 3370 integra.
311 3299 370 3355 sle.
392 3289 444 3352 230
466 3296 509 3359 †‚
531 3295 669 3349 azimutbo
691 3287 743 3349 570
764 3290 808 3357 †.

171 3378 255 3433 Hisce
276 3395 313 3432 ex
328 3377 564 3431 observationibus
585 3384 711 3445 tempora
729 3374 800 3428 initii
821 3382 850 3428 et
863 3374 923 3429 linis
944 3374 1098 3431 eliciuntur.
1126 3375 1197 3429 Nam
1217 3375 1283 3446 quia
1301 3378 1425 3447 proditur

133 3458 205 3513 itudo
217 3459 314 3512 Lunae
328 3457 446 3528 supremi
468 3455 598 3527 marginis
623 3448 654 3508 10
676 3450 731 3518 360,
753 3454 839 3509 centri
860 3454 947 3525 igitur
968 3448 999 3509 10
1020 3450 1085 3517 20ος
1107 3454 1220 3525 etquis
1239 3454 1339 3512 iubae
1360 3460 1424 3515 alti·

133 3538 182 3593 ine
210 3538 367 3608 parallaxis
396 3536 574 3592 horizontalis
599 3529 629 3589 1⁰
653 3530 679 3588 3'
700 3535 777 3589 valet
806 3541 881 3598 tota,
911 3536 1039 3589 refmtio
1068 3552 1133 3587 raro
1158 3552 1195 3589 ex
1215 3536 1345 3607 Tycbone
1367 3534 1423 3606 230,

133 3634 177 3675 mc
195 3617 283 3691 igitur
307 3626 421 3688 superat
447 3616 602 3688 parallaxis
627 3633 677 3687 per
698 3611 754 3677 to‘.
778 3622 809 3669 ut
829 3614 865 3669 sit
890 3630 958 3669 rera
982 3615 1098 3669 altitudo
1119 3614 1205 3668 centri
1226 3609 1260 3671 20
1280 3614 1317 3673 00.
1358 3620 1424 3675 Cum

133 3714 183 3753 tem
205 3698 287 3751 Luna
312 3705 375 3752 tuuc
402 3693 450 3751 400
472 3704 536 3750 ante
560 3690 586 3755 ὁ)
608 3690 639 3753 Θ
663 3693 753 3757 luerit,
775 3689 857 3753 etQ
879 3694 907 3747 iu
929 3687 1095 3759 23¹'st‘52
1118 3692 1193 3761 (erat
1220 3696 1292 3752 enim
1320 3715 1425 3756 summa

133 3778 183 3834 uid.
199 3773 256 3842 650,
279 3795 349 3847 pene
366 3784 445 3831 recta
465 3779 610 3831 secundum
632 3775 785 3845 eclipticam
805 3781 931 3837 extensa,
952 3776 985 3826 de
1000 3790 1053 3845 qua
1073 3775 1207 3829 decedunt
1225 3770 1282 3841 250,
1303 3780 1366 3849 plus
1386 3798 1424 3834 sc.

133 3874 173 3927 tna
185 3860 305 3914 dodrans
319 3857 445 3913 diametri
458 3847 502 3921 J),
525 3856 570 3928 qui
585 3856 767 3910 delitescebat
779 3854 807 3908 in
821 3855 939 3923 umbra),
959 3852 1121 3923 relinquitur
1134 3855 1210 3909 locus
1224 3846 1251 3917 )
1274 3850 1327 3912 230
1339 3856 1369 3914 20
1378 3867 1424 3908 m

133 3938 224 4001 slat.
242 3931 277 3993 00
301 3933 346 3993 110
365 3944 489 4009 septen
504 3937 620 3991 calculo.
649 3936 709 3990 Non
729 3941 824 4005 potest
844 3942 937 3988 autem
956 3932 984 3986 in
997 3932 1050 3987 hac
1070 3934 1215 3988 altitudine
1237 3938 1312 3992 locus
1332 3941 1423 4012 desig·

133 4028 172 4085 ma
192 4019 298 4073 elevari
321 4012 360 4073 20,
381 4018 435 4073 uisi
455 4016 559 4071 oriatur
581 4009 633 4069 2δο
656 4012 703 4071 300
725 4021 779 4079 m,
800 4015 878 4085 cujus
903 4014 1020 4084 angulus
1045 4006 1096 4067 190
1117 4010 1175 4071 560.
1217 4018 1424 4083 netga-..pum

150 4098 229 4155 mma
249 4097 455 4169 amplitudinem
474 4097 591 4151 ortiram
614 4087 664 4152 180
688 4090 742 4158 150,
764 4104 794 4148 et
806 4097 886 4149 Luna
905 4094 990 4165 igitur
1006 4093 1035 4147 in
1047 4093 1100 4148 bac
1120 4094 1265 4151 altitudine
1283 4114 1335 4169 per
1354 4101 1425 4157 alins

143 4174 175 4235 50
193 4184 350 4235 merserat
370 4177 472 4232 abhoc
491 4185 593 4249 puncto
615 4174 643 4230 in
656 4175 802 4240 meridiem,
824 4182 856 4230 ut
874 4182 949 4228 esset
968 4172 1029 4240 ejus
1050 4174 1171 4230 azimutb
1191 4177 1228 4231 ab
1247 4184 1312 4232 ortu
1330 4166 1424 4237 nufia-

133 4276 180 4319 nur
199 4250 253 4315 230
275 4254 331 4322 200,
361 4259 432 4329 quod
451 4257 479 4311 in
508 4258 688 4311 instrumento
713 4257 908 4309 numerabatur
929 4246 981 4308 210
1003 4249 1060 4309 320.
1103 4255 1235 4311 Omnibus
1257 4256 1344 4329 igitur
1368 4261 1424 4316 sai·

133 4340 190 4407 ibit
209 4346 276 4395 snut
295 4337 430 4393 adimendi
453 4330 485 4391 10
508 4334 564 4391 120.
596 4335 708 4390 Oriente
728 4354 793 4391 vero
815 4328 866 4389 280
888 4330 935 4389 300
958 4338 1014 4398 2¹⁴3,
1035 4333 1100 4391 Sole
1117 4336 1146 4391 in
1160 4329 1212 4390 230
1233 4330 1282 4392 120
1301 4330 1334 4404 Ω,
1356 4341 1426 4396 hora

140 4420 181 4479 ·7.
203 4416 252 4476 lt‘
272 4436 290 4474 a
310 4418 442 4474 meridie:
462 4417 566 4472 tardius
588 4416 674 4488 igitur
689 4415 767 4485 justo
788 4420 937 4469 sonuerunt
955 4412 1109 4485 horologia.

177 4500 251 4557 Hirro
266 4498 327 4570 jam
351 4498 515 4553 incidentiae
540 4503 703 4551 momentum
729 4495 866 4550 eliciamus
886 4501 931 4549 sat
950 4495 1003 4547 ndo
1023 4495 1137 4552 calculo.
1178 4496 1335 4557 Restabant
1354 4501 1425 4557 enim

141 4578 228 4647 hun
245 4580 333 4635 miuus
353 4594 435 4650 quam
454 4574 483 4631 80
505 4573 552 4640 600,
575 4594 634 4630 cum
654 4575 776 4629 horarius
798 4566 824 4636 D
847 4591 866 4629 a
887 4569 919 4633 Q
941 4570 988 4627 sit·
998 4568 1053 4626 350.

133 4654 198 4711 1900
293 4657 377 4709 Minna
404 4657 480 4721 igitur
505 4670 577 4721 qnam
599 4653 639 4704 1⁴⁴
657 4660 728 4717 post,
755 4652 779 4703 b.
799 4668 822 4704 a.
848 4661 907 4704 ants
925 4652 949 4701 b.
970 4649 994 4699 7.
1015 4649 1057 4700 280
1083 4656 1138 4701 tota
1162 4653 1257 4704 incidit
1293 4656 1353 4708 Esto
1379 4658 1427 4710 boc

133 4726 198 4781 1300
223 4727 249 4779 b.
268 4724 293 4775 7.
312 4725 364 4778 230.
390 4728 465 4791 Atqui
481 4726 554 4791 paulo
572 4733 628 4790 post
643 4723 668 4773 b.
680 4722 705 4774 3.
723 4720 766 4772 150
784 4725 859 4782 urbia,
877 4727 894 4774 i.
913 4740 945 4781 e..
962 4724 1034 4773 utin
1051 4737 1103 4787 seq.
1121 4727 1262 4790 corrigetur.
1280 4731 1427 4796 paulopost

133 4800 196 4872 ᾖ
222 4798 425 4923 maleam
438 4798 538 4917 {iim
560 4796 756 4848 animadversum
778 4797 927 4847 emersionis.
964 4795 1029 4859 Ergo
1046 4808 1116 4845 mora
1137 4795 1234 4846 clrcitm
1249 4795 1275 4847 b.
1297 4800 1321 4855 l.
1340 4798 1383 4850 at‘
1401 4810 1428 4856 et
