3354 5504
480 1092 532 1194 u.
563 1088 882 1198 RUDOLPHO
920 1099 983 1199 IL

121 1304 128 1319 '
187 1298 481 1433 colluuntur
511 1300 804 1398 infimiori
842 1303 1024 1401 SEMPER
1048 1304 1281 1402 torosio·

62 1481 334 1560 cumcuma,
363 1483 634 1594 nuncnunc,
672 1484 892 1552 concursu
920 1490 973 1554 ne.
1007 1488 1121 1585 nuci.
1167 1487 1402 1555 ARcrimucl
1482 1504 1484 1509 ·
1606 1504 1609 1510 ·

581 1607 796 1675 AUSTRIAE
819 1613 873 1677 inc.

425 1786 745 1870 Angustissime
782 1791 1028 1874 Imperator.

68 1944 73 1955 ·
114 1922 116 1926 ’
142 1907 234 1982 Quod
256 1907 312 1973 Str
330 1905 389 1973 0⁸0
406 1909 472 1973 ll&
491 1911 567 1987 Vas,
591 1912 742 1992 totiusque
766 1914 842 1976 adso
863 1915 978 1978 Domus
996 1914 1179 1979 Austriacae
1206 1915 1398 1978 serenissimo
1448 1965 1452 1974 .
1511 1922 1519 1943 ⁸

58 1999 177 2065 Nemini
210 1999 303 2064 foelix
335 1999 523 2083 faustumque
546 2002 604 2077 sit,
634 2001 767 2082 imperiis
789 2004 855 2064 Md·
872 2004 1075 2068 thandem
1098 2004 1258 2085 aliquando
1280 2003 1397 2085 publice

57 2089 255 2172 mudum
278 2087 405 2152 exhibeo
428 2088 644 2170 Captivum
675 2091 911 2170 nobilissimum,
941 2095 1006 2175 jam
1028 2094 1144 2176 pridem
1166 2093 1309 2174 auspiciis
1331 2092 1398 2156 biti·

56 2179 115 2241 Vs·
140 2179 225 2243 bello
256 2176 371 2243 difficili
400 2187 433 2243 et
461 2180 612 2243 laborioso
635 2200 655 2243 a
676 2200 723 2243 me
746 2182 933 2264 acquisitum.
978 2184 1084 2267 Neque
1107 2182 1185 2245 enim
1207 2201 1331 2259 versor,
1364 2191 1400 2247 ut
1530 2240 1533 2247 ,

56 2268 167 2351 captivi
190 2286 297 2332 nomen
321 2277 487 2344 aversetur,
511 2269 559 2349 qui
578 2271 643 2351 jam
665 2270 737 2333 olim
756 2279 804 2333 est
822 2271 940 2349 solitus,
964 2271 1112 2353 depositis
1125 2273 1231 2355 clypeo
1245 2271 1400 2353 paulisper

56 2367 84 2421 et
97 2357 194 2423 armis
213 2376 281 2421 sess
295 2356 392 2438 ipsum
405 2357 580 2421 vincendum
596 2359 840 2441 vinciendumque
857 2362 1003 2443 praebere
1017 2361 1169 2426 lubentem
1184 2368 1217 2425 st
1236 2362 1398 2437 ludentem,
1487 2366 1490 2371 “

55 2448 172 2531 quoties
195 2447 342 2523 custodia,
366 2465 469 2511 carcer
491 2457 545 2510 aut
566 2449 684 2512 mucela
705 2450 892 2530 placuerunt.

139 2536 240 2621 [injus
276 2555 348 2599 vero
379 2537 544 2617 spectaculi
575 2558 633 2601 uon
665 2538 761 2619 major
792 2540 905 2619 poterit
937 2558 1004 2603 esse
1040 2539 1221 2615 celebritas,
1249 2558 1338 2621 qnam
1370 2539 1398 2603 si
1536 2596 1545 2616 ,

55 2626 271 2709 penegyricum
293 2625 413 2707 captivo
436 2627 697 2706 praestantissimo
720 2627 866 2704 scribam,
897 2627 1075 2711 publicaque
1098 2646 1172 2692 voce
1195 2628 1396 2709 pronunciem.

140 2714 213 2779 Etsi
245 2715 322 2778 bunc
344 2715 377 2781 in
399 2735 536 2798 campum
549 2716 721 2798 ingressuro
739 2718 881 2799 splendor
906 2717 1035 2782 occurrit
1050 2717 1244 2795 admirabilis,
1266 2717 1397 2781 avertit-

55 2823 106 2887 que
138 2813 172 2868 at
200 2803 377 2888 perstringit
401 2805 519 2882 oculos,
556 2808 596 2869 ad
625 2813 714 2871 tenne
744 2806 843 2871 noctis
871 2809 969 2871 lumen
997 2808 1175 2890 umbrasque
1197 2807 1397 2873 scholasticas

56 2895 257 2960 adsudaotoa

141 2986 251 3065 Itaque
288 2982 423 3065 relinquo
456 2984 650 3064 scriptoribus
686 2983 878 3050 historiarum
908 2986 1116 3069 explicandam
1148 2984 1278 3068 hospitis
1300 2983 1396 3049 nostri

56 3072 305 3156 magnitudinem,
328 3091 361 3136 re
383 3072 493 3136 bellica
515 3082 727 3154 comparatam.

137 3162 255 3227 Dicant
276 3161 321 3225 illi
343 3181 426 3238 sane,
450 3163 528 3226 bnnc
550 3183 629 3240 esse,
651 3182 705 3244 per
728 3184 815 3246 quem
838 3183 940 3228 omnes
964 3165 1112 3229 exercitus
1135 3164 1266 3241 vincent,
1289 3182 1394 3228 omues

57 3250 125 3319 belli
151 3252 244 3316 duces
267 3251 461 3333 triumphent,
486 3270 589 3316 omnes
602 3245 705 3334 Reges
727 3253 892 3336 imperent3
915 3254 980 3317 sine
993 3254 1078 3335 cujus
1092 3273 1147 3336 ope
1163 3271 1248 3317 nemo
1266 3271 1394 3337 unquam

57 3360 221 3424 quenquam
253 3341 405 3422 captivum
432 3360 514 3421 cnm¹
530 3342 619 3405 lande
650 3342 819 3406 abduxerit.
864 3345 950 3408 Hunc
978 3345 1041 3426 jam
1063 3363 1129 3406 meo
1151 3344 1252 3406 Marte
1273 3350 1394 3426 captum

57 3430 221 3513 pectendo
250 3449 322 3494 suos
344 3430 387 3494 illi
410 3432 513 3494 oculos
536 3431 696 3495 exsatient

140 3519 257 3584 Dicant
278 3519 433 3583 Romanae
455 3521 670 3602 magnitudinis
693 3521 904 3598 admiratores,
932 3520 1010 3585 huuc
1033 3540 1101 3585 esse
1124 3526 1255 3585 satorem
1277 3519 1395 3602 Regum

58 3608 176 3675 Romuli
200 3617 232 3672 et
252 3608 351 3686 Remi,
375 3618 616 3674 conservatorem
639 3611 729 3688 urbis,
752 3618 954 3691 protectorem
976 3609 1146 3688 Quiritium,
1169 3616 1315 3674 statorem
1329 3612 1393 3674 Im-

58 3700 148 3781 perii:
174 3718 232 3781 quo
256 3700 386 3781 propitio
409 3697 539 3761 Romani
561 3700 718 3764 militarem
742 3700 929 3780 disciplinam
952 3700 1127 3777 invenerint,
1150 3699 1297 3776 auxerint,
1319 3719 1393 3783 per-

57 3788 200 3865 fecerint,
232 3789 392 3870 orbemque
422 3789 581 3853 Terrarum
608 3790 843 3872 subjugaverint.
904 3790 991 3854 Hnnc
1019 3790 1112 3870 igitur
1138 3788 1393 3871 cirumscriptum

62 3877 217 3960 domnique
244 3878 427 3941 Austriacas
456 3878 556 3943 loelici
584 3880 680 3943 omine
703 3898 780 3942 nnnc
803 3879 980 3962 acquisitum
1002 3878 1198 3960 gratulentur.

136 3967 207 4050 Ego
229 3986 277 4031 nm
299 3967 369 4031 bino
391 3968 432 4031 ad
453 3968 516 4031 alia
536 3968 663 4050 recipio,
687 3988 762 4052 quae
785 3979 857 4032 sunt
878 3967 990 4032 viribus
1012 3967 1087 4032 meis
1110 3968 1391 4061 accommodatiora.

58 4055 160 4144 Neque
195 4064 298 4120 tanrsn
319 4057 351 4121 in
374 4076 411 4121 ea
432 4057 626 4139 professionis
649 4077 734 4121 meae
757 4067 844 4142 parte
866 4059 973 4140 pedem
996 4058 1095 4140 figam,
1117 4057 1152 4122 in·
1172 4077 1232 4141 qna
1251 4059 1325 4125 mibi
1345 4059 1391 4124 ri·

58 4151 164 4214 multas
192 4146 352 4211 intercedit
374 4164 441 4210 omn
462 4147 722 4211 commilitonibus.

138 4237 189 4302 Illi
222 4256 296 4301 saus
328 4237 468 4317 gaudium
500 4237 581 4301 aliud
611 4238 684 4300 licet
710 4238 882 4320 gaudeant:
910 4236 1104 4301 constrictum
1125 4236 1252 4302 vinculis
1274 4234 1391 4312 calculi,

58 4328 100 4408 qui
132 4326 229 4391 toties
258 4326 392 4407 ipsorum
421 4346 527 4390 manus
556 4334 589 4391 et
622 4328 724 4392 oculos
757 4326 899 4408 effugiens
939 4325 1027 4390 irrita
1056 4326 1163 4392 solitus
1190 4335 1239 4392 est
1264 4328 1389 4392 reddere
1447 4401 1449 4405 y

57 4417 197 4482 rsticinia
227 4414 349 4479 maximi
371 4417 532 4480 momenti:
561 4416 668 4499 qnippe
701 4417 854 4494 debello,
886 4415 923 4478 ds
946 4415 1089 4494 victoria,
1121 4417 1158 4480 de
1180 4416 1319 4500 imperio,
1350 4415 1389 4481 de

57 4505 201 4590 dignitate
223 4504 356 4583 militari,
380 4506 416 4568 de
439 4506 622 4588 magisterio,
647 4506 685 4569 ds
707 4507 789 4583 lusu,
814 4506 851 4568 de
873 4505 941 4587 ipsa
958 4505 1084 4589 deniqne
1103 4505 1167 4569 rita
1185 4505 1388 4573 abscindenda

57 4598 99 4661 vel
119 4596 323 4679 proroganda
368 4595 419 4658 llll
438 4594 494 4660 irs
512 4596 575 4659 Vt·
595 4597 782 4678 gratulentur
804 4596 841 4658 de
864 4594 1017 4660 domino
1039 4595 1257 4678 geniturae
1280 4596 1311 4660 iu
1328 4613 1387 4680 po-

56 4692 197 4751 testatem
217 4683 353 4762 redacto,
376 4684 529 4751 imovero
552 4686 730 4762 conciliato3
761 4685 870 4768 quippe
891 4684 954 4749 illis
976 4686 1104 4750 testibus
1126 4685 1210 4750 Mers
1230 4683 1388 4768 Scorpioui

56 4773 232 4855 matur,
247 4774 298 4858 qui
309 4793 363 4839 eor
374 4774 452 4839 cosli
465 4775 573 4852 babet;
595 4777 626 4840 in
641 4773 823 4857 Capricorno
837 4774 1000 4854 exaltatur,
1019 4774 1069 4858 qui
1082 4774 1194 4857 oritdr;
1216 4773 1385 4855 moenum,
