3354 5504
161 257 228 337 456
575 262 605 318 In
623 262 806 321 Commentarls
823 269 855 319 de
871 266 976 319 motibus
993 263 1081 319 llarlis

163 456 258 523 opacis
274 453 370 507 sddldlt
384 446 519 517 Keplsrus)
536 447 572 500 ad
601 448 714 500 eundem
743 464 830 502 usum.
851 476 891 487 -
911 448 981 510 Quid
1000 446 1145 501 Merliui
1174 445 1396 521 cosmographis
1414 464 1501 521 napa

162 530 238 585 edita
250 528 397 591 contineat
417 526 535 581 nondum
554 526 693 595 perspexi.
726 529 789 581 lem
808 529 837 581 in
856 544 889 581 eo
910 544 977 592 som,
992 535 1024 581 ut
1044 528 1141 581 librum
1162 528 1238 583 illum
1258 528 1324 583 mibi
1338 546 1501 601 comparem.

248 624 306 675 flua
322 636 399 688 usqua
415 620 546 685 Keplsrus.
581 620 699 686 Reliqua,
717 638 782 687 quse
808 624 891 673 insunt
913 622 970 672 huic
988 623 1113 687 epistolae.
1132 624 1165 674 ad
1187 623 1350 675 Harmoniam
1370 626 1500 689 partium

160 696 283 763 Keplarns
299 696 326 745 ln
342 694 481 759 praemisals
498 693 584 749 literis,
602 694 723 743 intactam
734 696 902 759 quaestionem
914 694 1035 743 Hervarti
1048 693 1079 743 de
1091 694 1261 759 (lopernicana
1276 696 1410 760 hypothesi
1428 696 1501 747 radn-

161 782 254 835 qaeus.
273 766 307 819 ad
323 779 380 817 aaut
396 764 470 815 rediit
486 765 554 815 circa
570 765 678 829 Aprilem
695 780 805 815 mensem
826 762 900 822 1607,
919 772 998 814 motus
1016 765 1054 814 bis
1072 765 1193 815 llerrarti
1210 767 1305 817 serbis:
1330 767 1392 817 was
1408 768 1454 819 Icls
1470 768 1501 819 ds

160 838 290 905 bypotlresi
306 834 369 887 Solis
395 842 422 885 et
438 834 530 887 'ferrae
547 832 717 900 coperuicana
742 837 781 885 tur
797 836 863 887 miob
888 836 1005 895 selbsten,
1032 839 1078 887 vie
1096 852 1122 886 es
1139 839 1186 887 mir
1212 838 1281 889 aliud
1298 841 1385 905 agenti
1403 854 1435 889 sn
1452 828 1500 891 Ga

161 908 232 961 mlltls
242 922 382 977 gagaugsu,
398 905 567 973 gescbsieben.
585 906 675 957 daraul
690 906 753 957 babe
771 907 812 959 iob
829 908 901 958 leina
913 908 1033 967 Antvort,
1051 906 1173 959 vielleiclst
1185 909 1280 969 damin,
1300 909 1359 960 dass
1371 925 1400 961 es
1417 910 1502 961 kain«

161 983 273 1105 m
288 976 475 1111 fflfqffi
496 976 563 1027 wollt
589 978 648 1029 aber
672 977 736 1028 decb
761 994 822 1045 garn
840 978 879 1029 dio
898 979 1049 1030 confutation
1075 979 1164 1031 dassen
1189 981 1338 1032 sernebman
1364 980 1409 1043 (ex
1431 982 1500 1047 ep'aa

248 1124 316 1181 cum
335 1138 502 1195 quaererem,
523 1129 620 1193 scripsit
628 1126 757 1192 Keplerus,
779 1138 834 1193 qna
854 1123 960 1177 ratione
981 1123 1091 1185 iactum,
1114 1130 1145 1177 ut
1165 1125 1354 1196 quaestionem
1374 1128 1409 1180 de
1429 1129 1502 1183 melu

161 1206 232 1263 solis
251 1202 382 1277 proximis
402 1202 491 1257 literis
512 1201 731 1271 praeterirerim,
759 1202 863 1265 incidit,
891 1221 945 1257 non
965 1203 1049 1257 luisse
1070 1206 1105 1258 ad
1125 1222 1220 1259 manus
1241 1206 1436 1277 Copernlcum3
1465 1224 1502 1263 ex

162 1300 295 1361 quocum
314 1284 442 1348 schema,
471 1299 522 1354 per
542 1284 613 1353 quod
637 1298 739 1336 mecum
769 1282 848 1353 agis,
878 1284 923 1336 diu
953 1282 1036 1337 anxie
1055 1285 1265 1355 quaesivissem,
1300 1286 1418 1359 denique
1438 1286 1502 1341 inci·

161 1367 210 1431 dit,
229 1364 329 1421 m‘disse
348 1380 392 1419 me
418 1364 447 1419 in
466 1362 531 1418 'lbsis
552 1362 639 1416 literis
658 1362 793 1432 prioribus
819 1363 957 1431 adjectum
980 1364 1092 1419 schema
1109 1365 1264 1420 Lunarsbus
1285 1368 1501 1439 quaestionibus.

161 1446 239 1519 cujus
259 1462 338 1501 mum
357 1450 422 1498 tnnc
441 1442 546 1497 nullum
565 1442 657 1496 ridere
677 1442 762 1513 potui.
793 1447 911 1511 (Schema
930 1446 1002 1511 lut.)
1042 1450 1133 1517 Atque
1153 1463 1207 1517 ego
1235 1446 1263 1501 iu
1283 1450 1381 1502 eadem
1402 1448 1503 1503 selteda

159 1534 240 1583 notas
259 1540 335 1579 meas
348 1526 384 1579 ad
397 1522 572 1596 quaestiones
584 1522 708 1576 Lunares
729 1524 948 1594 perscripseram,
970 1524 1064 1597 itaque
1078 1526 1189 1589 lactum,
1204 1534 1236 1580 ut
1249 1536 1279 1579 et
1291 1526 1370 1593 illud,
1387 1528 1440 1591 nisi
1459 1544 1500 1583 nse

161 1606 236 1662 fallit
254 1604 391 1668 memoria,
413 1604 449 1659 ab
464 1603 622 1657 amanuensi
642 1603 714 1657 inter
725 1603 849 1657 Lunares
870 1612 978 1658 nostras
999 1605 1201 1678 depingeretur.
1235 1607 1298 1661 Jam
1318 1608 1500 1678 respondebo,

161 1686 209 1743 sed
237 1684 303 1757 qnia
328 1685 447 1739 obscura
474 1692 519 1737 est
546 1682 699 1745 sententia,
728 1682 814 1737 dicam
844 1684 950 1755 aliqua,
980 1702 1050 1756 quae
1079 1687 1151 1741 forte
1176 1703 1231 1739 nou
1256 1686 1440 1757 pertinebunt
1467 1688 1499 1743 ad

160 1766 310 1823 rhombum.

247 1844 293 1900 Sic
313 1844 370 1899 Tu:
392 1842 457 1914 quia
476 1842 548 1896 DFB
568 1863 604 1889 =
624 1842 704 1904 DCB,
725 1842 788 1896 binc
808 1843 917 1913 colligit
937 1844 1111 1915 Copernicus,
1132 1862 1225 1901 aream
1239 1847 1312 1901 ACL
1327 1865 1390 1901 esse
1413 1847 1499 1901 insen·

161 1926 275 1983 sibilent.
308 1921 361 1979 Hic
381 1938 435 1993 ego
455 1922 514 1976 dioo
534 1921 633 1992 primo:
654 1921 677 1975 si
692 1928 767 1976 esset
787 1923 925 1992 possibile,
947 1942 994 1978 nos
1016 1926 1107 1979 videre
1128 1944 1165 1981 ex
1184 1930 1211 1981 A
1230 1928 1318 1983 'l'erra
1331 1928 1499 1999 puuctumll

160 2008 284 2070 fixarum,
306 2018 366 2057 cum
386 2018 439 2073 quo
459 2002 481 2057 F
501 2001 548 2057 Sol
567 2002 676 2055 ridetur
694 2002 832 2073 conjungi,
852 2002 891 2056 sic
911 2021 948 2058 ex
969 2005 990 2059 0
1011 2013 1140 2075 punctum
1160 2008 1195 2071 D,
1216 2014 1281 2061 tuno
1301 2006 1372 2062 nibil
1392 2009 1428 2062 ad
1447 2024 1500 2061 rem

161 2088 282 2150 ramat,
321 2083 379 2139 sive
408 2082 544 2137 sensibilis
573 2085 631 2136 sive
661 2080 824 2136 insensibilis
858 2090 932 2137 esset
961 2100 1029 2138 area
1055 2086 1134 2142 ΔΕΒ.
1184 2088 1397 2142 Numeraremns
1433 2086 1499 2141 euin

163 2166 267 2241 gradus
288 2180 307 2219 a
325 2162 349 2217 B
369 2160 398 2217 in
416 2162 452 2228 D,
473 2160 515 2217 illi
534 2168 723 2217 memorarent
737 2163 801 2216 mibi
815 2163 945 2234 auguslum
960 2165 1031 2219 Dl'B
1044 2167 1090 2219 vel
1104 2167 1181 2231 AFC,
1197 2168 1262 2239 quia
1275 2168 1367 2222 lineae
1382 2168 1439 2233 CD,
1453 2166 1498 2221 ΔΒ

161 2262 213 2319 per
231 2248 353 2299 cents'um
372 2242 396 2297 F
413 2248 567 2297 transeunt

242 2322 341 2397 Atqui,
361 2321 414 2378 etsi
433 2328 547 2393 propter
560 2321 631 2377 Solis
652 2322 836 2391 praesentiam
856 2340 909 2377 uon
933 2339 1075 2393 possumus
1096 2325 1187 2380 videre
1207 2334 1337 2397 punctum
1357 2329 1382 2383 B
1403 2325 1449 2381 rel
1465 2326 1498 2389 ll,

164 2422 215 2463 nec
234 2404 258 2460 si
277 2404 427 2459 rideremus
449 2417 675 2475 agnosceremus,
697 2417 756 2455 cum
783 2419 836 2455 uon
857 2402 912 2458 sint
932 2405 1077 2474 appositae
1097 2412 1180 2461 notae
1200 2424 1387 2473 numerorum,
1418 2416 1450 2465 nt
1474 2408 1501 2463 ia

163 2484 265 2544 nostsu's
295 2482 402 2539 ciruslis
431 2482 610 2546 mechanicis,
640 2488 731 2536 tamen
759 2483 1007 2551 comprehendimus
1033 2484 1084 2540 illa
1113 2486 1176 2557 ipsa
1200 2494 1305 2558 puncta
1333 2489 1448 2545 seorsim
1473 2494 1501 2541 et

163 2580 335 2623 numeramus
355 2563 413 2619 illa
457 2564 527 2617 Nam
548 2568 708 2633 comparata
727 2560 798 2616 Solis
821 2562 938 2618 altitudo
957 2580 1018 2619 cum
1038 2567 1196 2637 aequatoris
1216 2568 1363 2623 altitudine
1384 2566 1502 2624 ostendit

163 2644 371 2703 decllnatiomm
399 2650 561 2713 punctorum
590 2642 734 2711 eclipticae
753 2642 785 2706 B,
806 2643 841 2706 D,
863 2658 934 2714 quae
955 2644 1050 2715 quovis
1079 2646 1108 2699 in
1127 2650 1215 2718 gradu
1242 2655 1288 2703 est
1314 2649 1381 2705 alia
1422 2648 1501 2705 Vides

162 2742 232 2801 ergo
250 2724 350 2797 primo,
380 2723 433 2778 etsi
453 2723 540 2778 Terra
559 2739 613 2777 non
642 2721 679 2776 sit
705 2722 733 2775 in
753 2728 845 2777 centro
866 2723 956 2778 mundi
976 2726 1011 2789 F,
1032 2728 1103 2797 quod
1131 2736 1223 2781 tamen
1252 2727 1410 2785 innotescat
1428 2726 1501 2784 nobis

162 2805 283 2881 angulus
303 2804 338 2859 ad
360 2804 432 2859 Fet
451 2818 531 2857 arcus
551 2803 601 2858 DB
623 2800 780 2872 ecliptioae,
811 2820 861 2856 nec
881 2819 949 2873 opus
975 2804 1012 2858 sit
1032 2806 1066 2859 ad
1087 2806 1139 2860 boc
1167 2807 1303 2878 positione
1324 2808 1500 2883 aequalitatis

162 2884 326 2961 angulorum
344 2882 425 2948 Dl'B,
446 2882 528 2938 Dca.
570 2883 666 2953 ltaque
687 2898 724 2935 ex
737 2880 878 2936 Solaribus
900 2884 1137 2941 observationibus
1157 2906 1211 2943 uon
1231 2888 1371 2945 invenitur
1391 2888 1500 2945 insensi-

163 2967 259 3024 bilitas
279 2978 363 3019 areae
382 2962 464 3018 AGL.
509 2961 651 3019 Invenitur
679 2968 771 3015 autem
796 2961 927 3017 diameter
947 2964 992 3017 cL
1012 2965 1178 3021 insensibilis
1205 2969 1240 3023 ad
1259 2968 1331 3023 llras
1353 2988 1392 3025 ex
1412 2972 1500 3025 obser·

162 3046 275 3105 vatione
288 3042 436 3099 distantiae
456 3044 599 3099 stellarum
618 3043 743 3104 lixarum,
766 3048 893 3113 quaeest
912 3052 1046 3114 perpetuo
1067 3048 1170 3112 eadem,
1192 3048 1250 3102 sire
1271 3066 1308 3103 ex
1323 3048 1345 3103 C
1359 3050 1418 3104 sive
1431 3048 1499 3105 erl.

162 3131 342 3184 mensuretur.
370 3122 440 3178 llam
460 3122 483 3177 si
505 3124 550 3183 CL
569 3124 597 3178 in
617 3121 739 3175 sensibili
759 3122 936 3191 proportione
956 3132 1031 3180 esset
1050 3127 1084 3180 ad
1105 3128 1185 3193 llxas,
1206 3128 1342 3183 distantia
1353 3130 1406 3185 Da
1419 3130 1499 3185 minor

163 3224 201 3264 ex
219 3206 250 3272 (l.
270 3202 358 3275 major
378 3221 415 3259 ex
434 3203 458 3256 L
478 3210 628 3273 appareret
645 3200 818 3258 sensibiliter.

242 3294 305 3351 Jam
329 3297 518 3349 demonstrata
538 3292 749 3347 insensibilitate
770 3292 893 3356 aliunde,
915 3300 946 3346 ut
966 3294 1078 3359 dictum,
1099 3301 1175 3349 recte
1195 3298 1387 3367 progredimur
1406 3318 1452 3361 eo,
1470 3304 1499 3353 nt

165 3374 230 3450 quia
247 3375 448 3431 semidiameter
461 3372 504 3427 CF
516 3372 689 3435 insensibilis,
714 3372 798 3427 etiam
811 3372 930 3444 angulus
944 3374 1011 3428 l'BC
1025 3375 1062 3429 sit
1084 3374 1258 3441 insensibilis,
1281 3376 1377 3449 itaque
1390 3380 1461 3435 Dl'll
1473 3386 1499 3432 et

162 3456 235 3512 DGB
249 3456 285 3511 ad
305 3470 415 3510 sensam
426 3453 567 3525 aequales.
596 3452 730 3515 Quorsum
749 3452 820 3507 haec
839 3452 939 3506 utilia?
972 3454 1015 3507 Ad
1036 3454 1172 3509 sciendam
1185 3456 1364 3513 remotionem
1383 3460 1456 3515 llxse
1474 3458 1499 3513 in

165 3537 189 3592 B
209 3552 228 3591 a
247 3535 308 3590 loco
327 3534 399 3591 aclis
419 3532 447 3588 in
466 3532 493 3587 D
514 3550 551 3587 ex
571 3532 592 3586 G
612 3533 698 3586 'l'erra
717 3532 871 3603 inspectae,
902 3533 1037 3587 mediante
1057 3536 1165 3605 Venere
1185 3537 1230 3590 vel
1250 3538 1341 3593 Luna.
1383 3538 1453 3595 llam
1479 3538 1499 3595 si

164 3614 209 3673 ΕΟ
218 3613 354 3671 ιοιιιῖυἰΙίι
368 3620 450 3677 esset,
465 3612 585 3684 angulus
594 3612 666 3667 DCB
676 3628 777 3682 parvus
788 3620 944 3683 appareret,
960 3621 989 3667 et
997 3620 1030 3667 ut
1042 3614 1129 3683 ipsiD
1139 3623 1242 3670 certum
1252 3616 1281 3671 in
1290 3618 1404 3675 zodiaco
1418 3620 1499 3677 loeus

165 3694 337 3761 definiamus,
367 3694 455 3765 ipsum
482 3698 613 3762 punctum
631 3692 655 3745 Β
676 3692 814 3749 rideretur
843 3692 894 3763 ipsi
915 3693 941 3746 D
960 3693 1072 3763 propius
1097 3711 1135 3748 ex
1155 3696 1175 3749 C
1197 3713 1278 3768 qnam
1307 3716 1345 3753 ex
1371 3700 1499 3755 l'oenlrs

165 3774 264 3833 mundi.
296 3776 375 3831 Haeo
394 3774 567 3829 memoranda
580 3772 698 3836 fluerunt,
720 3770 744 3826 si
763 3772 835 3826 forte
856 3771 930 3826 circa
949 3789 984 3826 ea
1004 3772 1165 3845 impedieris.
1204 3776 1317 3847 Pergis:
1348 3778 1405 3841 „sio
1424 3778 1499 3835 intel·

165 3856 233 3931 lige,
254 3854 341 3913 solam
361 3852 541 3909 differentiam
553 3852 633 3917 DFB,
647 3852 728 3917 DCB,
743 3852 795 3906 hoc
815 3858 858 3906 est
871 3850 947 3916 FBC,
963 3852 1147 3908 insensibilem
1168 3858 1256 3911 esse*
1294 3858 1382 3923 Quasi
1401 3860 1499 3915 dloeres

165 3938 254 3993 solnm
273 3934 317 3991 cl*
335 3933 528 3997 insensibilem,
548 3950 602 3987 non
622 3950 687 3986 vero
707 3931 891 3986 insensibilem
913 3932 957 3985 CL
977 3934 1096 4003 duplum.
1137 3938 1177 3988 At
1197 3936 1220 3990 si
1240 3936 1368 4009 simplum
1391 3938 1499 3995 innan·

165 4016 238 4081 bile,
268 4014 380 4087 duplum
399 4015 517 4070 nondum
536 4012 677 4079 sensibile,
708 4013 756 4067 sed
784 4012 901 4066 fortasse
922 4014 1078 4083 centuplum
1108 4021 1158 4069 aut
1185 4016 1373 4089 milleouplum
1399 4020 1500 4077 demna

166 4095 279 4168 incipiet
295 4112 358 4151 esse
376 4093 515 4150 sensibile.

257 4174 390 4239 ..Videtur
409 4174 449 4229 sio
468 4172 575 4227 institui
595 4188 677 4244 posse
696 4170 868 4243 hypothesis,
889 4177 922 4225 ut
943 4170 991 4227 sol
1011 4170 1049 4225 sit
1067 4171 1095 4225 in
1115 4173 1149 4238 G,
1171 4182 1293 4230 centrum
1313 4178 1408 4233 mundi
1427 4180 1456 4237 in
1472 4180 1499 4243 P,

46 4274 50 4281 ·
167 4258 257 4313 pom
274 4254 303 4309 in
320 4253 374 4310 Est·
415 4252 533 4308 Primum
551 4252 596 4307 bic
616 4254 657 4307 'lu
676 4252 727 4306 EG
746 4250 813 4306 iscis
841 4252 985 4323 aequalem
1011 4250 1063 4320 ipsi
1083 4252 1136 4317 CL,
1166 4271 1202 4309 ex
1230 4272 1283 4327 quo
1311 4266 1446 4329 apparet,
1465 4260 1500 4315 're

167 4342 301 4400 metuere,
319 4334 344 4389 si
363 4340 451 4389 mutes
470 4332 615 4389 dismntias
628 4332 699 4387 Solis
714 4347 732 4385 a
745 4332 839 4393 Terra,
860 4348 895 4384 ne
915 4331 942 4384 in
963 4331 1110 4385 observata
1129 4332 1238 4390 Solaria
1256 4352 1366 4406 peooes.
1398 4338 1499 4395 Deinde

168 4416 240 4472 ratio
260 4413 442 4469 astronomiae
462 4413 664 4482 (lopernicanae
688 4413 758 4466 baec
777 4404 835 4474 est,
866 4417 898 4465 ut
918 4411 1018 4465 indicet
1047 4412 1192 4468 distantias
1221 4415 1399 4485 planetarum
1427 4418 1500 4475 abl?

169 4504 264 4553 oestro
284 4493 381 4558 mundi,
402 4492 539 4549 mediante
552 4492 683 4547 distantia
702 4493 804 4545 Terrae
823 4491 848 4545 E
868 4492 904 4545 ab
925 4493 1018 4545 eodem
1032 4491 1054 4545 F
1066 4502 1168 4549 centro.
1200 4496 1277 4566 Ergo
1298 4495 1321 4550 si
1342 4498 1432 4555 'l'erra
1444 4500 1499 4571 jan

169 4576 271 4632 saltem
288 4573 395 4629 dimidio
415 4574 512 4637 distet,
540 4588 596 4626 non
620 4571 742 4628 manebit
761 4570 876 4640 amplius
896 4573 1120 4626 commensuratio
1140 4574 1332 4631 distantiarum
1352 4579 1456 4635 'l'esrse
1473 4582 1511 4633 et'

169 4656 333 4728 reliquorum
353 4670 372 4709 a
390 4652 468 4709 Sole:
488 4668 544 4706 non
562 4651 647 4722 igitur
667 4658 808 4707 manerent
827 4651 946 4708 eaedem.
979 4655 1037 4705 Aut
1056 4652 1127 4707 enim
1147 4654 1217 4709 Solis
1232 4672 1250 4709 a
1264 4657 1354 4712 Terra
1371 4658 1498 4715 distaal'a

170 4735 356 4804 duplicaretur
374 4740 424 4789 ant
441 4731 566 4803 reliquas
584 4731 794 4787 dimidiarentur.

216 4884 219 4889 ,
258 4812 359 4877 Tarde.
380 4810 423 4867 bis
442 4806 578 4865 ceronsis
596 4822 690 4865 raram
703 4809 810 4881 qnidam
822 4818 874 4876 ost,
894 4822 1051 4866 mansuram
1060 4811 1193 4887 reliquam
1213 4816 1351 4873 ratium
1362 4816 1497 4875 moetus·
