3354 5504
594 881 1082 965 commmnuroeum

161 1054 260 1159 DE
317 1038 690 1165 blomne
748 1058 1121 1163 sunum
1183 1056 1508 1220 mm

609 1354 616 1367 ·
681 1257 792 1327 PARS
818 1257 985 1323 TERTIA.

211 1461 548 1562 mmsureluo
581 1466 823 1561 snooooln
854 1460 1257 1581 intentionum,
1289 1464 1340 1555 m
1371 1463 1454 1557 usi
1594 1405 1598 1414 ’

463 1615 657 1711 norom
689 1612 815 1709 souis
848 1614 940 1710 vui
971 1613 1203 1709 llLLURls.
1433 1612 1437 1620 ’

379 1797 460 1865 SEU
498 1797 653 1864 CLAVIS
689 1798 999 1865 ASTRONOMlan·
1033 1798 1287 1865 PENI'HORIS.

460 1959 519 2011 UBI
536 1959 654 2011 hiUL'l'h
674 1958 720 2011 Dr:
740 1958 858 2013 cnusls
882 1957 1030 2014 nonum(
1047 1958 1206 2013 malms.

246 2656 284 2718 Iri
297 2653 377 2718 huno
390 2655 483 2737 igitur
504 2656 624 2720 modum
639 2664 847 2721 antecessores
861 2657 957 2722 nostri
977 2656 1106 2738 primum
1120 2654 1367 2740 inaequalitatem
1378 2659 1505 2742 primam

161 2744 255 2808 mensi
287 2753 367 2809 snut
419 2747 533 2810 Postea
564 2747 680 2810 ealoulo
712 2747 892 2823 constituto,
924 2746 975 2829 qui
1006 2746 1105 2811 lonum
1133 2747 1275 2828 planetae
1307 2747 1505 2812 ecoentribum
1633 2792 1637 2799 ‚

160 2835 595 2917 repraesentaretadquodvis
617 2845 807 2912 momentum,
830 2835 967 2900 oonverei
990 2836 1113 2898 suntad
1135 2835 1381 2918 inaequalitatem
1395 2857 1504 2901 seeun-

159 2926 228 2991 dam
255 2927 349 3009 (qnae
379 2946 399 2988 a
427 2924 498 2989 Sole
529 2926 657 3006 pendet)
686 2927 920 3008 explorandam,
952 2932 1161 3006 comparantes
1192 2925 1290 2989 looum
1321 2927 1421 2990 visum
1451 2944 1505 2992 eea
1587 2984 1590 2993 .

160 3022 356 3099 apparentem
368 3033 435 3078 oum
449 3014 515 3077 loeo
530 3033 577 3090 eo,
600 3034 688 3096 quem
701 3015 884 3079 eoaentrious
899 3023 931 3078 et
954 3015 1020 3078 sola
1032 3014 1130 3095 prima
1147 3014 1347 3097 inaequalitas
1365 3016 1505 3097 planetae

159 3106 361 3188 assignarent.
407 3103 485 3168 Cum
506 3112 608 3167 autem
635 3105 710 3170 mihi
736 3105 814 3168 hano
836 3105 964 3168 eandem
985 3103 1124 3168 semitam
1146 3104 1228 3167 eunti
1256 3122 1368 3186 aneeps
1393 3105 1506 3168 bivium

158 3194 334 3277 apparuerit
355 3193 502 3277 superiori
523 3192 622 3274 eapite
643 3194 734 3258 XIX.
758 3201 790 3256 et
810 3194 888 3271 XX3
913 3203 945 3256 et
975 3194 1201 3257 observationes
1224 3192 1376 3270 (fidissimi
1399 3195 1506 3269 duees)

158 3302 224 3348 eum
257 3281 519 3346 observationibus
548 3300 682 3365 pugnare
715 3283 777 3346 sint
807 3283 1030 3364 deprehensae:
1065 3283 1256 3364 cogitandum
1286 3283 1343 3347 fuit
1374 3285 1411 3348 de
1437 3291 1506 3347 tota

157 3374 277 3438 ratione
300 3371 418 3435 itineris
441 3371 531 3434 aliter
553 3370 747 3447 instituenda,
771 3372 912 3435 methodo
936 3392 1011 3456 quae
1035 3371 1178 3453 sequitur.

245 3461 381 3526 Primum
402 3461 460 3523 hae
482 3469 569 3541 parte
590 3462 682 3524 tertia
704 3461 863 3542 aggrediar
886 3462 1047 3525 secundam
1075 3461 1322 3544 inaequalitatem
1344 3468 1376 3523 et
1397 3461 1428 3524 in
1451 3461 1506 3524 illa

157 3572 210 3636 per
231 3550 463 3615 observationes
490 3550 628 3614 indubias
649 3551 863 3613 demonstrabo
885 3552 935 3613 vel
962 3551 1141 3614 confirmabo
1170 3550 1221 3612 vel
1242 3551 1397 3626 refutabo,
1428 3569 1504 3633 quae

157 3644 312 3723 hueusque
339 3640 370 3702 in
396 3637 551 3722 ptineipiie
580 3641 681 3722 posui,
710 3639 800 3703 dubio
822 3648 924 3703 tamen
946 3659 1091 3703 assensu:
1124 3659 1193 3703 nam
1222 3639 1280 3702 hae
1302 3638 1397 3703 veluti
1420 3640 1506 3703 clave

157 3731 283 3794 inventa
298 3730 430 3812 'reliqua
457 3730 612 3811 patebunt
657 3731 770 3793 Postea
795 3737 883 3812 parte
910 3737 1018 3811 quarta
1044 3729 1084 3791 ad
1105 3728 1351 3811 inaequalitatem
1378 3728 1505 3812 primam

157 3821 312 3884 acaedam.

247 3910 284 3971 ln
305 3908 496 3991 mysterio
526 3905 854 3989 cosmographiae
884 3923 949 3988 cap.
972 3906 1078 3972 xxn.
1103 3925 1170 3968 oum
1202 3905 1359 3990 physicam
1382 3926 1505 3971 cauam

157 3997 318 4082 aequantia
339 3995 567 4061 Ptolemaioi
588 3997 638 4058 vel
660 3996 784 4060 secundi
806 3996 931 4080 epieyeli
954 3995 1410 4080 Gopernioo-Tyehoniei
1431 3997 1504 4061 red-

158 4090 275 4164 derem,
304 4085 461 4168 mihiipsi
484 4084 581 4165 objeoi
605 4085 635 4148 in
657 4088 715 4149 fine
738 4085 861 4167 eapitis:
886 4085 974 4167 quod,
998 4086 1025 4148 si
1047 4104 1139 4147 eausa
1162 4105 1242 4149 ame
1265 4087 1361 4150 allata
1375 4086 1506 4166 genuina

159 4186 260 4253 meet,
291 4176 413 4240 omnino
434 4194 489 4257 per
511 4193 613 4238 omnen
645 4172 784 4256 planetas
812 4176 916 4238 valere
946 4173 1092 4238 debuerit
1140 4173 1215 4238 (lum
1239 4181 1338 4238 antem
1361 4175 1504 4252 Tellus,

157 4286 217 4330 aaa
238 4283 280 4328 ex
303 4263 452 4329 sideribus
465 4263 675 4345 (Oopemiooh
698 4265 748 4326 vel
762 4263 817 4328 Sol
840 4263 1004 4346 (reliquis),
1027 4269 1174 4345 aequante
1196 4264 1254 4328 hoe
1276 4263 1422 4328 haetenus
1444 4266 1505 4327 non
1642 4334 1649 4347 ⁸

158 4355 331 4438 indiguerit
355 4352 591 4436 speoulationem
607 4353 692 4416 illam
704 4353 849 4416 ineertam
863 4371 931 4416 esse
952 4352 1043 4429 volui,
1062 4352 1161 4435 quoad
1178 4352 1361 4418 astronomis
1375 4352 1504 4435 amplius

158 4445 308 4529 liqueret„
333 4443 541 4525 Suspicionem
562 4449 664 4506 nmen
686 4443 820 4527 concepi,
843 4443 907 4505 iore
921 4450 953 4505 et
965 4441 1033 4505 hnio
1055 4440 1190 4504 theoriae
1214 4461 1298 4505 suum
1314 4449 1522 4524 aequantem,

159 4535 324 4617 Postquam
347 4532 378 4594 in
400 4530 551 4616 helnonis
573 4530 712 4595 notitiam
733 4531 818 4610 veni,
851 4530 983 4613 suspicio
1005 4531 1081 4594 haee
1111 4531 1144 4594 in
1165 4549 1212 4593 me
1235 4531 1410 4595 confirmata
1435 4530 1502 4596 tuit

158 4622 237 4689 ilem
258 4622 397 4695 &altene
426 4621 460 4687 in
480 4620 578 4687 litatio
601 4641 678 4687 auno
709 4617 794 4689 1598
820 4621 860 4685 ad
885 4640 934 4685 me
962 4621 995 4687 iu
1016 4620 1151 4704 Styriam
1177 4619 1281 4685 missis
1307 4621 1383 4685 haee
1410 4621 1505 4684 verba

161 4713 263 4792 ponite
293 4708 539 4789 „ottomanus
553 4709 645 4791 juxta
663 4708 871 4792 Copemieum.
893 4709 942 4773 rel
956 4709 1108 4794 epieyolue
1123 4709 1285 4775 seeundum
1296 4709 1503 4779 Polemon

161 4807 218 4866 ‘noa
244 4798 365 4864 ridetur
385 4788 521 4881 ejusdem
542 4814 660 4881 semper
683 4793 910 4882 magnitudinis,
943 4795 1042 4882 quoad
1064 4795 1162 4881 ipsum
1184 4795 1383 4863 noeentrienm
1405 4796 1504 4863 eoda-
