3354 5504
176 268 239 339 178
370 338 373 347 1
655 273 695 324 Do
713 259 821 323 Motibus
840 269 933 323 Stellae
950 268 1039 323 Martio

173 453 278 527 ficitur,
304 460 339 514 ut
361 451 632 531 pondere-majore
656 442 795 513 deorsum
819 452 961 513 tendente
986 471 1064 531 aqua
1088 450 1257 513 necessario
1281 470 1398 513 sursum
1423 451 1524 517 cedat.

173 541 289 614 Quodsi
318 542 408 603 etiam
424 540 573 621 'perfecte
602 541 756 602 circularis
780 551 879 603 motus
904 549 987 602 esset
1009 543 1194 622 quorundam
1216 541 1424 616 membrorum,
1450 551 1484 605 at
1502 542 1524 607 ii

173 650 233 694 non
268 639 339 692 sunt
371 630 526 710 perpetui,
564 649 618 691 nec
641 630 747 691 mirum
776 632 813 691 de
842 649 877 690 eo
906 638 1005 702 esset,
1034 649 1099 692 curn
1130 650 1213 692 mens
1238 631 1360 692 animali
1385 631 1525 695 facultati

170 721 346 801 praesideat
370 721 397 781 in
422 720 550 780 humano
575 737 718 799 cor·pore;
743 727 776 780 at
800 728 896 793 certe,
921 719 946 781 si
970 720 1021 779 via
1043 721 1105 781 ulla
1129 721 1237 782 fuisset
1261 720 1440 782 facultatem
1462 710 1524 785 ali-

172 829 261 891 quam
285 809 441 871 motricem
465 808 508 869 sic
532 805 711 882 instruendi,
735 817 768 870 ut
791 827 898 889 corpus
923 809 1043 889 aliquod
1068 827 1175 891 gyrare
1200 809 1307 889 possit,
1332 829 1391 870 non
1416 810 1525 874 fuisset

169 899 354 961 inhumano
378 915 501 978 corpore
526 898 675 976 neglecta.
1508 958 1512 967 ,

259 987 353 1051 Porro
377 996 411 1049 ut
434 1006 517 1047 meus
542 987 644 1066 aliqua
668 985 748 1047 viam
773 993 921 1047 monstret
943 986 1118 1048 circularem
1142 986 1219 1049 citra
1241 995 1352 1048 metam
1363 988 1412 1050 vel
1427 989 1527 1051 centri

169 1076 217 1139 uel
241 1070 374 1159 co'rporis
398 1076 535 1155 alicujus,
561 1077 637 1155 quod
662 1094 716 1154 pro
741 1094 864 1136 accessu
888 1077 935 1137 vel
960 1094 1081 1160 recessu
1096 1077 1209 1156 majore
1225 1077 1274 1138 vel
1288 1077 1402 1138 minore
1412 1079 1524 1159 angulo

169 1173 324 1248 appareat,
362 1166 392 1228 id
417 1165 479 1227 lieri
504 1183 692 1245 nequaquam
714 1172 826 1244 potest.
888 1163 1024 1227 Circnlus
1048 1165 1125 1226 enim
1149 1166 1255 1228 iisdem
1275 1175 1307 1227 et
1330 1166 1469 1229 definitur
1492 1175 1526 1230 et‘

168 1254 330 1336 perficitur,
355 1255 542 1334 aequalitate
566 1255 685 1316 scilicet
709 1254 871 1315 distantiae
896 1276 915 1315 a
938 1254 1035 1315 medio
1055 1261 1088 1315 et
1102 1264 1360 1334 quantumcunque
1381 1256 1523 1320 motrices

168 1344 259 1405 hasce
288 1344 450 1406 facultates
480 1344 627 1417 extollas,
657 1343 785 1404 circulus
814 1351 912 1404 tamen
946 1363 983 1404 ne
1006 1344 1072 1404 Deo
1105 1344 1223 1425 quidem
1257 1344 1337 1405 aliud
1361 1354 1410 1406 est
1433 1365 1523 1432 quarn

64 1433 66 1437 ’
173 1433 251 1514 quod
270 1433 336 1514 jam
360 1433 481 1495 dictum.
528 1433 647 1493 Doceut
670 1432 788 1513 quidem
812 1443 993 1511 geometrae,
1019 1431 1099 1493 datis
1122 1433 1219 1507 tribus
1234 1434 1263 1495 in
1278 1434 1522 1499 circumferentia

84 1528 90 1541 '
171 1522 290 1603 punctis
321 1522 495 1584 continuare
528 1521 684 1582 circulum:
715 1521 768 1582 sed
798 1522 853 1583 hoc
877 1522 942 1601 ipso
965 1512 1216 1601 praesupponitur
1240 1522 1342 1603 aliqua
1363 1542 1435 1604 pars
1460 1521 1521 1586 clr-

171 1610 386 1674 oumferentiae
411 1613 530 1690 (utpote
552 1628 606 1690 per
629 1611 708 1672 trina
730 1620 842 1691 puncta
865 1611 944 1684 iens)
972 1611 1037 1690 jam
1060 1611 1208 1673 confecta.
1257 1609 1338 1685 Quis,
1356 1631 1428 1692 ergo
1452 1615 1522 1693 pla-

170 1708 259 1762 netae
290 1700 348 1762 hoc
377 1700 495 1763 initium
518 1701 673 1773 ostendet,
699 1718 737 1760 ex
761 1720 817 1780 quo
841 1700 987 1780 reliquum
1012 1701 1070 1762 iter
1092 1701 1283 1762 conformet?
1327 1702 1434 1782 Itaque
1458 1703 1522 1767 fieri

137 1850 140 1861 ,
170 1789 340 1852 alitor-non
364 1798 483 1869 potest,
515 1791 583 1870 quin
614 1790 755 1869 planetae
787 1799 885 1850 motor
915 1809 952 1850 ex
974 1789 1192 1851 Avioennae
1214 1786 1257 1863 ²⁴)
1286 1791 1439 1853 sententia
1473 1793 1521 1875 uel

170 1886 305 1941 centrum
337 1879 418 1940 orbis
457 1878 502 1940 sui
535 1897 677 1958 suamque
715 1877 753 1938 ab
790 1898 825 1939 eo
855 1879 1030 1941 distantiam
1058 1878 1116 1940 sibi
1143 1878 1337 1958 imaginetur,
1378 1882 1425 1942 rel
1460 1882 1522 1944 alia

169 1967 298 2047 quadam
329 1967 515 2047 proprietate
545 1967 647 2029 circuli
674 1969 859 2047 praestanda
889 1967 928 2029 ad
956 1968 1192 2030 efformationem
1215 1966 1308 2048 ipsius
1332 1969 1436 2032 circuli
1462 1971 1520 2033 ad·

164 2056 296 2136 juvetur.

255 2145 326 2207 Jam
349 2144 443 2224 igitur
466 2144 556 2207 aliter
578 2145 665 2207 nobis
689 2145 898 2209 informabitur
920 2145 1096 2227 hypothesis
1120 2145 1246 2227 physica
1269 2145 1374 2206 horum
1394 2146 1520 2210 duorum

167 2235 362 2297 schematum.
408 2235 487 2297 Nam
520 2235 548 2295 in
573 2235 745 2314 posteriori,
777 2235 856 2316 quod
884 2234 1049 2313 simplicius
1080 2242 1142 2307 est,
1175 2235 1322 2315 siquidem
1345 2254 1450 2297 verum
1473 2246 1521 2298 est

168 2323 247 2403 quod
278 2323 447 2404 posuimus,
479 2334 633 2399 motorem,
665 2326 714 2406 qui
741 2326 895 2404 planetam
923 2342 977 2402 per
1000 2324 1057 2386 iter
1079 2330 1144 2403 yso
1167 2323 1355 2402 circumagit,
1389 2325 1419 2386 in
1454 2325 1519 2405 ipso

54 2488 58 2493 .
125 2461 131 2474 .
165 2413 289 2492 planeta
311 2414 421 2487 inesse,
446 2432 570 2475 necesse
594 2413 694 2493 itaque
719 2414 817 2487 suerit,
841 2413 871 2473 iu
894 2414 1035 2493 planetae
1064 2422 1209 2475 motorern
1234 2414 1342 2475 cadere
1367 2414 1517 2493 quandam

167 2502 456 2564 animadversionem
482 2503 656 2584 apparentis
684 2502 898 2582 magnitudinis
922 2501 1016 2580 ipsius
1039 2503 1171 2582 corporis
1195 2503 1223 2564 in
1249 2525 1282 2577 α,
1308 2522 1345 2564 ex
1368 2526 1391 2580 y,
1407 2526 1433 2576 a,
1448 2526 1474 2579 η,
1490 2509 1516 2579 o,

164 2590 294 2671 inspecti
326 2591 389 2665 (vel
418 2592 502 2671 quasi
531 2592 675 2672 inspecti)
702 2601 921 2672 proptereaque
944 2593 1099 2671 planetam
1122 2592 1193 2660 niti,
1224 2600 1256 2652 ut
1289 2598 1318 2652 et
1348 2592 1517 2672 aequaliter

165 2679 286 2741 incedat
319 2681 411 2762 (quod
439 2689 599 2761 praestant
623 2681 758 2761 integrae
784 2691 815 2741 et
838 2700 895 2742 nou
919 2681 1081 2761 impeditae
1113 2681 1247 2742 motricis
1276 2681 1393 2742 animae
1419 2681 1515 2757 vires)

166 2776 197 2830 et
229 2789 333 2832 omues
362 2770 526 2832 distantias
556 2794 576 2830 α
585 2795 612 2850 y,
637 2794 695 2845 os,
719 2793 781 2847 αη,
804 2776 852 2832 αδ
875 2770 919 2830 ita
943 2771 1044 2833 ordine
1068 2778 1292 2850 repraesentet,
1321 2780 1355 2832 ut
1383 2770 1454 2832 illae
1479 2790 1515 2833 ex

165 2860 332 2921 eccentrico
356 2861 400 2938 dy
422 2869 586 2939 sequuntur
608 2860 675 2938 lege
698 2860 896 2938 geometriam
920 2879 1006 2940 quem
1030 2860 1069 2921 ad
1092 2861 1180 2921 finem
1203 2860 1279 2921 scire
1303 2859 1395 2920 etiam
1414 2860 1514 2934 debet,

164 2956 276 3028 quanto
299 2971 344 3029 ay
366 2948 483 3027 longior
508 2948 550 3010 sit
572 2967 660 3028 quam
683 2973 703 3010 α
717 2954 742 3022 d,
768 2949 824 3010 hoc
848 2957 896 3009 est
919 2956 1032 3030 quanta
1050 2949 1091 3010 sit
1104 2948 1315 3011 eccentricitas
1324 2948 1404 3022 viae,
1427 2968 1516 3031 quam

162 3034 362 3099 confecturus*
377 3045 434 3106 eet,
459 3058 478 3098 a
500 3056 624 3116 corpore
647 3038 675 3099 iu
700 3062 719 3100 α
743 3038 823 3100 circa
845 3038 923 3119 quod
946 3039 1041 3100 iturus
1059 3046 1115 3100 est.
1163 3036 1230 3108 Quo
1249 3038 1402 3117 pactohic
1416 3048 1516 3103 motor

161 3126 302 3206 planetae
326 3127 357 3188 in
381 3127 483 3188 multis
507 3127 593 3189 simul
617 3129 820 3207 occupabitur.
863 3127 897 3190 Si
920 3129 977 3190 hoc
1000 3128 1066 3209 quis
1091 3128 1177 3207 fugit,
1202 3128 1293 3207 igitur
1316 3146 1443 3190 necesse
1466 3137 1515 3191 est

162 3224 197 3275 ut
220 3215 312 3291 dicat,
336 3216 489 3296 planetam
513 3216 551 3276 ad
574 3218 594 3293 β
616 3227 768 3297 puuctum,
793 3217 871 3299 quod
894 3218 973 3279 omni
996 3236 1118 3297 corpore
1143 3227 1195 3281 aut
1219 3225 1291 3279 nota
1314 3217 1389 3279 reali
1413 3226 1514 3295 uacat,

163 3304 314 3384 respicere
343 3314 374 3366 et
397 3305 539 3385 aequales
563 3306 603 3367 ab
627 3325 662 3368 eo
686 3306 847 3369 distantias
870 3308 956 3369 tueri.

247 3394 336 3457 Prius
360 3413 431 3456 vero
445 3395 577 3456 schema
599 3395 721 3477 physice
745 3397 789 3458 sic
812 3397 993 3477 explicatur,
1024 3403 1056 3458 ut
1080 3395 1265 3475 concipiatur
1292 3394 1389 3457 virtus
1414 3395 1515 3476 aliqua
