3354 5504
181 320 246 389 710
719 319 830 368 numa
847 315 875 365 r.
894 316 986 368 mmor

172 478 176 485 ¹
267 496 341 550 Hanc
360 499 540 549 dedicationem
559 497 667 561 sequitur
679 497 772 561 pagina
784 509 884 545 aroma:
907 494 1020 553 ,Tabula
1038 495 1192 559 aequationis
1210 493 1307 544 dierum
1322 495 1480 544 naturalium
1497 495 1526 543 ad

7 580 10 587 '
120 584 126 597 '
179 584 273 623 mum
291 567 361 619 1810
380 569 537 632 completpm,
556 585 602 633 quo
622 582 686 616 anuo
706 581 844 632 apogaeum
862 565 925 616 Solis
943 567 1040 629 ponitur
1057 567 1083 613 iu
1102 560 1177 622 6⁰&
1196 565 1336 630 completo:
1358 563 1523 630 aequam&

176 642 287 695 maxima
305 635 336 689 2ο
354 636 379 689 ³¹
398 639 479 697 45”,“
504 639 543 688 his
566 640 694 702 adscriptis
713 638 807 688 verbis:
837 637 950 697 ,Absolri
972 635 1011 686 tl.
1031 635 1116 687 Martii
1136 632 1212 686 loto.
1249 635 1309 686 Nou
1327 638 1446 703 usurpari
1463 637 1525 686 illam

176 714 204 765 ln
221 711 407 779 premerlde.“
430 740 462 748 -
482 711 554 761 Hanc
572 711 683 762 tabulam
702 710 807 772 excipit:
928 760 930 763 ,

481 870 632 936 Schema
660 866 917 953 Hypothesiros
946 867 1221 967 Lougitodinis.

16 1014 23 1037 ’
144 1038 147 1043 ’
264 1039 313 1102 Sit
335 1042 365 1104 A
389 1042 500 1115 Terra,
531 1043 557 1102 B
587 1045 721 1101 centrum
752 1038 909 1100 eccentrici
932 1038 1036 1099 Lunae
1060 1035 1165 1111 HDK,
1189 1035 1247 1097 AB
1271 1035 1356 1096 linea
1379 1034 1524 1109 absidum,

176 1130 206 1190 Η
224 1149 399 1210 apogaeum,
424 1131 634 1210 Iperigaeum.
672 1128 774 1189 Motus
797 1128 883 1206 hujus
907 1126 1004 1187 lineae
1029 1133 1076 1186 est
1093 1125 1123 1186 i‘n
1143 1124 1365 1209 consequentia
1384 1144 1405 1184 a
1418 1133 1526 1204 puncto

571 1217 783 1297 aequinoctiali
808 1235 896 1296 super
917 1223 1029 1296 puncto
1038 1217 1073 1276 Ἀ
1092 1233 1143 1275 seu
1159 1221 1263 1293 centro
1278 1215 1397 1275 Terrae
1416 1232 1527 1295 aequa-

315 1290 368 1356 Fig.
390 1287 430 1340 19.
571 1307 658 1380 bilis,
690 1305 841 1368 restitutio
869 1323 1012 1366 annorum
1036 1296 1111 1385 8¹l2.
1156 1303 1207 1365 Ad
1239 1302 1399 1364 novilunia
1431 1310 1525 1364 tamen

569 1403 772 1474 comparatum
797 1395 852 1455 hoc
877 1412 1041 1473 apogaeum
1067 1391 1216 1454 videbitur
1240 1391 1278 1453 ab
1304 1391 1369 1453 illis
1392 1400 1525 1454 remace-

568 1486 654 1558 dere,
689 1484 759 1564 quia
791 1502 908 1564 semper
939 1481 1022 1563 prius
1053 1481 1093 1542 ad
1124 1498 1294 1561 apogaeum
1327 1481 1412 1542 redit
1436 1481 1523 1554 Luna

569 1593 657 1653 quarn
680 1573 718 1633 ad
742 1568 854 1633 Solem.
898 1572 932 1633 I'u
962 1569 1128 1633 eccentrico
1158 1574 1318 1632 moueatur
1341 1570 1373 1632 D
1398 1580 1524 1634 centrum

569 1660 695 1743 epicycli
711 1659 766 1723 FG
789 1659 955 1742 aequaliter
979 1660 1059 1721 circa
1078 1657 1103 1721 C
1123 1667 1265 1738 punctum
1288 1659 1429 1741 aliquod,
1454 1660 1522 1742 qnod

568 1750 771 1832 aequatorium
791 1751 902 1812 dicunt.
940 1749 1055 1829 Estque
1078 1746 1210 1827 qualium
1229 1747 1289 1809 BD
1310 1745 1456 1824 100000,
1479 1760 1521 1810 ta·

487 1827 506 1867 ¹
566 1840 638 1902 lium
660 1842 717 1901 BA
740 1836 846 1912 5074,
877 1837 1043 1918 composita
1067 1833 1424 1928 sulicete12900‘et
1447 1835 1521 1901 2774

566 1928 797 1991 dimensionibus
821 1928 1015 2009 Tychouicis‚
1044 1925 1204 2013 earundem
1226 1923 1289 1989 BC.
1314 1935 1367 1989 est
1391 1924 1477 1992 5800
1496 1938 1520 1986 et

566 2019 623 2080 DE
652 2017 876 2079 semidiameter
905 2015 1032 2096 epicycli
1059 2011 1147 2078 2174
1170 2024 1204 2075 ut
1234 2016 1320 2094 apud
1344 2017 1517 2099 Tychcnem

168 2103 304 2185 Epicycli
329 2116 428 2168 motus
453 2108 523 2168 talis
550 2115 615 2168 ost:
648 2107 689 2168 sit
710 2106 767 2167 DE
791 2106 938 2167 diameter
959 2106 995 2175 ,in
1020 2103 1100 2165 omni
1124 2103 1183 2164 situ
1208 2102 1342 2185 epicycli
1367 2105 1517 2186 parallelos

170 2193 209 2253 ad
232 2193 278 2254 HI
309 2195 417 2256 lineam
451 2197 605 2271 absidum,
638 2204 807 2257 monstrans
841 2193 966 2276 epicycli
998 2201 1110 2275 puncta
1131 2193 1305 2255 'eccentrici
1333 2215 1471 2276 apogaeo
1493 2206 1517 2253 et

168 2282 312 2361 perigaeo
332 2286 554 2363 respondentia,
579 2294 612 2347 ut
634 2285 864 2365 Erespondens
888 2291 997 2364 puncto
1022 2283 1034 2343 Ι
1058 2281 1220 2363 perigae03
1245 2284 1331 2363 quod
1354 2285 1515 2365 perigaenn

168 2369 297 2452 epicycli
321 2371 421 2434 dicere
445 2393 560 2449 vereor,
585 2375 663 2456 quod
687 2372 780 2435 abusu
804 2374 887 2435 vocis
911 2373 1053 2435 lectorem
1077 2370 1169 2433 nolim
1192 2373 1396 2450 confundere,
1420 2373 1513 2454 quial)

150 2460 235 2521 'inI
266 2462 447 2540 transposito
471 2464 497 2524 E
521 2465 651 2537 omnium
676 2462 801 2543 epicycli
828 2470 1005 2543 punctorum
1034 2459 1210 2538 longissime
1233 2459 1275 2522 ab
1299 2463 1333 2525 A
1357 2462 1467 2536 aberit,
1490 2469 1513 2520 et

168 2549 212 2610 sic
245 2550 368 2631 antiqua
396 2552 478 2613 vocis
512 2553 632 2631 uotique
665 2551 799 2630 dnoyeum
830 2552 984 2613 efficietur.
1030 2550 1064 2610 Iu
1094 2550 1149 2610 hoc
1176 2549 1326 2628 igiturE
1355 2560 1463 2633 puncto
1482 2549 1512 2610 sit

67 2689 76 2704 ,
168 2657 276 2718 corpus
299 2638 402 2699 Lunae
427 2642 544 2721 quoties
568 2651 702 2704 centrum
725 2640 852 2721 epicycli
876 2641 903 2701 D
927 2640 958 2703 in
986 2639 1097 2701 lineam
1119 2654 1173 2717 per
1195 2639 1226 2700 A
1252 2640 1387 2703 Terram
1408 2651 1438 2702 et
1457 2658 1510 2700 ccr-

166 2746 223 2808 pus
239 2726 321 2789 Solis
337 2729 475 2810 utrinque
493 2733 668 2810 productam
690 2729 806 2798 incidit,
831 2731 860 2791 in
885 2728 1020 2793 omuibus
1039 2727 1156 2789 scilicet
1178 2727 1352 2793 noviluniis
1376 2740 1408 2795 et
1427 2728 1509 2811 pleni·

169 2816 268 2878 luniis.
314 2818 364 2879 Ab
394 2819 451 2879 hac
481 2820 561 2881 linea
589 2827 732 2902 quantum
762 2829 896 2880 centrum
925 2817 1052 2898 epicycli
1074 2816 1103 2878 D
1126 2816 1299 2895 digreditur
1329 2829 1416 2882 motu
1435 2818 1508 2879 adri

169 2913 363 2986 comparato,
397 2908 487 2989 duplo
516 2909 604 2988 hujus
633 2909 735 2988 auguli
762 2925 870 2987 corpus
892 2909 996 2970 Lunae
1028 2906 1065 2968 ab
1088 2905 1115 2967 E
1139 2925 1248 2968 versus
1274 2905 1306 2970 G
1331 2886 1506 2989 digrediatur.

167 2995 211 3057 Ut
242 2995 269 3055 si
302 2994 381 3056 linea
413 3016 466 3076 per
496 3000 620 3060 Terram
653 3008 684 3059 et
715 2997 818 3059 Solem
850 2997 892 3058 sit
920 2998 980 3059 ΔΚ
1012 2996 1042 3056 in
1075 2995 1333 3060 antecedentibus
1365 2999 1505 3080 signorum,

150 3091 296 3166 *quantus
320 3098 369 3145 est
392 3105 479 3148 arcus
502 3087 604 3161 KHD,
630 3087 656 3149 si
680 3106 718 3147 ex
739 3088 769 3150 A
793 3086 962 3165 descriptus
986 3092 1085 3159 esset,
1115 3084 1207 3165 duplo
1231 3087 1337 3166 major
1360 3089 1419 3151 erit
1436 3103 1507 3147 mous

47 3163 50 3169 ’
168 3171 264 3247 EGF,
287 3181 318 3234 et
342 3175 429 3236 Luna
451 3175 481 3236 in
504 3179 538 3238 F.
584 3178 671 3237 Hanc
694 3173 874 3258 hypothesin
899 3176 965 3237 dico
989 3173 1168 3236 satisfacere
1191 3175 1323 3254 placitis
1348 3173 1506 3260 heboricis

168 3262 205 3322 de
229 3262 331 3323 Lunae
355 3263 485 3324 motibus
509 3267 547 3326 ad
571 3285 678 3327 seusus
702 3265 909 3328 subtilitatem.
955 3265 1035 3326 Nam
1058 3263 1138 3344 quod
1160 3264 1269 3344 Tycho
1292 3285 1358 3329 nou
1382 3267 1465 3348 ipsius
1484 3263 1505 3322 D

94 3414 100 3426 ,
167 3352 279 3430 puncti,
305 3352 359 3412 sed
380 3353 471 3431 paulo
496 3354 586 3416 aliam
610 3355 785 3417 distantiam
809 3354 846 3414 ab
860 3355 921 3415 ΑΚ
944 3353 1069 3415 adhibet
1091 3353 1141 3426 (ut
1161 3360 1262 3433 patet,
1288 3357 1317 3417 si
1342 3351 1505 3436 comparatio

167 3440 342 3502 instituatur
357 3441 580 3519 subtilissima),
604 3443 678 3505 nihil
698 3452 797 3505 tamen
813 3443 905 3504 verbo
925 3442 1046 3522 dignum
1069 3441 1098 3503 iu
1124 3442 1266 3507 ellectum
1290 3444 1364 3507 hinc
1387 3442 1504 3507 resultat.

165 3529 240 3589 Plus
264 3530 393 3591 fortasse
406 3531 549 3594 movebit
572 3532 724 3606 lectorem,
748 3532 1039 3613 qnod-aequationos
1059 3530 1191 3592 eccentri
1215 3533 1373 3596 maximae
1395 3535 1423 3596 in
1444 3550 1505 3612 qua-

149 3618 299 3680 ·draturis
323 3620 441 3681 circiter
464 3621 703 3702 sesquiscrupulo
727 3622 856 3701 majores
884 3622 958 3682 finnt
981 3619 1181 3702 Tychouicis3
1211 3621 1306 3703 idque
1330 3634 1448 3705 mopter
1467 3639 1504 3690 ea,

165 3726 240 3788 quae
272 3707 457 3787 Coperuicus
488 3709 564 3771 libro
593 3712 631 3774 V.
664 3730 728 3791 cap.
760 3709 790 3774 4.
823 3711 904 3772 circa
935 3710 1063 3771 medium
1096 3709 1334 3775 demonstravit.
1382 3712 1505 3775 Ceterum

166 3797 245 3857 sciat
268 3797 374 3879 lector⁸
396 3798 453 3860 hoc
472 3800 613 3879 quicquid
631 3809 679 3862 est
693 3821 711 3861 a
727 3821 773 3862 rue
792 3820 851 3862 non
874 3799 1058 3861 necessitate
1082 3800 1136 3860 sed
1158 3790 1292 3862 consilio
1316 3802 1504 3883 praeteritum

162 3885 265 3947 Facile
288 3885 366 3947 enim
391 3887 420 3948 id
444 3907 550 3950 cavere
573 3891 752 3970 potuissem,
776 3888 801 3950 si
824 3906 878 3968 pro
902 3884 1006 3963 8700,
1037 3887 1088 3968 qui
1110 3888 1249 3969 Tychoni
1273 3890 1307 3952 in
1331 3888 1504 3973 quadraturis

162 3984 292 4054 tangens
325 3984 385 4049 est,
419 3977 516 4038 sinum
548 3975 634 4042 8667
667 3979 836 4060 elegissem.
882 3980 927 4040 At
959 3978 1030 4057 quid
1062 3996 1137 4058 opus
1164 3976 1241 4040 mihi
1274 3979 1337 4043 fuit
1363 3981 1462 4043 rudem
1480 3990 1503 4036 et

165 4083 304 4144 asperum
324 4083 476 4127 numerum
492 4068 651 4146 repudiato
665 4062 834 4149 Tychouico
858 4066 1027 4129 adsciscere
1050 4074 1174 4148 propter
1194 4068 1358 4132 tantillam
1369 4070 1503 4132 -uioeroo-

163 4153 237 4215 tiam
263 4153 513 4235 sesquiscrupuli,
548 4176 612 4217 curn
637 4158 739 4238 Tycho
767 4157 831 4236 ipse
855 4175 999 4218 summam
1024 4155 1293 4237 scrupulositatem
1317 4158 1503 4224 tractabilium

165 4252 196 4303 et
219 4244 412 4305 rotundorum
435 4264 623 4307 numerorum
652 4246 836 4327 compendiis
859 4246 1074 4325 postposuerit.
1120 4247 1202 4307 Nam
1225 4246 1349 4311 fortuiti
1370 4267 1428 4311 uon
1448 4254 1502 4308 suut

165 4331 194 4391 hi
219 4333 331 4393 numeri
355 4329 456 4407 8700,
481 4331 587 4408 5800,
612 4331 717 4410 2900,
749 4354 871 4416 quorum
894 4337 1006 4414 primus
1029 4335 1112 4413 tertii
1134 4334 1245 4416 triplus
1274 4346 1344 4413 est,
1374 4335 1501 4401 secundus

165 4420 282 4499 duplus.
330 4420 431 4491 Quare
461 4424 552 4485 malui
583 4425 784 4486 dimensiones
813 4424 998 4505 Tychouicas
1028 4423 1158 4486 retinere
1191 4444 1261 4487 cum
1296 4428 1407 4491 calculi
1435 4443 1499 4490 cou-

165 4511 291 4588 pendio,
330 4529 417 4589 quam
453 4513 492 4572 ad
528 4512 624 4593 ipsam
661 4515 784 4577 effectus
817 4513 979 4596 Tychouici
1016 4513 1218 4576 subtilitatem
1256 4514 1419 4598 adspirare
1452 4515 1499 4576 siut

168 4600 353 4659 necessitate
377 4602 547 4682 praecipua.
734 4608 752 4619 ”

253 4687 393 4749 Variatio
416 4689 587 4770 Tychouica
617 4692 736 4771 proprie
767 4699 814 4753 est
841 4691 982 4754 accidens
1012 4698 1112 4754 motus
1139 4691 1241 4754 medii.
1291 4692 1375 4757 Nam
1396 4692 1442 4775 qui
1462 4708 1498 4750 cc·

167 4775 240 4834 teris
263 4776 394 4855 planetis
418 4788 516 4840 mutus
540 4780 655 4842 medius
679 4791 736 4856 est,
760 4781 864 4844 Lunae
882 4800 941 4841 nou
961 4788 1017 4840 est.
1056 4777 1185 4851 Quoties
1209 4780 1294 4845 enim
1313 4784 1401 4847 Luna
1423 4781 1498 4844 lines

151 4863 226 4926 ,ΑΚ
248 4883 302 4944 per
321 4866 445 4928 Terram
462 4875 494 4929 et
507 4867 609 4930 Solem
632 4873 800 4932 transeunti
824 4869 1054 4952 appropinquat,
1078 4869 1136 4932 etsi
1158 4871 1252 4962 plane
1277 4873 1311 4937 iu
1334 4871 1498 4939 consonano
