3354 5504
653 283 714 338 Para
731 283 821 338 Prima
863 286 945 352 Caput
965 266 1028 338 vt‘
1438 286 1500 355 201
1534 308 1542 321 ·

651 388 672 436 q

160 462 247 529 vldas
274 462 393 539 munia,
425 470 456 524 et
481 463 636 524 metricum
664 463 891 544 intelligentiam
924 485 1012 527 unam
1035 465 1066 527 in
1089 472 1191 528 centro
1215 464 1339 548 epicycli
1363 465 1502 571 colloces,

161 556 329 618 alteram'
321 576 351 616 vn
383 571 506 632 corpore
539 553 696 631 planetae,
724 574 761 615 ea
791 573 867 633 quae
896 554 925 615 in
949 563 1051 616 centro
1075 555 1198 616 Terram
1230 557 1352 634 (corpus
1383 573 1449 617 nem

160 645 302 725 respiciet
326 653 359 704 et
381 641 548 704 circumibit
571 642 725 704 Terram'
718 664 747 705 ιιι
771 643 911 706 circulum
935 642 1151 745 inaequaliter
1165 663 1241 723 quae
1264 663 1334 705 vere
1350 644 1378 705 in

161 733 419 796 circumferentiae
444 731 595 810 (nempe
587 752 617 793 ιιι
641 751 763 812 corpore
790 733 946 813 planetae)
971 717 1151 795 circumibit
1156 744 1289 794 centrum
1300 752 1402 812 incorp

160 837 191 886 et
213 825 244 885 id
268 823 444 903 aequaliter.
491 818 661 889 Quaeretur
693 821 782 901 igitur
806 829 839 882 ut
862 840 962 900 supra,
986 821 1093 902 quibus
1116 822 1169 883 illa
1191 821 1411 923 adminiculisi
1439 823 1503 883 in·
1578 833 1580 837 ’

161 931 335 995 corporeum
372 919 512 990 punctum
551 909 772 972 circumveniat.
835 910 902 972 Non
937 911 1015 972 enim
1054 929 1108 990 per
1143 885 1375 990 geometrici'ltl
1379 911 1503 999 inqi-

161 1003 321 1074 nationem‚
347 1010 381 1061 ut
404 999 482 1078 quod
505 1000 718 1077 geometricam
737 1000 781 1060 sui
799 998 1043 1079 imaginationem
1054 1019 1111 1061 non
1122 1000 1272 1074 admittit
1296 1018 1351 1061 nec
1361 1007 1503 1079 punctum
1525 1065 1529 1075 ,

161 1091 311 1154 mobile
303 1111 334 1151 ιιι
364 1108 422 1150 nen
454 1107 577 1168 corpere
610 1090 658 1150 vel
681 1088 871 1168 imaginando
900 1089 1064 1150 subsistere
1088 1097 1204 1168 potest;
1238 1098 1270 1150 et
1292 1106 1346 1150 nos
1369 1088 1504 1150 homines

162 1178 332 1260 buJusmodi
368 1186 480 1257 puncta
516 1178 716 1258 imaginantes
745 1177 932 1240 adminiculis
969 1179 1078 1240 utimur
1107 1177 1285 1241 tabellarum
1313 1181 1359 1240 vel
1385 1176 1501 1259 papJ'ti,

160 1290 235 1351 quae
259 1277 428 1330 tractamus
452 1267 589 1329 manibus
613 1269 661 1329 vel
685 1267 871 1330 meminimus
895 1286 949 1329 nes
972 1268 1042 1328 olim
1066 1276 1226 1329 tractasse.
1273 1269 1318 1329 At
1341 1284 1435 1350 neque
1451 1287 1503 1346 per

160 1359 316 1440 physicam
346 1356 536 1418 effluxionem
564 1357 684 1419 virtutis
714 1359 805 1436 (quae
833 1357 863 1418 in
891 1365 994 1418 centro
1021 1357 1160 1437 epicycli)
1189 1376 1280 1437 usque
1308 1357 1345 1418 ad
1375 1354 1502 1417 circnm-

161 1448 318 1510 ierentiam
343 1454 374 1507 et
396 1464 503 1525 corpus
527 1444 677 1525 planetae.
723 1446 792 1509 Jam
816 1446 893 1508 enim
917 1445 1090 1508 sustulimus
1114 1446 1191 1507 hunc
1214 1444 1335 1508 virtutis
1351 1447 1502 1519 effluxum,

160 1538 264 1598 divisis
299 1535 406 1596 muniis
436 1536 592 1614 compositi
619 1545 717 1598 motus
744 1536 824 1598 inter
852 1537 937 1597 binas
960 1545 1085 1597 mentes.
1133 1533 1329 1605 Quinetiam
1354 1533 1503 1613 inprime

161 1638 189 1688 et
221 1625 394 1687 eccentrica
417 1625 546 1686 motione
575 1625 743 1699 dubitatur,
775 1645 813 1686 an
837 1623 930 1686 virtus
955 1624 1055 1704 aliqua
1078 1623 1234 1694 naturalis,
1258 1625 1297 1685 ad
1319 1633 1430 1685 motum
1454 1623 1501 1683 in-

160 1718 314 1777 ferendum
340 1723 523 1793 comparata,
549 1714 646 1793 pessit
669 1716 697 1776 in
721 1723 831 1794 puncto
853 1714 952 1793 aliquo
975 1713 1156 1788 subsistere,
1181 1714 1258 1793 quod
1281 1713 1359 1775 omni
1382 1712 1502 1792 proprio

160 1824 285 1884 corpore
308 1805 434 1864 careat?
457 1805 551 1865 multe
574 1804 671 1880 magis
694 1824 732 1865 an
755 1803 924 1883 hujusmodi
949 1802 1121 1883 incorporea
1146 1804 1239 1864 virtus
1263 1822 1295 1865 se
1311 1804 1409 1883 ipsam
1423 1801 1503 1864 circa

159 1895 284 1956 Terram
307 1893 536 1972 circumagitata
561 1902 591 1954 et
614 1894 650 1954 de
675 1893 740 1955 loce
764 1892 905 1954 inlocum
923 1892 1052 1953 transire
1071 1892 1192 1971 possit?
1216 1901 1248 1952 et
1263 1893 1357 1954 multo
1372 1891 1501 1953 maxime

159 2004 193 2045 an
228 1990 344 2044 motum
373 1982 425 2044 alii
453 2001 507 2062 per
537 1984 678 2044 effluxum
710 2001 747 2042 ex
777 2001 809 2042 se
838 1982 904 2061 ipsa
932 1983 1148 2042 communicare
1179 2001 1231 2042 seu
1259 1981 1367 2043 inferre
1391 1982 1498 2061 possit,

159 2073 229 2134 nulli
254 2072 361 2132 innixa
383 2071 499 2152 corpori
522 2092 575 2133 ceu
599 2071 690 2132 nido?
735 2071 813 2133 Nam
838 2091 913 2151 quae
938 2071 1075 2132 sublimia
1093 2069 1283 2144 deessentia,
1309 2080 1399 2144 motu,
1425 2071 1499 2144 loco,

159 2160 385 2242 operationibus
417 2162 572 2223 beatorum
601 2162 773 2240 angelorum
802 2169 832 2221 et
860 2168 1068 2240 separatarum
1090 2159 1233 2221 mentium
1257 2159 1329 2222 mihi
1352 2174 1501 2234 opponere

159 2252 249 2332 aliqui
282 2250 399 2325 volent,
433 2251 656 2325 impertinentia
684 2258 764 2312 sunt.
810 2250 1006 2324 Disputamus
1035 2248 1113 2311 enim
1141 2250 1177 2310 de
1201 2249 1289 2310 rebus
1313 2248 1500 2313 naturalibus

159 2340 316 2442 dignitatis
340 2340 427 2418 lenge
450 2340 609 2413 interioris,
633 2341 668 2400 de
683 2340 842 2401 virtutibus
861 2339 940 2400 nullo
962 2336 1085 2399 arbitrio
1101 2339 1140 2400 ad
1155 2338 1329 2401 variandam
1353 2339 1501 2401 actionem

160 2448 242 2491 suam
258 2429 332 2504 usis,
348 2428 547 2491 dementibus
562 2428 680 2490 minime
697 2448 769 2490 sane
785 2428 943 2508 separatis,
959 2447 1024 2489 cum
1044 2426 1104 2488 sint
1119 2428 1295 2506 conjunctae¹
1309 2434 1345 2497 et
1357 2427 1502 2511 alligatae

160 2517 332 2598 corporibus
348 2518 528 2580 coelestibus
543 2517 697 2582 vehendis.
720 2519 822 2597 Atque
832 2517 924 2578 haec
916 2536 945 2577 ru
956 2536 1064 2597 genere
1072 2517 1246 2579 Ptolemaeo
1262 2500 1499 2603 objicl'pdssuut

246 2614 310 2677 Sed
335 2615 447 2696 aliquid
480 2616 572 2677 etiam
595 2616 769 2678 Ptolemaeo
799 2616 929 2683 dicatur,
963 2615 1000 2676 ob
1024 2615 1133 2695 quod
1125 2635 1155 2676 in
1179 2615 1279 2695 specie
1302 2637 1322 2677 a
1342 2634 1396 2676 suo
1421 2620 1503 2677 motu

162 2706 256 2767 medio
282 2703 364 2766 Solis
393 2705 545 2767 discedere
570 2715 602 2766 et
629 2713 823 2786 apparentem
853 2704 1006 2765 nobiscum
1036 2704 1178 2784 amplecti
1206 2704 1288 2766 velit.
1334 2703 1501 2766 Etenim
1476 2723 1504 2767 ει

162 2796 252 2856 virtus
277 2813 401 2855 movens
424 2795 577 2873 planetam
601 2797 669 2867 (seu
693 2816 765 2867 una,
799 2814 852 2857 seu
875 2792 1006 2873 gemina)
1035 2794 1073 2854 ad
1097 2792 1200 2855 Solem
1230 2792 1371 2873 respicit,
1404 2795 1447 2855 ita
1470 2802 1527 2854 ut'

160 2885 312 2962 planetam
346 2883 403 2943 imo
444 2884 509 2944 loco
547 2884 671 2964 epicycli
704 2892 822 2945 statuat
862 2888 1028 2965 (epieyelum
1043 2898 1045 2903 '
1062 2894 1107 2947 hie
1140 2893 1268 2964 intellige
1298 2894 1503 2957 Ptolemaienm,

160 2986 294 3036 secundae
321 2983 514 3053 inaequalitati
542 2980 760 3048 inservientem),
787 2973 1062 3051 quotiescentrum
1087 2973 1251 3053 epicyclie
1280 2973 1400 3052 regione
1425 2973 1504 3033 Solis

161 3070 229 3135 stat,
255 3081 367 3142 quaero
392 3072 551 3141 utsupra,
581 3082 633 3123 cur
655 3063 755 3141 potius
779 3062 818 3122 ad
840 3071 981 3143 punctum
1009 3062 1217 3141 imaginarium
1241 3062 1380 3141 quuod
1404 3060 1505 3123 Solem

161 3151 253 3229 ipsum
278 3169 332 3230 per
356 3152 386 3211 Σ
407 3158 543 3212 notatum
563 3152 629 3230 jam
650 3151 819 3231 praecedit,
848 3152 911 3230 jam
936 3151 1086 3230 sequitur,
1117 3151 1183 3230 jam
1207 3171 1313 3230 supra,
1339 3152 1403 3230 J'arn
1427 3151 1505 3211 infra

161 3244 235 3313 stat)
260 3259 350 3319 quam
374 3241 412 3301 ad
427 3242 522 3320 ipsum
537 3240 619 3301 Solis
641 3246 748 3320 corpus
772 3241 936 3320 respiciat?
960 3252 1013 3302 aut
1028 3242 1174 3321 quomodo
1199 3242 1293 3302 virtus
1316 3241 1369 3302 illa
1392 3248 1504 3302 motum

161 3329 251 3409 ipsius
278 3331 307 3391 Τ
325 3329 404 3390 circa
427 3332 459 3390 K
479 3331 602 3392 Terram
632 3329 783 3410 percipere
816 3329 934 3391 omnino
965 3331 1081 3409 possit,
1114 3349 1179 3391 cum
1203 3330 1233 3390 in
1257 3333 1289 3391 Ψ
1315 3349 1421 3410 corpus
1446 3349 1503 3392 non
1551 3379 1556 3389 .

162 3419 220 3480 sit?
254 3426 348 3479 etan
372 3438 428 3479 nun
458 3419 499 3480 sit
531 3417 738 3487 verisimilius,
775 3418 939 3500 epicyclum
962 3420 1000 3479 ad
1032 3420 1125 3480 lineas
1149 3419 1214 3481 ΚΣ
1244 3419 1416 3500 apparentis
1447 3419 1505 3480 loci

162 3506 248 3582 Solis,
275 3507 393 3587 quando
409 3508 465 3591 hae
480 3528 534 3587 per
553 3516 688 3569 centrum
706 3506 831 3588 epicycli
855 3515 1023 3583 transeunt,
1048 3508 1190 3570 restitui?
1215 3507 1379 3569 Videamus
1402 3509 1504 3587 igitur,

163 3598 228 3675 quid
261 3597 292 3658 in
327 3597 492 3658 eccentrico
530 3596 702 3658 immutetur
731 3615 784 3674 per
820 3597 994 3675 apparentis
1025 3606 1123 3659 motus
1154 3596 1234 3658 Solis
1271 3597 1504 3676 usurpationem.
1532 3602 1540 3618 ⁰

162 3684 291 3748 Rursum
315 3685 405 3764 igitur
428 3688 477 3758 (ut
500 3687 599 3764 prius)
624 3705 689 3746 cum
712 3689 740 3747 Γ
758 3684 810 3746 Sol
835 3696 866 3745 et
889 3689 921 3746 cp
941 3694 1076 3748 centrum
1103 3686 1259 3747 eccentrici
1284 3686 1365 3748 Solis
1389 3706 1455 3748 cum
1477 3689 1509 3747 K

162 3775 250 3838 Terra
276 3775 306 3836 in
331 3774 435 3835 eadem
460 3785 507 3836 est
531 3775 619 3849 linea,
644 3776 686 3836 sic
711 3783 743 3835 ut
766 3778 827 3836 ΨΓ
845 3777 1020 3854 apparentis
1044 3785 1076 3837 et
1097 3779 1160 3837 ΚΓ
1183 3776 1272 3838 medii
1300 3785 1399 3838 motus
1424 3775 1506 3839 Solis

151 3865 345 3939 ,coincidant
375 3874 445 3924 tunc
470 3867 498 3924 T
517 3873 618 3925 centro
643 3864 767 3945 epicycli
791 3875 892 3925 manet
915 3865 962 3926 hic
986 3865 1083 3940 locus,
1118 3865 1181 3926 sive
1204 3884 1258 3943 per
1281 3866 1347 3927 ΚΤ
1366 3867 1429 3928 sive
1453 3885 1507 3945 per

162 3955 223 4015 ΨΤ
241 3953 299 4015 sub
322 3953 388 4014 fixis
412 3954 596 4033 designetur,
624 3972 751 4033 vereque
774 3955 898 4034 planeta
921 3963 968 4015 est
991 3955 1019 4016 in
1045 3954 1125 4015 linea
1146 3956 1211 4015 ΚΤ
1229 3975 1283 4016 seu
1306 3958 1373 4016 ΨΤ
1393 3966 1424 4018 et
1447 3957 1505 4017 imo

162 4044 223 4104 loco
248 4041 377 4123 epicycli
400 4043 442 4116 Φ,
477 4042 547 4122 quia
569 4042 616 4103 hic
641 4050 672 4104 et
695 4041 752 4123 ipsi
775 4046 808 4104 Ψ
829 4052 859 4103 et
883 4042 939 4124 ipsi
962 4047 992 4105 K
1013 4042 1164 4122 proximus
1189 4053 1256 4105 est:
1288 4057 1505 4127 proptereaque

160 4133 284 4210 planeta
307 4150 377 4193 vere
403 4142 511 4193 erutus
535 4141 583 4192 est
605 4131 820 4210 inaequalitate
845 4133 986 4194 secunda.
1029 4133 1073 4194 At
1095 4151 1161 4193 cum
1187 4132 1240 4195 Sol
1263 4135 1302 4195 ad
1326 4137 1371 4197 sui
1396 4154 1504 4197 eccen-

161 4222 225 4283 trici
250 4222 332 4283 latus
355 4240 409 4281 seu
432 4220 634 4300 longitudines
658 4222 773 4282 medias
797 4223 888 4295 venit,
913 4221 1082 4283 differentia
1105 4223 1182 4282 satis
1201 4243 1310 4303 magna
1333 4222 1524 4292 intervenit,

160 4309 253 4372 Iverit
285 4311 364 4371 enim
388 4309 440 4370 Sol
465 4330 483 4370 a
506 4313 533 4371 Γ
557 4309 587 4371 in
613 4310 643 4370 Σ
672 4320 704 4372 ct
733 4311 901 4372 inveniatur
934 4312 1013 4373 linea
1043 4311 1131 4371 medii
1161 4322 1260 4374 motus
1289 4311 1370 4376 Solis
1393 4316 1459 4376 ΚΤ
1476 4312 1505 4371 in

160 4401 275 4474 Ariete,
300 4407 332 4459 et
351 4399 431 4460 linea
450 4396 574 4460 visionis
594 4399 735 4480 planetae
759 4399 824 4460 ΚΩ
847 4400 876 4461 in
891 4400 984 4462 Libra
1006 4401 1142 4480 praecise
1167 4402 1209 4462 illi
1235 4403 1384 4481 opposita,
1410 4412 1442 4464 ut
1465 4400 1506 4462 sit

161 4489 252 4551 ΤΚΩ
278 4488 358 4549 linea
381 4508 449 4549 una.
490 4485 572 4558 Quia
592 4504 664 4568 ergo
677 4489 869 4551 Ptolemaeus
893 4489 1011 4563 statuit,
1035 4491 1188 4569 planetam
1204 4490 1235 4550 st
1256 4491 1286 4551 in
1310 4490 1366 4553 hac
1390 4491 1504 4554 visione

160 4579 222 4640 ΚΩ
246 4576 368 4639 exuisse
401 4577 563 4638 secundam
592 4576 853 4659 inaequalitatem,
887 4579 972 4659 penit
1001 4578 1091 4653 igitur
1114 4582 1139 4640 Z
1163 4587 1295 4641 centrum
1326 4580 1452 4662 epicycli
1477 4581 1506 4641 in

160 4667 216 4729 ΚΩ
238 4667 329 4729 linea.
379 4665 454 4728 Cum
482 4673 584 4729 autem
606 4667 676 4729 ΚΣ
701 4667 888 4748 superaverit
909 4669 981 4741 ΚΤ,
1013 4686 1161 4747 apparens
1194 4668 1284 4746 igitur
1316 4671 1399 4732 locus
1422 4669 1503 4733 Solis
1560 4671 1573 4703 ⁰

162 4766 207 4818 est
229 4757 312 4818 ultra
334 4755 554 4834 oppositionem
577 4774 642 4817 cum
664 4756 795 4835 planeta.
842 4757 947 4836 Neque
967 4755 1033 4838 ΚΩ
1055 4757 1085 4818 in
1109 4759 1273 4836 posteriore
1297 4764 1431 4839 tempore
1450 4762 1506 4822 de-

162 4847 290 4923 seendit,
314 4854 348 4907 nt
372 4854 539 4925 opponatur
561 4844 620 4927 ipsi
641 4846 717 4922 ΚΣ,
743 4841 797 4908 sed
820 4846 956 4910 ascendit
978 4865 1084 4908 versus
1107 4846 1186 4925 ΚΦ,
1211 4845 1280 4927 quia
1301 4859 1406 4931 partes
1429 4851 1506 4914 imae
