3354 5504
155 287 219 358 320
631 289 674 344 Da·
688 206 799 357 naz
815 288 909 342 eausa
926 289 1015 342 Martis

154 471 246 549 etiam
270 472 443 552 repelleret:
467 471 543 552 quod
567 479 681 551 pugnat
704 490 769 533 cunr
793 471 986 552 simplicitate
1011 470 1128 534 Solaria
1151 471 1294 553 corporis.
1342 470 1406 545 Qui
1430 470 1502 536 veio

194 559 296 637 culisti
320 561 448 641 quadan
471 560 587 623 ratione
610 561 688 623 hanc
711 562 940 623 translationem
971 561 1000 622 iu
1025 580 1202 623 consensum
1225 570 1360 624 mutuum
1385 561 1502 643 corpori

140 579 236 714 *biis
259 658 291 712 et
312 651 453 729 planetae
477 651 585 724 refert,
618 649 644 711 is
669 658 764 712 totam
787 651 873 730 hujus
902 651 1010 730 capitis
1033 650 1189 713 materiam
1217 651 1307 713 aliter
1336 653 1502 715 informat:

155 758 249 822 eoque
271 736 584 827 nomine'qdeputatum
610 749 657 801 est
680 738 758 802 infra
780 741 846 802 huic
869 740 911 802 rei
934 740 1084 820 peculiare
1109 747 1199 819 caput
1221 740 1322 803 LVII.

242 829 338 891 Vides
371 820 466 890 lector
497 829 685 891 considerate
710 838 740 890 et
764 830 932 909 ingeniose,
965 830 1042 910 quod
1057 830 1145 898 ,haec
1168 829 1268 910 opinio
1298 831 1336 893 de
1365 830 1502 1081 pss

155 918 264 981 circulo
297 918 464 980 eccentrico
495 918 611 980 itineris
643 919 803 999 planetarii
835 920 929 981 multa
962 918 1149 981 incredibilia
1180 919 1226 980 in·
1243 919 1392 998 speculat'

130 1006 287 1091 physicis
310 1008 459 1081 involvat;
483 1027 541 1069 nou
562 1008 679 1088 quidem
702 1010 779 1088 quod
803 1007 885 1071 Solis
910 1009 1087 1070 diametrum
1110 1007 1202 1069 menti
1225 1007 1377 1088 planetari
1447 1000 1502 1091 pro

154 1096 220 1176 sign
290 1097 368 1159 onit:
402 1097 494 1159 faciet
523 1098 601 1158 enim
631 1098 661 1158 id
691 1098 817 1193 forsqtgg
846 1099 913 1177 ipsa
940 1097 1030 1159 etiam
1060 1096 1218 1159 verissima
1246 1099 1417 1174 seutentia3
1450 1098 1502 1162 sed

155 1187 232 1267 quod
279 1184 441 1248 ¹credibilia
464 1186 662 1249 transscribat
685 1195 716 1248 et
738 1186 830 1265 mr
854 1196 885 1249 et
907 1188 1024 1250 animae
1049 1187 1173 1250 motrici.
1375 1190 1396 1239 ’ί

114 1289 117 1293 ·
240 1277 286 1338 At
307 1296 371 1351 uos,
395 1276 444 1358 qui
467 1295 538 1338 vero
557 1276 713 1357 propinqui
737 1256 848 1350 suriana,
868 1278 931 1357 jam
954 1296 1043 1357 porro
1068 1277 1287 1357 speculationes
1312 1276 1404 1349 istas,
1425 1246 1502 1340 noss

157 1364 227 1427 dum
249 1365 320 1427 licet
342 1365 469 1445 undique
492 1367 654 1446 perlectas,
675 1366 799 1428 idoneas
823 1376 924 1428 tamen
947 1367 1078 1428 motibus
1094 1364 1186 1439 Solis,
1209 1366 1238 1427 in
1262 1384 1406 1429 numeros
1428 1386 1500 1431 con-

150 1454 242 1535 jicere
272 1454 430 1516 discemus.
475 1455 614 1518 Proderit
646 1456 767 1537 tendam
797 1457 836 1518 ad
865 1456 1049 1519 exactiorem
1081 1456 1144 1518 veri
1173 1454 1395 1534 inventionem,
1429 1474 1500 1539 quae

90 1586 94 1599 .
153 1552 322 1607 reservatur
344 1545 374 1606 iu
397 1550 489 1625 caput
510 1545 610 1619 LVII,
635 1564 690 1608 uos
712 1522 762 1607 llic
786 1545 984 1631 fuissepprius
1008 1545 1200 1609 exercitatos.

1370 1598 1456 1767 :qt-e

1265 1754 1281 1793 ³·
1361 1670 1468 1817 *witin

978 1660 989 1689 it
1009 1664 1031 1693 'J-

727 1775 918 1787 -—---—--

708 1954 828 2054 Caput
861 1953 941 2032 XL.
1044 1936 1048 1943 ⁹

155 2113 322 2178 Methodua
344 2116 537 2199 imperfecta,
562 2114 764 2197 aequationes
787 2136 828 2179 erc
836 2117 974 2199 physica
997 2115 1160 2200 hypothesi
1183 2116 1399 2200 cornputarrda',
1423 2136 1499 2201 quoa

461 2214 565 2268 tamen
586 2205 698 2287 sufficit
718 2205 857 2268 theoriae
881 2204 967 2268 Solia
989 2205 1036 2269 uel
1060 2206 1190 2268 Terrae.

243 2347 316 2408 Tam
349 2346 467 2428 prolixa
495 2345 698 2426 disputatione
722 2365 796 2428 opus
827 2346 897 2420 fuit,
932 2354 964 2409 ut
992 2349 1042 2410 via
1070 2356 1235 2409 strueretur
1263 2346 1301 2408 ad
1335 2349 1499 2410 naturalem

80 2450 82 2454 ‘
155 2437 361 2517 aequationum
386 2439 521 2511 formam,
546 2438 582 2497 de
606 2457 663 2517 qua
685 2446 772 2516 parte
795 2445 903 2518 quarta
925 2438 1012 2517 plura
1035 2458 1099 2499 sum
1123 2445 1253 2499 acturus.
1300 2436 1389 2498 Nunc
1412 2439 1498 2499 rede·

155 2526 263 2595 undum
296 2525 553 2608 adaequationes
585 2527 714 2587 eccentri
738 2527 819 2589 Solis
851 2524 884 2589 iu
906 2528 1019 2607 specie,
1053 2547 1128 2607 quae
1151 2527 1311 2606 potissima
1333 2534 1383 2587 est
1414 2527 1498 2606 hujus

154 2615 250 2694 partis
279 2616 388 2677 tertiae
417 2616 557 2688 materia,
591 2625 622 2676 et
644 2615 727 2695 cujus
760 2615 860 2696 gratia
882 2617 1048 2695 praemissa
1081 2624 1150 2678 sunt·
1181 2615 1335 2695 generalia
1368 2616 1499 2696 illaaper

156 2704 256 2783 capita
279 2703 299 2768 8
322 2706 542 2787 praecedentia.

241 2794 359 2857 Primus
382 2814 464 2856 meus
488 2814 570 2857 error
593 2795 666 2868 fuit,
689 2795 769 2855 viam
792 2794 933 2874 planetae
955 2795 1120 2874 perfectum
1146 2813 1213 2855 esse
1238 2793 1391 2867 circulum,
1416 2802 1498 2857 tarto

157 2884 310 2947 nocentior
324 2885 469 2964 temporis
492 2885 548 2958 fur,
573 2892 685 2965 quanto
700 2890 768 2944 erat
781 2883 818 2944 ab
836 2883 1015 2946 auctoritate
1031 2885 1159 2947 omnium
1181 2883 1431 2964 philosophorum
1454 2883 1497 2945 in-

156 2972 297 3037 stmctior
324 2982 356 3035 et
383 2973 606 3055 metaphysicae
641 2973 669 3034 in
698 2973 796 3052 specie
821 2973 1051 3036 convenientior.
1098 2974 1147 3036 Sit
1179 2992 1249 3053 ergo
1280 2972 1330 3033 via
1363 2991 1383 3054 p
1484 2988 1499 3034 c

155 3064 305 3145 perfectus
329 3063 528 3125 eccentricus:
554 3083 623 3123 nam
646 3062 787 3123 insensile
811 3071 859 3124 est
881 3062 909 3123 in
934 3063 1049 3124 theoria
1073 3061 1163 3138 Solis,
1188 3071 1330 3145 quantum
1354 3062 1382 3123 ei
1475 3062 1499 3124 is

157 3155 250 3215 lorma
272 3152 412 3215 detrahit.
453 3150 538 3221 (luae
561 3171 631 3212 voro
655 3160 775 3230 propter
798 3153 875 3213 hane
892 3152 1092 3213 deviationem
1115 3160 1185 3214 sunt
1206 3152 1382 3215 necessaria
1404 3152 1500 3214 lutura

100 3264 120 3297 a
156 3241 185 3303 in
210 3243 340 3322 planetis
363 3242 483 3316 ceteris,
510 3242 587 3302 inira
611 3250 772 3320 sequentur
795 3261 860 3321 cap.
886 3242 959 3303 LIX
974 3251 1004 3303 et
1026 3243 1092 3306 Lis
1131 3242 1207 3307 (lum
1230 3261 1302 3322 ergo
1317 3241 1380 3303 sint
1402 3256 1498 3305 morae

155 3333 294 3412 planetae
321 3331 352 3392 in
383 3331 559 3410 aequalibus
582 3331 712 3391 eccentri
735 3331 873 3410 partibus
896 3332 935 3391 ad
964 3332 1089 3419 ichem
1112 3332 1142 3394 in
1165 3351 1203 3391 ea
1230 3331 1443 3413 proportione,
1472 3331 1529 3393 iu'

157 3440 215 3500 qua
237 3428 306 3482 sunt
329 3421 414 3500 ipsae
437 3422 564 3500 partium
588 3421 706 3481 illarum
731 3421 910 3495 distantiae,
934 3428 967 3489 at
988 3430 1100 3502 puncta
1122 3420 1241 3501 singula
1263 3421 1295 3482 in
1317 3429 1385 3484 toto
1409 3419 1499 3484 semi·

21 3556 24 3563 .
82 3518 106 3587 β
157 3510 266 3572 circulo
289 3509 619 3572 eccentri‘distantiam
643 3518 774 3584 mutent,
807 3529 864 3571 non
888 3510 982 3570 levem
1007 3506 1127 3590 operbm
1150 3510 1221 3573 mihi
1245 3510 1356 3585 sumsi,
1388 3520 1426 3587 ut
1453 3511 1499 3573 iu·

96 3594 106 3669 ,’
157 3599 312 3679 quirerem,
336 3600 481 3680 quomodo
506 3599 688 3678 singularum
712 3599 921 3661 distantiarum
944 3619 1076 3663 summae
1107 3599 1211 3661 haberi
1243 3608 1378 3682 possent.
1419 3596 1500 3663 Nam

159 3688 216 3750 nisi
232 3708 377 3751 summam
393 3688 530 3762 omnium,
555 3709 630 3769 quae
656 3696 725 3749 sunt
748 3700 847 3750 tamen
864 3689 1006 3764 infinitae,
1031 3689 1231 3764 habuerimus,
1256 3708 1315 3751 non
1338 3689 1500 3770 poterimus

158 3779 265 3853 dicere,
290 3787 403 3859 quanta
418 3779 460 3840 sit
482 3779 623 3858 cujusque
647 3796 745 3839 mora:
771 3798 861 3860 quare
877 3778 1015 3858 aequatio
1038 3778 1233 3859 ignorabitur.
1269 3778 1313 3842 Ut
1335 3779 1416 3843 enim
1437 3784 1500 3843 tata

157 3886 271 3930 summa
285 3868 494 3929 distantiarum
509 3875 557 3929 est
572 3868 610 3928 ad
626 3876 743 3946 tempus
761 3876 857 3930 totum
876 3867 1068 3948 periodicnm,
1085 3868 1128 3930 sic
1144 3888 1215 3949 pars
1232 3887 1367 3930 summae
1383 3868 1498 3931 distau-

134 3974 138 3981 ·
157 3958 265 4020 tiarum
279 3957 445 4038 quotalibet
461 3958 498 4019 ad
514 3977 598 4020 suum
615 3965 742 4036 tempus.
774 3957 869 4037 Igitur
884 3958 968 4018 initio
983 3966 1152 4019 eccentrum
1167 3958 1249 4020 secui
1262 3958 1413 4039 impartes
1429 3952 1499 4032 366,

159 4047 244 4127 quasi
267 4048 324 4109 hae
348 4055 451 4109 essent
473 4045 611 4108 minimae
634 4046 814 4126 particulae,
839 4055 870 4108 et
892 4048 993 4125 posui,
1018 4048 1096 4129 quod
1119 4048 1198 4109 intra
1221 4067 1312 4110 uuam
1333 4045 1499 4126 hujusmodi

155 4144 271 4217 partem
303 4134 451 4198 distantia
482 4137 572 4225 nihil.
587 4144 725 4197 mutetur.
772 4135 943 4198 Distantias
975 4137 1067 4216 igitur
1099 4138 1137 4197 ad
1168 4136 1255 4198 initia
1286 4136 1419 4217 partium
1452 4154 1499 4200 seu

129 4227 299 4306 ‚graduum
322 4225 463 4287 methodo
487 4225 595 4307 capitis
611 4225 730 4288 XXIX.
747 4224 936 4306 investigavi,
961 4245 1070 4307 easque
1094 4227 1122 4287 iu
1147 4245 1234 4287 unam
1259 4244 1406 4288 summam
1429 4244 1499 4289 con·

154 4316 225 4395 J‘eci.
271 4315 384 4378 Postea
406 4316 532 4396 tempori
555 4315 746 4390 revolutorio,
772 4316 907 4395 quamvis
931 4316 1082 4377 definitum
1106 4324 1188 4377 esset
1211 4311 1275 4380 365
1300 4317 1406 4379 diebus
1430 4306 1499 4380 att

156 4405 247 4479 horis,
271 4386 354 4468 aiiud
375 4414 407 4467 et
428 4406 586 4467 rotundum
609 4423 713 4466 nomen
737 4405 833 4486 posui,
858 4405 978 4485 dixique
1001 4406 1073 4466 illud
1096 4406 1197 4466 valere
1224 4407 1337 4484 gradus
1362 4403 1429 4471 360
1451 4425 1501 4469 seu

155 4495 303 4576 integrum
317 4493 467 4570 circulum,
490 4496 540 4576 qui
563 4503 611 4556 est
624 4494 701 4576 apud
716 4502 905 4557 astronomos
925 4496 1085 4572 anomalia,
1098 4495 1205 4556 media.
1242 4497 1286 4558 Ut
1301 4515 1373 4577 ergo
1389 4516 1500 4559 summa

158 4584 368 4648 distantiarum
391 4585 428 4647 ad
452 4603 596 4646 summam
619 4585 773 4665 temporis,
797 4585 840 4647 sic
864 4585 974 4647 habere
999 4585 1056 4646 leci
1079 4584 1243 4667 quamlibet
1265 4585 1443 4649 distantiam
1464 4585 1500 4648 ad

29 4734 40 4763 ⁸
158 4692 244 4738 suum
268 4680 395 4754 tempus.
432 4674 568 4755 Denique
592 4681 727 4754 tempora
750 4694 803 4753 per
826 4673 961 4754 singulos
975 4674 1086 4754 gradus
1111 4674 1305 4750 accumulavi,
1323 4676 1500 4760 collatisque

156 4763 204 4825 his
232 4762 432 4844 temporibus,
466 4781 517 4824 seu
547 4762 688 4839 gradibus
719 4763 886 4826 anomaliae
919 4763 1035 4824 mediae
1065 4783 1131 4825 cunr
1158 4765 1301 4844 gradibus
1333 4766 1499 4829 anomaliae

158 4851 303 4927 eccentri,
338 4868 484 4931 seucum
517 4869 637 4915 numero
664 4853 809 4933 partium,
843 4853 980 4935 adquae
1008 4872 1100 4935 usque
1124 4854 1323 4936 quaerebatur
1346 4854 1500 4932 mantis
