3354 5504
629 274 690 330 Para
708 275 801 330 Tertia.
839 273 920 344 caput
935 274 1045 330 mlx.

162 667 237 747 Qud
258 667 314 731 oia
332 666 365 731 a
431 669 504 747 fdus
533 672 683 735 mediis·
717 651 959 760 assideant
986 594 1159 739 circuiit„
1178 665 1354 754 planetis
1384 669 1510 822 ΞΜἭ
1547 731 1550 735 ,

159 764 195 820 ut
216 754 388 821 aetas
464 767 554 823 uetee
568 763 680 834 orbito,
699 762 705 785 ¹
722 763 736 842 J
834 759 938 914 aquam
962 759 1102 835 aedunt,
1120 778 1180 842 per
1195 780 1311 823 aarum
1334 761 1456 823 aethere

760 872 776 911 e
890 871 917 912 r.

249 983 321 1049 Sint
343 988 444 1069 itaque
467 987 554 1050 nobis
578 991 607 1052 in
632 992 847 1055 demonstratis
868 989 1026 1052 verissima
1048 988 1304 1142 &animatu
1342 989 1507 1081 Primum,

161 1075 240 1155 qnod
264 1076 406 1155 planetae
422 1096 529 1165 corpus
553 1089 662 1143 natura
683 1081 859 1144 inclinatum
882 1080 925 1143 sit
943 1079 980 1140 ad
998 1080 1064 1160 quie
1150 1079 1178 1141 in
1204 1079 1282 1140 omni
1308 1079 1383 1155 loco,
1407 1080 1436 1143 in
1451 1099 1509 1162 quo

159 1163 329 1228 solitarium
350 1165 494 1247 ponitnrt'
528 1166 713 1246 Secundo,
746 1171 824 1250 quod
848 1169 1033 1251 serietate,
1057 1187 1133 1249 quae
1156 1187 1195 1229 ex
1218 1167 1305 1243 Sole,
1330 1170 1367 1230 de
1391 1169 1457 1231 loco
1478 1169 1509 1232 in
1533 1230 1535 1235 ,

158 1252 259 1316 locum
282 1256 446 1318 secundum
469 1255 684 1337 longitudinem
706 1259 822 1323 zodiaci
844 1250 1067 1339 transponatur.
1114 1256 1252 1332 Tertio,
1277 1258 1302 1320 si
1325 1275 1383 1318 non
1407 1266 1509 1321 muta·

159 1350 244 1406 retur
259 1343 408 1407 distantia
429 1346 570 1424 planetae
594 1368 614 1409 a
636 1347 717 1424 Sole,
741 1349 870 1411 futurum
886 1366 923 1409 ex
942 1347 999 1409 hac
1023 1345 1257 1427 transpositione
1278 1346 1335 1407 iter
1354 1347 1509 1411 circulare.

159 1428 313 1508 Quarto,
338 1434 470 1514 ejusdem
492 1435 633 1514 planetae
656 1438 686 1500 in
710 1438 825 1500 dnabns
849 1436 1005 1517 pervices
1029 1435 1184 1498 distantiis
1208 1455 1227 1496 a
1250 1433 1321 1497 Sole
1352 1442 1417 1498 toto
1441 1456 1507 1498 am-

158 1519 224 1583 bitu
239 1523 457 1605 permanentis,
482 1531 619 1605 tempora
632 1527 786 1607 periodica
808 1527 907 1588 futura
931 1526 960 1587 in
976 1524 1066 1605 dupla
1089 1523 1280 1606 proportione
1296 1523 1395 1586 distan
1414 1525 1421 1540 ⁸
1443 1544 1506 1601 rum

159 1610 225 1673 sive
249 1611 426 1674 circulomm
460 1612 674 1693 amplitudinis.
721 1614 878 1689 Quinto,
912 1614 1054 1676 virtutem
1085 1615 1194 1676 nudam
1218 1619 1249 1674 et
1277 1533 1458 1697 solitar&
1477 1613 1507 1675 in

159 1699 225 1779 ipso
248 1699 391 1780 planetae
406 1720 529 1782 corpore
552 1705 732 1767 residentem
755 1723 815 1767 nou
830 1722 898 1766 esse
921 1703 1117 1765 sufficientem
1140 1703 1375 1782 transportando
1389 1704 1426 1765 de
1443 1705 1507 1765 loco

160 1788 190 1849 in
214 1788 314 1851 locum
337 1810 390 1852 suo
414 1791 543 1870 corpori,
578 1796 655 1874 qnod
678 1794 817 1874 pedibus,
852 1794 908 1854 alis
932 1800 963 1853 et
990 1793 1088 1873 pinnis
1112 1800 1210 1863 caret,
1244 1791 1349 1871 quibus
1380 1791 1409 1854 in
1434 1812 1509 1854 aura

161 1877 307 1940 aetherea
335 1879 458 1943 nitatur.
505 1880 639 1955 Sexto,
663 1893 816 1946 ettamen
846 1901 986 1944 accessus
1009 1881 1150 1960 planetae
1175 1881 1212 1941 ad
1230 1879 1330 1942 Solem
1355 1889 1387 1943 et
1410 1881 1448 1943 ab
1472 1901 1507 1943 eo

161 1986 302 2041 recessus
325 1967 395 2030 oriri
414 1988 452 2030 ex
474 1969 596 2044 virtute,
621 1984 761 2052 quaeest
782 1972 903 2052 propria
926 1970 1075 2050 planetae.
1113 1970 1197 2032 Haec
1211 1971 1311 2031 omnia
1329 1978 1361 2031 et
1383 1980 1507 2032 naturae

161 2063 232 2119 sunt
256 2065 461 2120 consentanea
484 2078 517 2121 se
543 2060 616 2140 ipsis
640 2071 672 2124 et
695 2063 902 2125 demonstrata
924 2060 1080 2122 hactenus.

251 2146 278 2208 1.
323 2145 396 2208 Jam
418 2147 448 2209 in
470 2149 574 2227 liguris
597 2151 787 2231 geometricis
812 2168 1016 2223 exerceamur,
1039 2157 1074 2210 nt
1096 2154 1257 2230 appareat,
1282 2148 1321 2209 ad
1344 2148 1509 2230 quamlibet

163 2234 290 2298 orbitam
313 2235 454 2317 planetae
476 2241 764 2318 repraesentandam
787 2240 892 2322 quibus
907 2237 1024 2318 legibus
1040 2256 1115 2318 opus
1135 2238 1186 2299 sit.
1225 2235 1252 2297 E
1314 2247 1349 2298 ut
1366 2238 1508 2318 planetae

163 2323 261 2387 orbita
284 2324 327 2388 sit
349 2324 487 2402 circulus,
510 2336 544 2389 ut
559 2328 704 2393 haetenus
728 2331 883 2402 creditum,
907 2327 992 2408 isque
1016 2325 1126 2388 aSole
1150 2327 1232 2387 fonte
1278 2326 1284 2340 '
1334 2327 1376 2389 tis
1399 2346 1508 2401 ecceua
1584 2386 1588 2392 .

927 2416 1030 2478 tricus.
1077 2415 1126 2478 Sit
1153 2416 1204 2476 ille
1233 2416 1417 2479 eccentricns
1433 2416 1506 2493 OD,

755 2490 809 2555 ΗΒ·
829 2485 871 2538 9⁰·
926 2505 1071 2568 centroB
1095 2506 1276 2566 diastemate
1290 2503 1345 2567 BC
1369 2506 1507 2588 descrip-

733 2621 749 2662 ι
923 2603 990 2658 tus:
1015 2592 1046 2657 in
1069 2612 1104 2655 eo
1124 2592 1178 2657 BC
1202 2593 1283 2655 linea
1305 2595 1452 2674 apsidum,
1476 2603 1508 2658 et

923 2685 955 2747 A
969 2683 1023 2746 Sol
1038 2690 1069 2744 et
1081 2683 1139 2747 BA
1159 2682 1378 2745 eccentricitas.
1417 2685 1507 2747 Divi-

627 2816 631 2845 ,-
925 2773 1014 2835 datnr
1028 2771 1213 2835 eccentricus
1237 2772 1266 2833 in
1287 2779 1392 2852 partes
1415 2783 1505 2854 quot·

615 2890 619 2900 ·
925 2880 1039 2942 cunque
1067 2862 1224 2942 aequales,
1258 2860 1344 2923 initio
1378 2883 1397 2922 a
1427 2863 1447 2923 l'

926 2952 1063 3031 apsidum
1087 2952 1169 3012 facto
1184 2950 1212 3010 in
1231 2947 1274 3011 0:
1298 2868 1538 3103 quarum,

926 3040 998 3102 mini
1022 3048 1235 3101 connectantur
1258 3058 1323 3101 cum
1341 3038 1378 3100 A.
1409 3040 1471 3103 Ero
1637 3038 1639 3043 ’

926 3129 1017 3210 igitur
1048 3128 1114 3202 CA,
1144 3129 1212 3203 DA,
1242 3129 1308 3202 EA,
1337 3129 1402 3203 ΡΑ,
1434 3128 1503 3206 GA,

926 3219 985 3280 HA
1007 3218 1200 3280 terminorum
1232 3218 1361 3297 partium
1391 3237 1505 3300 aequa-

925 3308 995 3369 lium
1027 3307 1190 3369 distantiae
1215 3328 1233 3368 a
1257 3308 1339 3368 fonte
1372 3307 1503 3372 virtutis.

922 3394 992 3458 Jam
1030 3405 1131 3458 centro
1160 3397 1197 3471 β,
1235 3396 1414 3458 diastemate
1452 3400 1507 3479 dy,

927 3485 1004 3564 quod
1028 3487 1069 3547 sit
1090 3485 1214 3565 aequale
1238 3485 1296 3564 ipsi
1320 3485 1391 3560 AB,
1425 3490 1503 3550 scri-

161 3583 246 3646 batur
263 3579 414 3661 epioyclns
430 3581 482 3654 yt,
505 3574 620 3637 divisus
639 3573 668 3634 in
683 3573 809 3634 totidem
824 3592 889 3635 cum
905 3574 1070 3635 eccentrico
1089 3582 1191 3653 partes
1210 3574 1338 3636 invicem
1353 3578 1505 3657 aequales,

162 3693 180 3734 a
199 3696 215 3752 y
237 3669 323 3732 initio
347 3668 445 3729 iacto:
472 3673 503 3727 et
526 3664 607 3725 linea
630 3664 671 3742 γβ
693 3662 889 3735 continuetur,
916 3671 948 3723 ut
970 3664 1016 3740 βα
1039 3671 1147 3744 aequet
1169 3661 1242 3725 BC:
1268 3671 1300 3724 et
1321 3675 1461 3744 punctum
1485 3691 1505 3729 α
1627 3680 1630 3685 ’

162 3766 358 3824 connectatur
381 3773 446 3817 cum
469 3752 604 3815 terminis
627 3751 755 3833 partium
779 3751 904 3832 epieycli
929 3752 1106 3833 aequalium,
1131 3751 1218 3812 lineis
1234 3774 1282 3831 γα,
1306 3759 1358 3828 da,
1383 3777 1432 3827 se,
1455 3752 1505 3832 ζα,

161 3873 215 3929 qa,
239 3854 309 3921 θα;
333 3852 477 3924 eruntque
501 3843 598 3904 lineae
620 3842 677 3903 hae
702 3840 842 3921 aequales
866 3839 969 3902 ordine
993 3838 1146 3903 distantiis
1169 3840 1206 3902 ab
1229 3842 1258 3902 A
1282 3842 1311 3903 in
1337 3842 1505 3908 eccentrioo

163 3938 345 4002 exstructis:
370 3934 401 3995 id
425 3933 504 3995 enim
527 3950 618 4011 supra
641 3930 738 4011 capite
762 3930 891 3991 secundo
915 3930 1151 3992 demonstratum
1174 3938 1230 3992 est.
1277 3931 1390 3995 Centro
1414 3934 1505 4014 igitur

163 4054 182 4092 α
203 4029 385 4090 diastemate
409 4028 453 4086 ta
485 4021 633 4083 scribatur
662 4039 749 4081 arcus
780 4023 856 4093 did,
889 4037 995 4080 secans
1025 4018 1203 4081 diametrum
1225 4016 1263 4097 γζ
1287 4021 1319 4082 in
1341 4047 1350 4081 ι
1358 4043 1367 4096 ;
1401 4025 1511 4087 eodem

162 4137 231 4180 vero
257 4123 360 4177 centro
384 4137 404 4174 α
427 4111 605 4174 diastemate
629 4134 668 4172 ae
692 4108 840 4171 scribatur
869 4127 956 4170 arcus
980 4110 1048 4184 atq,
1081 4127 1188 4171 secans
1218 4109 1395 4173 diametrum
1417 4109 1455 4192 γζ
1473 4113 1504 4174 in

162 4210 233 4280 Aet
252 4209 468 4267 connectantur
492 4199 612 4262 termini
634 4198 763 4281 partium
780 4197 944 4278 aequaliter
967 4196 1144 4259 distantium
1162 4218 1214 4276 ay
1236 4199 1355 4279 aphelio
1379 4202 1504 4284 epieycli

162 4296 249 4359 lineis
273 4298 330 4367 td,
354 4314 400 4369 eq,
423 4310 499 4372 qnae
523 4297 627 4351 secent
648 4287 772 4349 eandem
795 4286 973 4348 diametrum
996 4287 1026 4348 in
1049 4310 1115 4361 aa
1138 4286 1243 4365 signis,
1267 4288 1319 4357 sie,
1333 4297 1367 4350 ut
1389 4297 1432 4352 ud
1454 4291 1503 4352 vel
1599 4364 1602 4371 Ι

163 4410 195 4448 αι
218 4384 262 4448 sit
282 4380 401 4461 longior
423 4399 511 4462 quam
534 4402 585 4451 aa,
609 4386 640 4440 et
662 4400 701 4438 aa
724 4376 771 4438 vel
796 4379 839 4437 αλ
860 4375 978 4455 longior
1000 4395 1088 4457 qnam
1111 4400 1168 4451 αμ.
1182 4370 1227 4449 ⁸¹)
1531 4370 1535 4379 '

251 4470 370 4544 Quodsi
392 4468 536 4549 possibile
560 4477 649 4543 esset,
673 4467 825 4547 planetam
849 4464 891 4525 ire
914 4464 1078 4544 perlectum
1101 4466 1265 4548 epieyclum
1288 4466 1318 4528 vi
1340 4467 1447 4544 insita,
1472 4472 1504 4533 et

162 4564 251 4626 simul
275 4560 403 4624 orbitam
425 4558 491 4638 ejus
514 4576 581 4619 esse
604 4557 771 4636 perlectum
794 4553 949 4628 circulum,
982 4562 1053 4616 tunc
1076 4554 1187 4616 similos
1211 4573 1298 4617 arcus
1321 4556 1408 4619 simul
1430 4577 1501 4639 per-

163 4654 208 4716 lici
228 4648 381 4732 cogitandi
404 4654 519 4724 essent,
542 4665 608 4709 cum
631 4647 661 4708 in
675 4642 840 4708 ecoentrieo
863 4650 926 4704 tum
948 4643 980 4705 in
1003 4644 1147 4725 epieyclo.
1183 4644 1375 4725 Itaqueiam
1397 4648 1502 4713 statim

164 4748 354 4822 patesceret,
386 4736 492 4818 quibus
522 4736 645 4811 mediis,
686 4753 744 4814 qua
779 4750 918 4794 mensura
952 4732 1118 4795 efficeretur
1147 4730 1293 4794 distantia
1321 4758 1357 4797 αι
1387 4754 1501 4818 aequa-

165 4830 201 4894 lis
223 4827 284 4912 ipsi
307 4825 382 4892 AD.
427 4825 507 4891 Nam
529 4823 599 4907 qnia
621 4848 668 4899 αι,
691 4820 917 4901 coaequales,
940 4821 1123 4903 planetaex
1145 4821 1210 4897 yin
1232 4821 1359 4901 tiens,
1382 4816 1501 4906 distat(—¹
1546 4903 1553 4917 ,
1649 4840 1653 4847 ’
