3354 5504
167 306 231 375 in
552 268 554 273 Ι
646 307 685 359 De
703 306 810 358 Motibus
829 304 922 356 Stellae
940 303 1028 356 Martis

163 488 222 554 hic,
252 488 413 545 woentricis
442 486 566 543 omnibus
586 487 614 543 iu
641 489 707 542 orbe
737 505 790 540 uno
811 486 883 543 Solis
911 485 1107 540 circumductis.
1148 482 1244 555 Spirae
1265 489 1360 539 umen
1388 484 1469 554 ipsas
1484 482 1519 545 ,iu

163 570 242 625 coelo
256 587 287 624 re
301 570 365 641 ipsa
383 568 499 640 uterque
512 567 651 638 relinquit.
668 567 834 637 Cepernicus
848 584 902 621 unc
916 574 992 622 motu
1006 583 1099 642 nunno
1112 564 1215 619 Telluri
1229 563 1367 619 attributo
1382 565 1518 635 planetes

162 666 256 705 omnes
284 649 366 722 spiris
397 648 472 704 bisoe
501 647 718 719 perplexissimis
748 647 855 702 omniuo
877 647 1000 717 spoliat,
1031 647 1161 717 planetas
1190 643 1317 716 singulos
1336 644 1368 699 in
1386 643 1519 716 singulm

161 729 327 785 nudissimua
339 728 445 784 orbitas
459 744 541 800 quam
555 728 679 798 proxime
693 728 841 783 circulares
856 727 993 792 inducens,
1016 742 1107 798 quam
1118 743 1201 780 unam
1215 732 1245 779 et
1258 726 1376 781 eandem
1396 723 1520 795 orbitam

160 810 238 867 um
260 807 321 881 jam
344 809 416 864 dicto
441 808 572 879 temporis
598 807 690 879 spatio
711 809 794 863 toties
814 807 962 879 percurrit,
990 814 1057 879 quot
1076 806 1121 861 hio
1141 806 1217 860 rides
1245 804 1366 860 corollas
1394 803 1518 863 murras

161 906 257 945 versus
279 895 409 954 centrum,
431 905 488 944 una
506 889 578 960 plus,
600 895 672 960 putu
691 888 794 954 novies,
815 890 877 943 dum
898 887 1006 943 interim
1027 888 1121 942 Tellus
1142 902 1220 941 suum
1244 885 1376 941 circulum
1397 882 1518 941 recurrit

162 968 293 1027 sedecies.
1492 990 1494 995 ·

249 1047 381 1110 Rursum
403 1052 504 1109 autem
527 1046 768 1110 animadversum
789 1056 846 1121 est,
870 1047 925 1108 hos
943 1044 1175 1125 uniuscujusque
1199 1044 1340 1125 planetae
1364 1043 1517 1124 spirarum

161 1135 305 1200 arficuloa
327 1135 358 1198 iu
382 1134 511 1198 divorsis
542 1134 657 1199 zodiaci
686 1136 781 1216 signis
805 1155 872 1197 esse
896 1134 1089 1214 inaequales;
1121 1142 1156 1194 ut
1178 1131 1288 1195 alicubi
1311 1134 1440 1212 planeta
1461 1149 1519 1214 per

160 1224 323 1306 longiorem
348 1242 450 1287 arcum
471 1221 589 1289 zodiaci
609 1226 822 1301 retrocederet,
857 1223 966 1287 alicubi
989 1242 1043 1304 per
1064 1222 1247 1296 breviorem,
1266 1220 1350 1302 .jam'
1364 1219 1513 1302 longiore,

156 1315 221 1395 jam
244 1313 379 1376 breuiore
401 1312 547 1395 temporis
569 1314 690 1395 spatio:
714 1333 768 1377 nec
784 1313 862 1376 idern
885 1321 1029 1394 perpetuo
1044 1310 1211 1392 retrogradi
1235 1311 1377 1392 planetae
1392 1308 1516 1373 luminis

159 1403 389 1466 incrementumc
422 1402 529 1483 quodsi
557 1409 696 1485 tempora
723 1412 755 1465 et
781 1404 848 1465 loca
880 1404 957 1464 iuter
984 1401 1100 1463 medios
1123 1409 1342 1463 retrocessunm
1367 1399 1516 1479 articnlqs

160 1499 414 1572 computarentur,
433 1510 529 1573 neque
542 1500 679 1571 tempora
693 1492 877 1572 temporibus
891 1510 985 1572 neque
1001 1509 1087 1553 arcus
1107 1489 1234 1553 arcubus
1249 1495 1338 1551 erant
1357 1488 1515 1576 aequales,

122 1594 123 1599 ’
159 1598 253 1662 neque
277 1598 411 1662 quaeque
434 1589 571 1662 tempora
594 1580 656 1644 suis
679 1582 806 1644 arcubus
830 1581 936 1643 eadem
958 1579 1150 1660 proportione
1173 1577 1419 1660 respondebant:
1445 1584 1515 1647 erat

158 1680 260 1732 tamen
292 1669 448 1749 unicnique
479 1669 620 1751 planetae
652 1678 766 1733 certum
796 1669 912 1751 signum
943 1668 1074 1743 zodiaci,
1108 1687 1208 1749 aquo
1236 1667 1321 1749 signo
1351 1686 1448 1749 psqne
1472 1666 1512 1729 ad

159 1757 328 1839 oppositum
352 1776 406 1838 per
427 1764 582 1840 utrumque
605 1760 820 1823 semicirculum
844 1758 943 1821 omnia
964 1758 1025 1820 ista
1048 1757 1218 1820 successive
1242 1756 1442 1837 augebantur.

250 1845 298 1908 Ex
331 1846 437 1926 quibus
469 1847 730 1912 observationibus
757 1848 941 1911 intellectum
974 1855 1037 1923 est,
1071 1847 1145 1909 duas
1169 1845 1407 1928 inaequalitates
1432 1844 1513 1926 apud

163 1953 399 2017 unumquemque
422 1937 576 2017 planetam
599 1936 629 1999 in
653 1957 743 2000 unum
766 1937 916 2014 conlundi,
941 1955 1064 2019 quarum
1080 1937 1160 2018 prior
1174 1954 1239 1998 cum
1255 1934 1513 2016 reditnplanetae

159 2025 198 2087 ad
222 2023 300 2087 idem
323 2023 438 2088 zodiaci
462 2025 587 2106 signum,
612 2028 710 2090 altera
732 2046 798 2091 cum
822 2026 920 2090 reditu
943 2024 1026 2089 Solis
1049 2026 1088 2088 ad
1110 2026 1265 2109 planetam
1288 2025 1512 2087 restitueretur.

160 2116 276 2178 Harum
306 2112 406 2196 itaque
437 2112 684 2196 inaequalitatum
723 2136 833 2180 causae
873 2125 905 2178 et
936 2134 1094 2179 mensurae
1131 2113 1308 2194 investigari
1340 2113 1431 2176 aliter
1454 2130 1514 2199 nou

162 2210 314 2284 poterant,
339 2200 397 2266 nisi
420 2213 633 2285 separarentur
660 2206 803 2269 confusae
833 2204 1067 2287 inaequalitates
1090 2203 1285 2285 singulaeque
1309 2202 1439 2265 seorsim
1460 2200 1512 2265 in-

163 2291 359 2373 spicerentur.
406 2292 595 2357 Gensuemnt
622 2294 725 2375 igitur,
759 2296 797 2359 ab
821 2295 1038 2376 inaequalitate
1061 2295 1159 2375 prium
1182 2292 1397 2373 incipiendum,
1433 2290 1513 2373 qnod

160 2389 245 2444 esset
267 2382 454 2444 constantior
477 2393 509 2444 et
530 2384 699 2463 expeditior
706 2403 716 2460 ;
740 2394 774 2448 ut
796 2385 881 2465 cujus
905 2384 1071 2464 exemplum
1089 2383 1129 2446 in
1154 2381 1235 2446 Solis
1259 2390 1342 2445 motu
1356 2380 1512 2465 videbapt,

160 2470 210 2553 qui
233 2470 321 2532 alteri
344 2469 554 2552 inaequalitati
577 2492 634 2536 non
659 2483 725 2538 erat
748 2468 944 2547 obnoxius.*)
983 2473 1024 2536 Ut
1046 2472 1138 2554 igitur
1160 2470 1200 2535 ab
1223 2470 1280 2533 hac
1302 2471 1402 2551 priora
1424 2470 1513 2531 inae-

162 2559 312 2640 qualitate
343 2560 505 2622 secnndam
535 2572 727 2643 separarent,
756 2565 846 2625 aliter
868 2582 924 2625 non
949 2571 1087 2644 potuere,
1121 2560 1259 2642 quamsi
1284 2560 1513 2622 considerarent

159 2649 301 2730 planetae
337 2647 375 2711 iis
398 2648 554 2726 noctibus,
590 2672 715 2735 quarum
743 2653 772 2716 in
795 2651 950 2733 principiis
980 2651 1114 2714 emuntur
1137 2649 1292 2713 occidente
1317 2648 1404 2722 Scle;
1437 2667 1513 2729 quoa

160 2736 331 2820 deponant
353 2738 558 2820 appellabant.
597 2742 677 2805 Nam
691 2743 762 2823 qnia
774 2742 948 2823 praesentia
962 2740 1176 2825 etconjnnctio
1191 2738 1273 2801 Solia
1293 2737 1376 2821 ipsos
1391 2745 1515 2820 praeter

159 2845 272 2891 morem
295 2828 461 2903 accelerat,
495 2830 645 2910 oppositio
668 2830 750 2894 Solis
773 2831 864 2894 etiam
888 2832 917 2893 in
940 2830 1121 2893 contrarium
1145 2829 1246 2902 ducit;
1277 2838 1360 2890 certe
1384 2836 1458 2890 ante
1480 2835 1513 2889 et

172 2926 243 2998 post
265 2917 320 2979 hos
344 2918 487 2980 articulos
510 2919 633 2982 multum
649 2940 665 2982 e
680 2922 743 2983 suis
766 2921 850 2996 locis,
874 2939 948 3001 quos
962 2928 1050 2981 erant
1060 2918 1314 2999 repraesentaturi
1324 2937 1379 2998 per
1387 2917 1514 2998 primam

132 3055 135 3060 .
165 3005 432 3087 inaequalitatem,
467 3017 650 3072 amoventur.
706 3012 740 3072 In
765 3010 899 3071 articulis
927 3027 1003 3089 ergo,
1022 3007 1096 3088 ipsis
1119 3006 1336 3089 conjunctionis
1360 3016 1392 3068 et
1415 3025 1513 3089 oppo-

161 3094 282 3159 sitionis
316 3114 382 3158 cum
414 3095 486 3158 Sole
528 3097 582 3159 illa
613 3097 680 3177 ipsa
713 3118 768 3162 sua
801 3100 868 3160 loca
899 3106 1066 3160 transeunt.
1129 3098 1165 3159 In
1197 3095 1407 3176 conjunctione
1442 3114 1522 3159 vero·

160 3184 246 3336 ξομε
283 3203 349 3287 cnm
382 3185 462 3247 cerni
497 3196 666 3268 nequeant,
704 3187 880 3268 relinquitur
911 3188 978 3248 sola
1014 3186 1163 3268 oppositio
1193 3204 1260 3249 cum
1293 3185 1367 3248 Sole
1400 3184 1514 3249 idonea

268 3293 306 3336 er.
1218 3324 1222 3333 .
1470 3288 1475 3295 ·

182 3293 229 3336 1110
249 3293 324 3426 uum
339 3371 440 3425 autern
459 3362 536 3426 alins
551 3363 590 3426 sit
610 3366 724 3428 medius
743 3374 842 3428 motus
862 3365 953 3442 Solis,
977 3365 1053 3428 alius
1067 3383 1225 3446 apparens,
1233 3359 1286 3436 **)
1310 3382 1346 3425 eo
1362 3364 1441 3446 quod
1456 3360 1513 3429 sol

164 3453 254 3515 etiam
288 3451 329 3514 sit
351 3452 497 3515 obnoxius
520 3453 729 3534 inaequalitati
751 3454 880 3537 primae,
920 3455 1012 3535 igitur
1035 3454 1203 3536 quaeritur,
1243 3452 1380 3535 quisnam
1407 3452 1517 3519 horum:

163 3550 255 3604 eruat
278 3542 419 3622 planetas
442 3541 658 3623 inaequalitate
682 3547 831 3621 secunda,
856 3555 887 3608 et
910 3555 1007 3607 utrum
1031 3545 1172 3625 planetae
1196 3543 1258 3605 sint
1279 3540 1459 3625 inspiciendi
1482 3540 1512 3609 in

161 3630 349 3713 oppositione
387 3650 453 3694 cum
490 3635 647 3714 apparenti
672 3654 709 3696 an
733 3654 799 3698 cum
823 3633 920 3697 medio
945 3634 1009 3696 loco
1033 3633 1125 3696 Solis.
1162 3632 1356 3695 Ptolemaeus
1379 3632 1517 3715 medium

161 3729 272 3783 motum
300 3719 413 3800 elegit;
448 3722 526 3801 quod
557 3722 734 3798 discrimen,
764 3723 790 3785 si
819 3724 895 3804 quod
923 3724 966 3785 sit
993 3723 1071 3786 inter
1100 3723 1324 3802 usurpationem
1348 3721 1439 3785 medii
1463 3722 1518 3787 vet

160 3809 335 3891 apparentis
357 3818 457 3873 motus
470 3809 562 3884 Solis,
586 3811 846 3875 observationibus
870 3822 1007 3875 censeret
1030 3811 1209 3894 deprehendi
1233 3830 1292 3872 non
1305 3830 1409 3892 posse,
1427 3812 1514 3877 teet

159 3898 230 3961 ve'ro
255 3899 350 3960 forma
373 3900 479 3962 calculi
504 3907 536 3961 et
558 3901 845 3964 demonstrationum
869 3903 1011 3983 expedita
1034 3910 1177 3982 usurpato
1201 3909 1284 3963 motu
1301 3898 1385 3962 Solis
1399 3900 1509 3965 medior

161 3989 366 4053 Ptolemaeum
398 3987 581 4071 Cepernicus
619 4001 650 4052 et
672 3991 773 4074 Tycho
811 3991 840 4052 in
877 3993 939 4053 suis
976 3989 1261 4053 transsumtionibus
1297 3997 1370 4051 sunt
1401 3990 1521 4055 sessu·

159 4078 242 4159 Ego,
267 4087 300 4138 ut
323 4076 417 4139 habes
440 4078 469 4140 in
484 4078 632 4162 Mysterio
656 4100 722 4143 meo
747 4079 1000 4162 Cosmographico
1025 4098 1090 4160 cap.
1114 4080 1193 4155 XV,
1223 4086 1332 4152 (Vult
1359 4102 1384 4153 p.
1407 4084 1458 4138 lta
1476 4084 1511 4152 a}

161 4173 359 4248 apparentem
392 4168 489 4230 locum
522 4179 554 4230 et
582 4171 679 4250 ipsum
703 4170 785 4233 Solis
813 4190 920 4251 corpus
944 4190 997 4251 pro
1020 4179 1102 4232 meta
1125 4178 1245 4232 statuo:
1269 4169 1360 4250 idque
1383 4169 1517 4251 demone-

162 4254 368 4332 straticnibus,
393 4257 492 4336 operis
515 4267 602 4339 parte
627 4270 734 4340 quarta
758 4269 789 4321 et
812 4260 917 4340 quinta
940 4259 1150 4342 sequentibus,
1175 4258 1319 4321 evincam.

247 4344 335 4407 Prius
364 4355 464 4407 tamen
493 4347 550 4411 hac
579 4358 666 4428 parte
689 4350 785 4430 prima
808 4349 1034 4423 demonstrabo,
1059 4342 1149 4432 'qnod
1182 4350 1224 4424 is,
1263 4347 1313 4429 qui
1334 4367 1390 4429 pro
1413 4340 1510 4435 medic?

248 4537 276 4612 *)
297 4541 346 4598 Sol
365 4543 454 4597 habet
474 4560 557 4599 unam
577 4546 664 4600 solam
688 4545 917 4618 inaequalitatem
943 4552 1071 4618 respectu
1098 4547 1242 4616 temporis,
1269 4546 1345 4602 intra
1367 4550 1442 4620 quod
1460 4546 1516 4617 iffi

161 4624 321 4681 absolvitur.
363 4624 434 4678 Nam
454 4627 525 4697 quod
547 4642 645 4681 causas
667 4627 875 4699 inaequalitatis
901 4629 982 4699 hujus
1014 4625 1133 4692 attinet,
1163 4628 1230 4683 illae
1252 4630 1323 4682 duas
1343 4638 1513 4689 coucam

161 4715 218 4763 um
239 4706 266 4761 in
286 4705 351 4760 Sole
371 4721 454 4776 quam
472 4705 502 4760 in
521 4707 633 4778 reliquis
653 4709 784 4778 planetis,
804 4715 838 4763 ut
856 4708 930 4763 infra
949 4710 1063 4764 dicetur.

248 4779 292 4856 “)
311 4788 459 4856 Appareus
480 4785 552 4842 Solis
572 4787 649 4842 locus
670 4797 715 4843 est
734 4790 767 4854 is,
788 4805 867 4860 quem
887 4788 936 4843 Sol
956 4806 1006 4860 per
1025 4788 1254 4861 inaequalitatem
1274 4805 1353 4845 suem
1374 4808 1512 4866 campe

161 4868 290 4927 omnim.
331 4864 439 4923 lleditu
459 4866 555 4936 estis,
577 4885 656 4940 quem
676 4876 834 4940 oocuparet,
854 4864 1099 4944 si‘inaeqeelitete
1120 4886 1173 4925 sua
1190 4877 1308 4929 caram.
1376 4934 1381 4943 1
