3354 5504
551 320 554 325 -
581 290 611 342 In
629 264 813 345 Commentario
828 293 861 344 dc
878 291 984 344 motibus
1001 289 1089 344 llrrtls

265 534 269 542 ,
323 464 398 534 ¹1,oe
415 464 451 533 ψ
468 466 502 530 n)
520 486 548 510 =
566 463 614 517 οπο
635 466 676 519 so
698 465 766 530 soe
928 464 1089 534 hic-m
1107 486 1135 510 =
1153 462 1203 518 τοῦ
1221 465 1264 518 w
1283 465 1336 518 22⁴¹

353 541 399 591 su
412 566 446 577 -
459 540 503 591 sc
523 558 550 582 =
567 536 702 599 ostien
1155 537 1198 589 ss.
1224 536 1265 589 se.
1286 536 1320 589 sc

354 613 400 663 sn
411 608 447 677 ψ
458 611 504 663 sc
522 628 549 652 =
567 609 700 671 2‚eoeee;
935 608 1320 697 ῃΔ-ς-τ-

935 791 1059 858 Complem
1096 809 1123 818 ·-
1150 785 1198 841 19⁰
1216 788 1260 841 2⁷¹

659 863 705 911 sin.
727 855 932 916 1⁰it¹10“><
948 865 995 914 rin.
1012 858 1114 913 10⁰2?
1230 906 1236 919 ,
1279 921 1307 931 -
1337 897 1350 930 ⁰
1401 904 1409 928 ,
1467 902 1475 928 ,

773 952 819 1000 οη.
838 945 870 998 5⁰
887 949 932 1001 ss
950 949 1003 1001 ees
1125 907 1195 967 ’¹⁸‘
1213 900 1335 957 ''⁸⁸“
1367 900 1400 953 ¹⁰
1422 899 1466 953 w
1488 915 1511 955 ⁸¹

250 1019 314 1083 107)
332 1036 356 1087 p.
376 1017 435 1070 ⁴³0.
472 1019 548 1070 Redit
565 1018 688 1085 Kepleruc
711 1020 744 1071 ad
767 1021 833 1072 hanc
856 1023 1049 1088 speculationem
1070 1024 1097 1074 ln
1116 1024 1180 1088 Epit
1199 1024 1267 1074 hstr.
1287 1021 1348 1086 Cep.
1367 1018 1432 1070 stro
1450 1015 1511 1075 Vll.

161 1111 213 1146 rem
232 1094 330 1161 quidem
348 1093 500 1158 aliquantum
519 1095 659 1142 accuratius
676 1094 818 1157 inspiciens,
836 1108 916 1160 neque
928 1110 984 1146 rere
996 1096 1071 1161 mane
1083 1109 1184 1161 scopum
1203 1095 1339 1160 attingens,
1358 1091 1402 1142 illc
1415 1102 1511 1156 quoqu

160 1174 278 1231 tempore,
297 1179 344 1230 quo
361 1164 448 1215 librum
465 1162 531 1213 huus
555 1165 700 1229 conscnpsit
717 1161 794 1226 (auno
813 1162 902 1228 itti),
921 1167 1114 1219 memoritur
1137 1164 1349 1218 observationibus
1367 1162 1511 1219 coenem

160 1259 302 1314 qucquam
320 1253 374 1297 tum
385 1245 506 1295 theoriam
523 1256 594 1294 mam
606 1245 639 1295 ad
651 1252 745 1296 ceteros
764 1246 933 1311 appllerrcrct
949 1248 1071 1312 planetas.
1096 1246 1168 1297 llaec
1184 1247 1218 1296 ibi
1233 1244 1317 1295 addit:
1340 1237 1511 1306 „conparet

162 1323 250 1377 lector
263 1336 307 1387 ea,
322 1335 393 1392 quse
407 1319 435 1373 in
450 1318 598 1373 Comment.
608 1319 707 1374 Martis
718 1320 785 1389 Ccp.
800 1318 925 1376 LXVIII.
939 1323 972 1376 dc
986 1322 1042 1376 situ
1056 1321 1225 1376 clrcellorum
1240 1319 1338 1373 horum
1352 1314 1509 1389 disputarit

161 1416 296 1474 quamque
316 1399 437 1455 inveniet
466 1397 659 1466 differentiam,
689 1400 730 1456 rei
754 1399 840 1471 Ipsius
869 1402 1026 1457 difficultati
1055 1409 1086 1456 et
1113 1400 1247 1472 penuriae
1277 1396 1505 1453 observationum

162 1489 379 1554 opportunamm
399 1476 533 1534 tribuet.“
1027 1515 1031 1523 .

78 1559 80 1562 ’
249 1568 281 1619 1ο
298 1567 375 1619 literis
394 1568 428 1618 ad
444 1566 627 1617 Fabricium
644 1567 705 1616 item
722 1565 754 1617 de
771 1566 809 1618 his
827 1569 882 1635 agit
898 1568 964 1619 bunc
981 1568 1007 1619 iu
1025 1569 1143 1619 modum:
1160 1561 1253 1617 Motus
1267 1557 1340 1614 Solis
1355 1557 1393 1612 ab
1407 1551 1508 1610 Arict's

161 1642 295 1713 principio
325 1640 495 1712 inaequalis.
526 1640 669 1695 stellarum
700 1641 736 1695 eb
765 1642 868 1697 Arietis
897 1641 1032 1713 principio
1061 1641 1235 1713 Inaequalis,
1266 1634 1339 1694 Solis
1375 1653 1393 1694 a
1421 1630 1507 1709 stellis

164 1722 298 1794 aequalis.
327 1721 404 1793 Ergo
417 1719 521 1775 Arietis
534 1719 696 1791 principium
710 1720 895 1794 inaequaliter
907 1723 1009 1778 mobile
1023 1729 1075 1787 est,
1091 1737 1178 1777 causa
1196 1720 1341 1792 utriusque
1355 1712 1508 1790 maqued-

161 1802 228 1858 tctis
248 1800 427 1874 praemissae.
456 1800 543 1856 Fines
557 1799 645 1872 igitur
657 1800 809 1872 quiescunt
831 1803 926 1873 eapite
938 1802 1041 1858 Arietis
1056 1809 1086 1857 et
1098 1802 1201 1857 Librae
1216 1803 1252 1856 cd
1266 1806 1372 1855 motum
1384 1799 1507 1871 poles!

162 1887 380 1954 transponuntur
400 1882 451 1936 sub
469 1881 540 1936 duis.
583 1881 698 1936 Omnino
719 1881 759 1937 sie
779 1883 969 1956 cogitandum,
989 1889 1080 1939 motus
1101 1881 1218 1937 omnium
1238 1883 1421 1952 planetarum
1440 1874 1508 1945 ini

160 909 225 960 Illuc
244 914 273 958 ut
289 921 381 971 supra:
399 905 445 957 siu.
464 904 509 956 lat
528 905 597 956 ritae
615 923 642 946 =

43 2027 44 2031 η
162 1980 244 2036 posse
264 1961 324 2017 sine
344 1969 504 2033 aequatore.
544 1962 583 2017 Et
602 1980 657 2036 ego
678 1962 704 2016 id
726 1963 917 2029 observarem,
938 1963 962 2018 si
983 1964 1049 2019 mihi
1069 1963 1170 2035 aliquis
1195 1969 1272 2021 esset
1290 1961 1319 2015 ln
1341 1954 1509 2017 umonorl'm

162 2043 355 2098 instituendus.
382 2041 523 2112 Perceptis
544 2042 607 2105 illis,
626 2041 686 2111 jam
706 2042 823 2114 denique
843 2045 940 2099 ulhmo
961 2044 1079 2100 omnium
1099 2045 1236 2099 traderem
1257 2041 1415 2097 doctrinm
1433 2032 1511 2112 prifl‘

161 2123 278 2189 mobilis,
308 2123 468 2188 ostendens,
499 2125 631 2194 quomodo
651 2123 709 2193 poli
735 2124 837 2180 Terrae
866 2125 983 2196 axisque
1013 2124 1179 2179 inclinentur
1199 2121 1336 2193 cd'poloc
1357 2119 1510 2192 eclipticas

162 2204 252 2274 Super
272 2220 327 2274 qua
344 2220 375 2256 re
395 2202 498 2273 inspice
518 2204 631 2258 schema
651 2204 703 2258 hoc
723 2199 770 2273 (N.
794 2199 865 2273 131)
886 2223 924 2260 ex
943 2205 1010 2259 meis
1031 2205 1061 2260 in
1079 2205 1197 2259 Martem
1219 2201 1447 2265 Commentariis,
1467 2195 1510 2255 elii

162 2286 247 2356 plura
264 2283 378 2347 ridebis,
401 2299 482 2354 quem
501 2283 547 2337 hic
566 2284 736 2355 quaesivisti.
778 2287 805 2338 A
825 2286 906 2354 polus
926 2286 1073 2356 eclipticas
1092 2284 1207 2348 mediae,
1229 2300 1279 2338 seu
1302 2302 1352 2353 της
1379 2282 1510 2350 domm

165 2364 287 2434 corporis
314 2363 428 2419 Soloeis.
469 2363 529 2418 Iloc
558 2370 689 2435 punctum
719 2370 762 2418 est
793 2366 881 2421 solum
911 2365 1055 2422 Immobile.
1096 2365 1129 2421 In
1153 2363 1255 2418 circulo
1279 2362 1304 2418 ll
1330 2370 1361 2418 et
1385 2358 1509 2434 oppedtt

165 2443 292 2517 partibus
313 2442 448 2514 oppositis
473 2443 642 2499 circumeunt
661 2444 718 2515 poli
739 2446 905 2516 aequemus,
928 2446 1062 2502 facientes
1084 2445 1212 2509 corollas,
1233 2459 1350 2514 quarum
1370 2440 1509 2515 quanter

167 2530 272 2596 aequet
300 2523 507 2595 amplitudInem
537 2525 611 2580 orbis
641 2524 740 2588 annui.
770 2542 860 2596 neque
891 2531 983 2582 tannen
1010 2527 1039 2581 in
1068 2525 1272 2597 comparetione
1298 2525 1336 2578 ud
1364 2522 1510 2595 ephron·

166 2606 285 2661 fixarum
314 2612 437 2676 aequant
465 2603 545 2659 unius
575 2604 672 2659 miuuti
700 2605 883 2662 latitudinem
927 2608 978 2662 ΔΕ
1004 2616 1047 2662 eet
1073 2596 1127 2662 23ο
1147 2600 1196 2662 12’
1221 2605 1250 2659 in
1276 2602 1443 2661 Proteuicis.
1479 2598 1509 2659 h

135 2700 141 2713 ·
167 2685 277 2741 circello
297 2685 311 2740 I
330 2684 455 2740 circumit
465 2684 547 2755 polus
562 2685 669 2740 orbitae
683 2685 810 2750 Telluris,
832 2704 883 2742 seu
896 2687 1042 2758 eclipticae
1064 2702 1156 2752 verae,
1179 2687 1249 2740 unde
1263 2686 1304 2750 dt,
1326 2690 1359 2739 ut
1372 2687 1509 2751 mumius

167 2766 314 2820 stellarum
332 2765 494 2820 latitudInes
515 2771 545 2820 et
564 2765 713 2821 decliustio
733 2766 881 2840 ecletioae
899 2769 935 2823 ab
956 2773 1118 2840 seqnstore.
1158 2767 1191 2822 Iu
1210 2765 1322 2822 ohoello
1342 2765 1371 2820 n
1391 2758 1509 2837 rn'rcu'm

166 2848 246 2918 polus
267 2846 374 2901 orbitae
394 2846 493 2905 Mariis
514 2848 565 2901 suh
586 2847 657 2902 lixis.
924 2918 927 2923 Ι

254 2927 384 2981 Fiuarum
404 2933 505 2981 motum
532 2927 635 2982 salvari
655 2944 705 2997 per
728 2934 831 2981 motum
856 2928 981 2997 polorum
1012 2927 1184 2998 requisieris,
1215 2926 1365 2980 absurdum
1386 2941 1441 2981 non
1460 2928 1506 2988 seb

103 3000 107 3008 ’
167 3025 217 3062 nee
237 3007 306 3060 nihil
325 3013 420 3061 manet
439 3006 541 3061 stabile
555 3008 583 3061 in
597 3014 656 3062 toto
676 3008 814 3072 universo,
836 3025 896 3062 cum
910 3006 1058 3063 maximum
1079 3008 1196 3063 omnium
1216 3022 1371 3077 corporum,
1394 3007 1508 3078 spbrcrs

166 3091 283 3144 mensu
302 3086 428 3151 risibilis.
447 3089 532 3157 plene
553 3087 685 3158 quiescet.
711 3088 754 3142 De
776 3087 871 3159 nilque
890 3105 956 3142 vero
977 3087 1100 3158 sphaera
1120 3087 1229 3151 altiore,
1251 3087 1279 3141 iu
1300 3103 1357 3158 qua
1378 3093 1508 3158 aequatos

41 3153 54 3222 ⁵.
168 3176 199 3222 et
210 3167 275 3237 poli,
297 3166 366 3222 nihil
387 3175 496 3223 constat
516 3168 611 3222 oouIIs.
640 3169 679 3239 Et
700 3167 754 3221 hac
774 3168 858 3231 etism
881 3171 956 3233 dcta,
978 3169 1051 3239 quid,
1073 3184 1184 3241 quaeso,
1206 3168 1235 3220 in
1254 3183 1290 3220 ee
1310 3165 1362 3221 tibi
1377 3173 1409 3222 et
1422 3166 1506 3222 Ptole·

168 3265 246 3302 maeo
267 3247 390 3318 quiescit,
411 3247 464 3301 nisi
485 3242 502 3302 2
522 3247 635 3317 puncta,
657 3248 684 3302 h.
704 3266 728 3306 e.
750 3247 840 3302 nihils
860 3248 978 3303 Falleris
1000 3255 1101 3313 autem,
1122 3250 1186 3302 dum
1204 3246 1359 3311 existimas,
1382 3247 1465 3302 allam
1480 3248 1507 3297 ct

169 3329 251 3405 aliam
272 3327 330 3382 lore
349 3327 408 3397 poli
422 3328 604 3383 elevationem
624 3330 719 3382 eodem
739 3329 800 3382 looo
814 3330 930 3394 Terrae,
949 3328 974 3381 si
988 3328 1045 3399 poli
1063 3327 1222 3400 aequatoris
1243 3338 1419 3384 moveantur.
1444 3325 1506 3381 Nm

169 3409 239 3464 nihil
257 3408 333 3462 aliud
354 3414 418 3462 sunt
437 3408 494 3477 poli
516 3409 682 3479 aequaberis,
704 3424 784 3480 quam
804 3408 863 3479 poli
876 3410 988 3473 Terrae,
1009 3425 1071 3463 cum
1091 3415 1227 3481 aequatos
1246 3408 1284 3461 sit
1298 3408 1443 3467 maximus
1460 3404 1505 3460 clr-

167 3491 244 3544 culus
264 3488 390 3544 Telluris.
432 3488 485 3551 Qui
504 3505 570 3543 vero
590 3489 703 3544 urbibus
732 3489 841 3545 variam
862 3490 931 3543 velit
950 3488 1008 3558 poli
1033 3489 1218 3553 elevationes,
1248 3487 1275 3540 ei
1295 3505 1412 3560 necesse
1432 3478 1505 3547 es'sct

91 3562 97 3577 ‘
167 3572 279 3625 'Ierrsm
300 3569 328 3623 in
349 3568 412 3623 aliis
433 3576 463 3623 et
483 3569 544 3623 aliie
566 3569 608 3623 sui
628 3570 737 3639 punctis
758 3570 837 3641 quasi
858 3570 886 3623 in
907 3576 988 3623 torno
1008 3572 1193 3640 suspendere..
1215 3568 1255 3623 Et
1273 3567 1347 3622 haec
1369 3575 1433 3623 erat
1450 3563 1505 3621 olim

166 3666 228 3705 mee
249 3665 324 3703 vana
344 3649 509 3719 speculatio,
531 3649 597 3702 olim
615 3650 753 3705 Tellurem
773 3650 848 3705 circa
868 3649 936 3707 illud
957 3657 1088 3718 punctum
1109 3649 1299 3712 convolutam,
1327 3647 1357 3703 in
1379 3665 1433 3720 qno
1452 3661 1505 3701 esre

166 3730 337 3802 perhibetur·
357 3729 437 3801 polus
466 3730 638 3801 magnericus
668 3730 758 3785 hodie.
800 3730 933 3785 Manente
963 3730 1050 3800 igliur
1075 3733 1169 3785 eodem
1193 3734 1317 3800 puncto,
1349 3728 1424 3784 eirca
1443 3725 1505 3799 qued

167 3811 261 3865 'lellus
283 3810 458 3874 convertitur,
480 3817 575 3865 manet
593 3813 689 3867 eadem
709 3809 833 3865 omnibus
854 3810 921 3865 iocis
942 3810 1002 3880 poli
1022 3810 1152 3868 elevatio.

255 3891 364 3945 Falsum
384 3906 446 3944 esse
466 3890 589 3944 hodierni
620 3891 684 3946 euni
714 3890 898 3962 quantitatem
918 3908 956 3944 ex
977 3890 1141 3962 Cepernieo‚
1171 3890 1268 3962 legere
1293 3891 1428 3960 poterin
1446 3889 1504 3944 Pro·

168 3970 366 4045 gymnesmatis
388 3971 543 4041 ‘lychoniu
574 3979 677 4025 utnon
699 3972 759 4025 ideo
787 3971 876 4025 falsae
903 3977 969 4025 sunt
995 3988 1089 4026 omnes
1118 3971 1306 4042 hypotheseos
1335 3978 1443 4041 partes.
1478 3968 1506 4045 In

168 4052 310 4124 praesenti
329 4051 468 4105 schemate
488 4069 542 4106 non
564 4059 608 4105 est
627 4068 762 4121 expressa
784 4050 926 4122 Cepernioi
947 4056 1011 4107 tota
1030 4051 1207 4123 hypothesis,
1228 4052 1309 4106 deest
1327 4050 1392 4121 ejus
1411 4051 1507 4106 mere

50 4191 57 4210 ,
168 4133 281 4197 corello,
302 4147 382 4203 quam
402 4147 456 4202 ego
478 4149 515 4185 cx
535 4138 615 4201 parte
636 4131 768 4191 monetali
788 4132 816 4187 iu
836 4131 997 4186 societatem
1019 4131 1190 4186 circellorum
1209 4131 1234 4186 Ε
1254 4137 1285 4184 et
1304 4131 1345 4194 Ἐς
1367 4148 1432 4209 pare¹
1452 4129 1505 4201 ejus

171 4216 262 4269 alters
281 4213 326 4267 hic
344 4214 431 4268 deest.
473 4212 576 4266 Contra
604 4212 724 4269 corollae
753 4211 799 4267 hio
828 4228 980 4280 expressae
1011 4214 1112 4266 desunt
1132 4212 1160 4267 iu
1181 4211 1350 4281 Ceperuioo,
1381 4215 1429 4267 ssd
1448 4209 1505 4266 sub-

170 4294 363 4365 intelliguntur
383 4294 434 4348 sub
455 4291 562 4347 ratione
582 4292 677 4362 puncti
697 4308 747 4347 seu
774 4285 868 4347 circuli
888 4292 912 4345 E
934 4292 1013 4356 nudi,
1039 4296 1154 4361 propter
1178 4291 1366 4363 exiguitatem
1386 4292 1438 4348 rui.
1473 4289 1508 4353 Et

170 4392 224 4446 ego
245 4392 294 4444 per
314 4375 365 4428 hoc
385 4373 495 4427 schema
521 4372 642 4443 aliquam
669 4352 775 4444 quid‘ein
805 4372 1035 4442 inaequalitatem
1057 4372 1120 4425 anni
1149 4371 1246 4441 tropici
1273 4372 1432 4428 demonstro
1452 4368 1507 4438 (ses

171 4455 262 4525 potius
282 4453 478 4526 praecessionis
499 4450 751 4523 aequinoctiorum),
774 4470 827 4507 non
847 4468 912 4505 vero
934 4459 1043 4507 tantam
1063 4454 1108 4506 vel
1128 4453 1221 4515 talem,
1244 4459 1351 4522 qumis
1373 4453 1507 4526 qualisque

172 4543 291 4606 cppsret
310 4553 346 4590 ex
367 4533 570 4603 comparatione
591 4533 676 4587 seculi
695 4532 858 4589 Ptolemaioi
879 4549 939 4586 cum
960 4532 1070 4588 ceteris.

259 4617 302 4669 De
322 4615 505 4670 abstrahendo
527 4620 601 4667 motu
622 4613 828 4683 praecessionis,
850 4621 1025 4684 competente
1046 4620 1171 4682 ternpore
1191 4611 1263 4666 iuter
1284 4606 1302 4667 2
1324 4613 1507 4686 uronychiss

171 4694 314 4766 judiooex
326 4696 366 4758 iis,
389 4711 460 4765 quae
480 4693 647 4763 supradixi.
676 4694 790 4748 Omnino
811 4693 1015 4748 abstrahendus
1036 4700 1081 4747 ert
1094 4693 1131 4746 ab
1152 4692 1271 4764 angulis.
1293 4692 1317 4745 si
1332 4695 1509 4750 subtilitatem

173 4792 278 4831 omnem
298 4775 410 4829 velimus
430 4771 591 4828 consectari.
632 4773 703 4843 Ego,
718 4791 759 4829 ne
779 4780 867 4829 totam
887 4772 1110 4843 praecessionem
1131 4788 1217 4843 cogar
1236 4771 1321 4827 toties
1342 4775 1508 4837 ahmam

174 4856 250 4913 soleo
270 4853 473 4910 ohservationes
493 4853 658 4923 posteriores
678 4854 713 4908 sd
733 4854 848 4924 primum
867 4855 1016 4920 reducere,
1042 4859 1150 4911 tantun
1176 4851 1346 4911 abstrahens
1367 4855 1404 4912 sb
1421 4868 1510 4911 eom
