3354 5504
767 304 807 358 De
825 305 932 358 Motibus
953 305 1046 359 Stellae
1063 304 1152 358 marm

1103 448 1402 637 eccentricofflo.
1423 483 1474 549 Sit
1483 482 1549 565 ejus
1559 503 1631 547 cen-

1101 583 1181 638 trum
1213 575 1250 636 ab
1278 568 1281 575 ’
1331 593 1437 636 versus
1467 583 1573 656 partes
1595 577 1631 638 B.

1027 674 1074 761 ,3
1102 665 1150 727 Sit
1180 673 1280 726 autem
1309 663 1365 725 AL
1401 664 1507 744 regula
1535 664 1632 726 lineae

1101 753 1237 833 apsidum
1256 752 1378 826 Martis,
1402 762 1436 815 ut
1451 753 1532 815 linea
1546 752 1631 833 apsi-

1103 844 1172 904 dum
1191 841 1384 904 circulatione
1405 842 1635 945 eqtransposi-

1102 932 1183 993 tione
1221 931 1267 993 sui
1309 931 1469 993 eccentnci
1515 950 1633 1012 semper

1102 1029 1224 1083 maneat
1262 1020 1428 1102 parallelos
1469 1021 1529 1101 ipsi
1566 1023 1632 1083 AL.

1103 1110 1172 1173 Sint
1194 1119 1292 1172 autem
1311 1108 1410 1171 lineae
1424 1109 1517 1172 medii
1532 1117 1632 1173 motus

1102 1200 1184 1262 Solis
1208 1200 1247 1261 ad
1276 1206 1382 1260 nostra
1413 1206 1542 1280 quatuor
1565 1219 1632 1261 mo-

1102 1297 1203 1351 menta
1225 1289 1294 1362 ΑΗ,
1317 1288 1384 1360 AT,
1407 1288 1474 1362 ΑΕ,
1497 1287 1573 1352 AS:
1602 1295 1633 1351 et

1102 1396 1139 1439 ex
1155 1377 1183 1439 A
1197 1377 1355 1458 ejiciantur
1368 1376 1466 1438 lineae
1482 1377 1631 1440 visionum

1101 1467 1222 1542 Martis,
1245 1473 1336 1548 prout
1354 1486 1445 1548 supra
1461 1467 1631 1549 descriptae

996 1558 997 1562 ’
1103 1564 1183 1631 sunt,
1207 1557 1236 1618 in
1251 1557 1329 1618 hunc
1343 1555 1391 1616 vel
1414 1556 1499 1617 illum
1515 1557 1631 1619 zodiaci

1102 1647 1227 1726 gradum
1277 1663 1411 1724 vergere.
1480 1646 1523 1708 Et
1564 1647 1631 1727 quia

1101 1735 1222 1816 ponitur
1236 1736 1322 1797 Mars
1346 1734 1482 1796 omnibus
1506 1743 1631 1817 quatuor

1101 1824 1217 1887 vicibus
1241 1824 1346 1885 eodem
1367 1823 1435 1884 loco
1455 1824 1630 1886 eccentrici:

1102 1933 1193 1995 quare
1215 1912 1379 1975 distantiae
1399 1911 1465 1991 ejus
1479 1934 1498 1974 a
1511 1910 1631 1994 punctis

1102 2002 1193 2064 medii
1210 2002 1269 2064 loci
1284 2001 1366 2064 Solis
1385 2003 1527 2082 aequales
1547 2010 1631 2065 erunt

1103 2111 1206 2154 omnes
1229 2099 1260 2154 et
1282 2090 1430 2171 paralleli.
1468 2091 1541 2155 Sint
1563 2091 1628 2167 GH,

1101 2183 1162 2256 FT,
1186 2183 1239 2255 lE,
1262 2181 1316 2244 KS
1340 2174 1443 2242 omne's
1477 2181 1629 2264 aequales,

290 2286 321 2339 et
341 2274 445 2355 'anguli
468 2274 570 2348 LIIG,
592 2273 685 2346 LTF,
709 2271 794 2344 LEI,
818 2268 900 2333 LSK
930 2272 1071 2354 aequales
1098 2272 1191 2353 priori
1212 2272 1305 2335 ΛΑΚ
1324 2276 1389 2343 fflg.
1409 2273 1464 2339 77.)
1486 2271 1537 2334 vel
1569 2273 1630 2332 lae

288 2371 355 2440 (fig.
375 2370 430 2432 76),
454 2364 497 2425 sic
520 2370 553 2424 ut
575 2363 659 2423 Mars
684 2361 722 2421 ad
744 2367 849 2422 nostra
870 2369 1021 2423 momenta
1044 2362 1137 2424 sitin
1160 2361 1198 2435 G,
1222 2362 1256 2432 F,
1283 2361 1307 2433 I,
1330 2360 1370 2422 K.
1416 2360 1458 2422 Et
1480 2368 1514 2422 ut
1536 2361 1629 2423 obiter

290 2474 437 2526 moneam,
461 2454 535 2514 haec
550 2459 676 2532 quatuor
694 2457 804 2531 puncta
823 2449 861 2523 G,
885 2452 919 2525 F,
943 2453 967 2525 I,
990 2451 1020 2513 K
1042 2451 1153 2512 sacient
1168 2451 1198 2511 in
1216 2450 1259 2511 rei
1283 2449 1411 2510 veritate
1426 2469 1530 2513 areum
1544 2450 1638 2532 plane.

291 2544 446 2639 aeqqalem
470 2551 501 2603 et
523 2539 688 2622 acqualiter
712 2537 802 2600 situm
825 2558 890 2599 cum
913 2539 1003 2621 priori
1027 2561 1097 2602 arcu
1123 2541 1235 2613 ΘΗΕΖ
1257 2539 1628 2637 inJomaPtolemmm:

292 2634 362 2714 qnia
384 2632 468 2695 nulla
484 2620 611 2712 implius
626 2637 673 2689 est
688 2628 865 2702 differentia,
890 2648 978 2710 quarn
997 2631 1075 2709 quod
1094 2629 1285 2692 Ptolemaeus
1309 2628 1473 2710 epicyclum
1496 2629 1629 2692 theoriae

288 2722 370 2786 Solis
393 2720 549 2801 aequalem
572 2719 602 2780 in
625 2717 790 2779 eccentrico
810 2716 988 2792 circumfert,
1013 2719 1115 2800 lycho
1134 2712 1329 2779 ¹eccentricum
1354 2719 1383 2779 in
1406 2718 1527 2781 theoria
1540 2719 1628 2793 Solis,

289 2832 342 2874 seu
366 2808 536 2891 inaequali
560 2807 670 2870 circulo
695 2807 753 2887 ipsi
776 2806 908 2887 epicyclo
926 2807 1120 2869 Ptolemaico.

375 2900 505 2962 Rursum
534 2897 625 2977 igitur
652 2896 840 2957 manentibus
869 2895 975 2957 iisdem
1005 2897 1123 2976 angulis
1151 2904 1182 2958 et
1212 2894 1344 2956 numeris
1367 2896 1629 2971 demonstrabitur,

289 2990 367 3073 quod
389 2988 486 3050 lineae
508 2987 584 3060 ΑΗ,
607 2987 680 3059 AT,
704 2985 776 3058 ΑΕ,
800 2983 854 3046 AS
877 2994 998 3065 praeter
1021 2987 1188 3067 opinionem
1212 2982 1273 3047 sint
1295 2984 1494 3065 inaequales*
1527 2988 1628 3068 ltaque

214 3095 221 3117 ··
288 3085 428 3161 punctum
451 3077 524 3138 illud
539 3073 707 3149 eccentrici,
730 3074 807 3135 unde
821 3074 976 3153 consurgit
997 3075 1107 3137 Martis
1122 3084 1153 3137 et
1169 3075 1296 3137 omnium
1314 3075 1503 3155 planetarum
1524 3095 1626 3138 eccen-

289 3168 407 3230 tricitas
437 3166 529 3247 (quod
555 3165 618 3245 jam
645 3162 765 3244 ponitur
791 3163 820 3223 in
848 3162 929 3224 linea
957 3164 1047 3224 medii
1074 3174 1172 3227 motus
1200 3165 1283 3228 Solis
1313 3165 1476 3226 secundum
1504 3175 1628 3229 mentem

206 3325 213 3341 ι
292 3257 436 3318 artificum
458 3254 614 3336 priorum),
638 3272 695 3315 non
722 3250 856 3313 circumit
877 3252 907 3313 in
931 3253 983 3314 illo
1007 3254 1118 3316 circulo
1140 3254 1211 3328 Dc,
1235 3255 1316 3316 circa
1338 3254 1423 3334 cujus
1447 3263 1582 3318 centrum
1601 3254 1627 3318 d

292 3345 433 3425 aequales
456 3345 529 3406 lacit
558 3342 684 3423 angulos
708 3340 882 3422 aequalibus
905 3343 1105 3423 temporibns;
1136 3343 1242 3405 sedin
1266 3343 1377 3405 circulo
1400 3345 1526 3420 HTES,
1551 3344 1627 3425 eujus

291 3442 422 3495 oentmm
447 3454 465 3494 a
486 3436 513 3496 B
537 3440 638 3494 centro
655 3429 813 3493 eccentrici
835 3429 917 3493 Solis
940 3432 1039 3512 vergit
1061 3433 1090 3494 in
1113 3441 1216 3514 partes
1230 3433 1407 3507 contrarias,
1432 3442 1466 3496 nt
1487 3435 1625 3498 hactenus

292 3543 396 3585 crassa
418 3521 554 3585 Minerva
576 3541 614 3583 ex
636 3520 710 3602 ipsis
733 3519 821 3581 lincis
844 3519 992 3601 appamit.

872 3752 1055 3762 m...—

829 3929 948 4029 Caput
974 3929 1096 4005 XXV.

297 4093 352 4157 Ea·
381 4093 481 4155 tribisa
509 4093 670 4155 distantiis
692 4089 779 4153 Solis
800 4113 822 4152 o
845 4097 948 4154 centro
978 4091 1104 4164 mundi,
1139 4093 1269 4173 cognitis
1297 4089 1376 4155 locis
1406 4095 1464 4157 rut
1493 4095 1624 4167 zodiaco,

459 4182 617 4264 inquirere
640 4181 815 4263 apogaeum
836 4189 865 4244 et
886 4182 1140 4244 ecceruricitatem
1163 4181 1249 4245 Solis
1270 4178 1317 4244 vel
1341 4182 1470 4246 Terrae.

315 4325 318 4332 '
386 4322 592 4394 Quantitatem
616 4331 714 4384 autem
737 4324 968 4388 eccentricitatis
991 4332 1023 4386 et
1045 4324 1134 4387 situm
1157 4323 1284 4406 apogaei
1306 4324 1439 4403 probabo
1458 4326 1525 4406 jam
1546 4344 1625 4407 porro

299 4414 329 4477 iu
351 4411 439 4475 unico
462 4411 572 4473 circulo
596 4411 729 4475 omnibus
752 4415 847 4476 tribus
871 4413 975 4475 formis
999 4422 1078 4494 apto.
1115 4414 1216 4477 Facile
1239 4413 1317 4475 eninr
1341 4423 1477 4495 apparet,
1501 4417 1626 4479 rationes

299 4523 366 4566 esse
389 4501 592 4563 tantummodo
609 4503 778 4580 oppositas:
803 4511 837 4565 ut
858 4503 888 4564 in
913 4504 1008 4564 forma
1022 4503 1227 4583 Copemicana
1250 4504 1329 4565 linea
1344 4503 1524 4583 longissima
1538 4504 1628 4585 vergit

295 4591 330 4674 in
346 4590 500 4665 Geminos,
523 4589 553 4650 in
576 4589 699 4671 reliquis
721 4593 824 4654 formis
846 4593 943 4671 vergit
965 4593 995 4653 in
1011 4593 1221 4672 Sagittarium:
1245 4599 1405 4674 propterea
1418 4596 1499 4675 quod
1518 4597 1627 4678 Copor-

300 4682 384 4744 nicus
406 4680 502 4742 visum
524 4699 629 4740 versus
652 4689 783 4743 centrum
806 4681 917 4761 dirigit,
941 4682 1046 4763 reliqui
1069 4702 1087 4742 a
1110 4680 1221 4743 centro.
1269 4683 1370 4755 Quare
1401 4684 1494 4747 etiam
1518 4687 1628 4767 Copor-

303 4771 386 4834 nicus
409 4778 493 4832 trans
516 4776 648 4831 centrum
670 4769 701 4830 in
723 4779 825 4851 partes
847 4770 961 4832 zodiaci
985 4773 1105 4833 easdem
1128 4771 1223 4834 visum
1248 4773 1350 4854 dirigit
1372 4792 1439 4835 cum
1461 4777 1580 4838 ceteris.

393 4857 570 4945 Epponatur
591 4858 717 4922 circulus
730 4856 822 4939 θηιζ
844 4866 909 4936 (sig.
929 4865 974 4930 79)
996 4869 1099 4924 centro
1114 4863 1143 4941 β,
1167 4861 1196 4924 ἰιι
1215 4882 1273 4946 quo
1292 4878 1312 4924 a
1329 4871 1470 4945 suscepto
1493 4875 1633 4952 punctoa
