3354 5504
631 282 692 336 een
712 278 816 347 ostes.
852 284 935 351 crpus
951 284 1040 338 unm.
1350 360 1356 375 ι
1446 278 1511 353 357

161 478 228 525 cum
253 461 387 546 epicyclo
409 463 568 543 promovit,
592 471 626 523 ut
648 471 782 524 centrum
806 463 976 544 cpieycIID
1000 470 1081 524 esset
1099 463 1129 525 in
1144 459 1201 526 Ac
1225 462 1315 538 linea,
1339 483 1405 526 cnm
1427 464 1511 545 prius

161 552 192 615 io
216 553 275 614 AB
301 563 392 614 esset.
439 553 499 613 Illa
523 572 593 613 vero
618 551 726 626 virtus,
752 572 827 632 qnae
851 562 985 614 centrum
1009 552 1135 634 epicycli
1158 553 1349 632 circumagit,
1378 562 1512 636 tempore

159 660 216 722 per
239 637 324 704 360⁰
352 644 469 721 sIgnato
503 650 604 701 movet
635 660 689 720 per
719 638 801 704 360⁰
833 660 886 703 seu
920 650 1047 722 quatuor
1076 652 1175 703 rectos
1208 641 1286 704 circe
1313 641 1359 714 A,
1391 652 1514 723 propter

162 731 377 792 distantiarum
392 724 458 792 ³60
477 749 632 791 summam.
672 729 753 807 Ergo
778 731 851 791 data
875 751 990 792 summa
1013 731 1127 812 aliquot
1151 730 1363 793 distantiarum
1379 750 1417 792 ex
1431 731 1513 796 CDB

160 828 300 898 tempure
319 827 352 880 ut
367 819 524 888 hactenus,
549 818 668 880 dabitur
692 818 782 882 etiam
801 821 927 900 angulus
944 820 1039 881 DAB.
1078 818 1177 890 Quam
1195 822 1272 881 enim
1288 814 1515 901 impressionem

159 908 239 971 iacit
272 907 325 970 Sol
356 909 387 969 in
417 927 525 988 corpus
554 909 694 988 planetae
725 927 778 987 per
809 910 976 970 mediantes
1006 909 1167 970 distantias
1190 909 1264 982 AB,
1287 909 1356 982 AB,
1390 909 1516 976 eandem

159 997 286 1079 ponitur
311 997 403 1058 etiam
428 999 527 1057 Iacere
551 997 777 1076 impressionem
801 999 830 1058 in
855 1005 989 1059 centrum
1012 999 1137 1079 epioycli
1154 996 1230 1059 GD:
1254 1005 1414 1078 propterea
1437 998 1515 1079 quod

159 1087 300 1170 planeta,
324 1087 350 1147 si
373 1105 406 1147 se
430 1086 494 1167 Ipse
519 1104 576 1146 non
601 1084 784 1149 extricasset
807 1086 922 1148 interea
944 1106 1050 1148 versus
1074 1088 1099 1148 B
1120 1081 1162 1148 'ex
1184 1085 1270 1149 radio
1300 1086 1434 1149 virtuoso
1459 1088 1514 1149 AB

160 1176 212 1237 vel
234 1174 305 1250 Ac,
330 1174 383 1236 sed
407 1183 525 1236 tautum
550 1174 757 1237 descendisset
780 1176 818 1237 ad
842 1175 955 1248 Solem,
980 1184 1050 1238 tunc
1073 1177 1170 1238 adhuc
1193 1182 1276 1236 esset
1298 1175 1327 1236 in
1348 1175 1405 1239 AC
1431 1176 1514 1253 ejus-

161 1283 221 1345 que
244 1272 357 1345 puncto
381 1265 416 1336 F,
440 1264 468 1323 in
493 1283 552 1344 qua
576 1263 656 1325 linea
680 1272 710 1324 et
732 1265 830 1346 ipsum
852 1264 881 1325 D
905 1273 1039 1325 centrum
1071 1265 1196 1346 epicycli
1228 1261 1361 1339 inest.*)
1406 1264 1513 1326 Extri-

160 1353 246 1416 esvit
270 1362 371 1414 autem
396 1371 463 1414 sese
486 1353 554 1430 lege
578 1350 741 1434 epicycli'ca
765 1363 796 1414 et
819 1354 1000 1415 diastemate
1014 1353 1080 1427 DE,
1104 1354 1214 1433 angulo
1234 1351 1316 1414 CDE
1340 1353 1412 1426 (hoc
1435 1353 1513 1414 enim

160 1442 230 1505 volt
253 1442 354 1523 opInio
378 1461 444 1522 cap.
468 1441 568 1514 XLV,
593 1441 639 1502 cui
663 1442 710 1504 hic
735 1445 917 1522 operamur).
962 1442 1045 1521 Ergo
1068 1442 1133 1524 ipse
1157 1443 1213 1505 sibi
1243 1441 1361 1503 fictione
1385 1443 1513 1522 quadam

162 1537 300 1595 centrum
331 1531 457 1613 epicycli
488 1530 518 1591 in
548 1530 576 1590 D
612 1531 738 1611 reponit.
793 1533 931 1593 Diximus
964 1532 1042 1593 enim
1080 1552 1146 1614 cap.
1175 1531 1332 1602 XXXIX,
1369 1532 1514 1610 quomodo

161 1620 389 1700 imaginandum
413 1621 462 1693 sit,
489 1619 627 1681 virtutem
652 1640 705 1682 seu
728 1621 850 1683 fictitios
873 1621 975 1682 radios
998 1621 1148 1682 virtuosos
1172 1622 1237 1694 AB,
1253 1619 1309 1682 AC
1327 1621 1379 1681 &a
1402 1621 1515 1682 servite

161 1711 306 1792 planetae
329 1728 383 1788 pro
407 1709 483 1769 loco.
529 1709 599 1770 Jam
624 1709 683 1770 etsi
714 1729 772 1771 non
805 1711 896 1789 plane
927 1709 1031 1770 eadem
1061 1718 1109 1771 est
1139 1709 1291 1790 proportio
1314 1709 1514 1785 BElarcuum

161 1799 233 1862 vine
257 1797 356 1860 uvalis
381 1799 419 1858 ad
442 1806 539 1858 totam
563 1799 690 1872 ovalem,
715 1819 790 1879 quae
814 1807 863 1860 est
886 1818 1005 1860 arcuum
1031 1798 1091 1860 GD
1118 1799 1360 1878 respondentium
1389 1797 1513 1876 perfecti

162 1888 270 1950 circuli
292 1888 331 1948 ad
355 1894 449 1948 totum
473 1886 623 1959 circulum,
649 1887 703 1948 sed
726 1907 821 1967 neque
844 1896 879 1949 ut
897 1886 950 1951 BC
976 1889 1015 1947 ad
1037 1895 1133 1949 totum
1157 1888 1302 1949 ambitum
1324 1887 1427 1948 circuli
1449 1886 1514 1962 BC,

162 1977 209 2041 eit
232 1995 321 2038 arcus
345 1975 442 2037 ovalis
467 1976 521 2036 BF
543 1975 583 2035 ad
606 1985 702 2037 totam
727 1978 853 2038 evalem.
900 1977 945 2037 At
967 1976 1040 2037 nihil
1073 1976 1130 2038 hoc
1160 1977 1251 2038 debet
1272 1996 1328 2038 uos
1360 1976 1514 2055 impedite,

163 2067 237 2148 quia
259 2065 314 2128 ΒΕ
336 2064 386 2125 vel
410 2064 502 2125 etiam
524 2065 577 2126 BF
603 2067 790 2145 componitur
813 2085 851 2127 ex
874 2066 990 2127 duabus
1017 2065 1197 2139 virtutibus;
1231 2073 1261 2126 et
1285 2065 1370 2146 quia,
1395 2065 1422 2126 si
1444 2064 1515 2145 quid

164 2156 197 2218 in
220 2153 416 2235 proportione
439 2153 586 2225 turbatur,
610 2154 639 2214 id
659 2155 734 2216 facit
755 2157 879 2234 planeta
902 2155 1079 2226 (secundnm
1097 2155 1173 2217 hanc
1192 2174 1258 2235 cap.
1273 2153 1373 2216 XLV.
1398 2153 1515 2235 opinio-

164 2240 252 2324 nem)
278 2261 332 2305 suo
357 2244 503 2304 descensu
534 2243 660 2323 proprio*
678 2245 707 2305 iu
731 2243 970 2307 circumferentia
1002 2245 1136 2325 epicycli.
1183 2243 1217 2307 Si
1247 2243 1324 2304 enim
1353 2242 1517 2305 mansisset

163 2333 294 2414 planete
326 2350 463 2413 supremo
493 2332 559 2392 loco
593 2333 734 2415 epicycli,
767 2342 798 2394 et
819 2351 983 2414 perpessus
1013 2341 1096 2395 esset
1126 2333 1250 2396 eandem
1272 2333 1333 2394 vim
1356 2340 1455 2394 motus
1479 2351 1517 2393 ex

165 2421 242 2486 Sole
265 2439 321 2502 per
343 2422 410 2495 AB,
430 2418 488 2482 Ae
512 2421 728 2495 adumbratam,
751 2435 825 2502 puta
844 2420 1062 2502 inaequabilem
1086 2423 1179 2505 (qnod
1202 2422 1321 2502 quidem
1342 2421 1406 2485 lieri
1430 2420 1517 2483 simul

163 2530 228 2574 non
249 2517 369 2591 potest:
404 2529 474 2570 nam
503 2518 643 2572 manente
675 2512 780 2573 eadem
809 2511 955 2572 distantia
986 2511 1127 2590 planetae
1151 2533 1170 2573 a
1192 2509 1281 2586 Sole,
1314 2518 1417 2572 manet
1439 2511 1517 2571 idem

162 2599 255 2680 elgor
276 2607 376 2660 motus
401 2617 439 2659 ex
458 2598 557 2672 Sole),
580 2606 652 2661 tune
675 2601 851 2681 scripsisset
873 2598 1039 2686 perfectum
1065 2619 1165 2663 arcum
1189 2600 1292 2662 cuculi
1315 2599 1439 2678 maj0ris
1454 2596 1517 2674 Bc,

167 2689 257 2770 eujus
281 2686 387 2750 eadem
410 2696 459 2749 est
480 2688 635 2767 proportio
660 2690 697 2751 ad
720 2698 816 2751 totum
838 2689 903 2762 BC,
927 2708 1003 2769 quae
1028 2688 1086 2751 GD
1110 2710 1198 2752 arcus
1220 2690 1259 2750 ad
1281 2696 1378 2750 totum
1403 2686 1471 2750 GD.

257 2775 328 2838 Scio
352 2777 502 2857 equidem,
527 2777 554 2837 si
576 2778 700 2856 planeta
723 2779 751 2839 in
776 2778 942 2858 angustiori
965 2768 1096 2854 ambitu,
1125 2778 1220 2840 centri
1247 2776 1364 2840 scilicet
1392 2777 1518 2858 epicycli

165 2864 247 2938 BG,
280 2874 483 2945 supponatur,
517 2867 604 2946 longe
636 2868 698 2929 fore
727 2868 910 2930 celeriorem.
961 2866 1006 2928 At
1032 2887 1091 2928 uon
1118 2868 1185 2929 ideo
1210 2875 1241 2927 et
1264 2875 1366 2927 centro
1391 2866 1518 2947 epicycli

166 2956 371 3036 assignandus
404 2964 451 3016 est
483 2965 582 3016 motos
618 2957 753 3018 celerior.
799 2958 879 3019 Nam
902 2966 1034 3017 centrum
1060 2955 1184 3038 epicycli
1208 2956 1319 3017 moveri
1343 2955 1517 3036 supponitur

164 3064 228 3108 uon
259 3054 382 3126 propter
411 3063 462 3116 se,
494 3064 561 3104 cnm
591 3045 621 3105 id
649 3065 706 3106 uon
736 3047 777 3108 sit
803 3065 926 3126 corpus,
963 3047 1017 3106 sed
1043 3054 1166 3125 propter
1195 3044 1358 3125 planetam.
1409 3044 1516 3124 Itaque

165 3134 283 3217 posite,
322 3132 400 3214 quod
432 3135 556 3212 planeta
571 3153 668 3217 ¹suom
701 3154 807 3213 corpus
837 3136 901 3214 Ipse
933 3143 1120 3214 transportet
1150 3153 1188 3195 ex
1219 3133 1312 3195 radiis
1341 3131 1421 3194 Solis
1449 3133 1516 3212 lege

167 3222 354 3306 epicyclica,
388 3230 419 3282 et
450 3222 543 3319 τῷ
572 3224 756 3304 quibusdam
792 3224 935 3286 virtuosis
973 3244 1011 3285 ex
1034 3224 1105 3286 Sole
1136 3242 1190 3303 pro
1213 3223 1280 3284 loco
1302 3229 1405 3284 utatur
1427 3222 1518 3303 (quae

167 3332 237 3394 cap.
266 3309 417 3374 XXXIX.
445 3310 560 3390 rejecta
592 3312 710 3393 quidem
743 3321 827 3387 sunt,
866 3313 919 3374 sed
952 3332 1018 3393 cap.
1042 3303 1143 3377 XLV.
1176 3319 1307 3374 resumta
1330 3319 1363 3372 et
1384 3311 1518 3374 nonnihil

167 3408 298 3474 mutata,
323 3401 371 3462 hIc
393 3418 465 3462 vero
489 3402 654 3463 retinentur
678 3403 716 3463 ad
740 3403 933 3482 explicandos
957 3411 1082 3464 conatus
1106 3406 1219 3476 meos),
1242 3421 1318 3462 sana
1338 3409 1447 3481 postea
1469 3408 1519 3462 est
1639 3474 1641 3479 .

167 3491 249 3554 ratio
273 3489 395 3562 calcnII,
425 3489 590 3571 quicunque
614 3502 756 3571 sequatur
780 3493 844 3570 ejus
868 3491 1002 3552 effeetus.
1048 3492 1164 3553 Existit
1196 3489 1273 3551 enim
1296 3498 1327 3550 et
1349 3489 1397 3551 hit
1421 3491 1516 3552 ovalis

167 3599 230 3643 non
252 3579 350 3641 minus
373 3598 461 3658 quam
484 3579 576 3657 prius,
600 3598 635 3639 eo
660 3580 735 3660 qnod
760 3580 816 3640 DE
839 3589 871 3640 et
892 3579 949 3640 AB
973 3599 1032 3641 non
1055 3588 1176 3642 manent
1202 3579 1348 3658 paralleli.
1395 3575 1516 3649 Quanto

168 3669 249 3731 enirn
274 3674 418 3747 superant
440 3668 604 3730 distantiae
626 3669 691 3743 AB,
715 3669 772 3731 AB
792 3670 899 3749 longae
923 3668 1087 3731 mediocres
1108 3667 1186 3744 AG,
1201 3667 1275 3744 AD,
1299 3675 1385 3730 tauto
1400 3668 1517 3730 brevior

169 3768 219 3820 eet
248 3757 349 3818 factus
385 3775 472 3818 arcus
495 3755 556 3818 DG
588 3777 641 3819 seu
669 3760 795 3837 angulus
826 3755 919 3820 DAG
951 3759 1058 3838 angulo
1083 3757 1166 3821 CDB
1195 3776 1335 3819 mensura
1362 3757 1516 3837 temporis.

169 3849 278 3926 ltaque
302 3844 357 3907 DE
381 3846 419 3906 ad
441 3847 467 3908 B
491 3847 604 3921 annuit,
628 3847 654 3908 Ε
678 3847 769 3926 Igitur
791 3868 810 3908 a
833 3846 1073 3909 circumferentia
1095 3846 1197 3909 citculi
1220 3846 1259 3907 ad
1272 3845 1330 3910 BA
1343 3846 1515 3926 Ingreditur.

169 3936 250 4000 Nam
273 3953 328 4016 per
350 3954 416 4014 cap.
439 3935 481 4003 II,
505 3935 531 3996 si
553 3935 609 3998 DE
632 3937 794 4015 parallelos
818 3937 874 4018 ipsi
896 3936 953 3998 AB
976 3936 1148 4011 mansisset,
1172 3944 1243 3998 tunc
1265 3935 1292 3996 Ε
1315 3936 1345 3997 in
1368 3935 1435 4015 ipsa
1455 3936 1516 3998 cir·

168 4023 368 4088 enmferentia
390 4033 483 4085 esset.
1055 4028 1060 4039 ‘

258 4112 404 4177 Nascitur
426 4132 497 4192 ergo
520 4112 678 4174 methodus
699 4113 771 4175 ista.
813 4113 986 4176 Distantiae
1010 4121 1191 4193 quaeruntur
1213 4113 1252 4174 ad
1266 4130 1368 4174 omues
1381 4112 1514 4192 integros

170 4204 284 4286 mades
313 4202 481 4265 anomaliae
514 4202 639 4264 mediae.
694 4202 868 4265 Methndum
892 4223 982 4283 supra
1005 4202 1099 4264 habes
1121 4220 1187 4282 cap.
1211 4199 1369 4277 XXXIX,
1402 4211 1516 4282 quaet

168 4292 373 4376 superioribus
394 4309 460 4372 cap.
476 4291 597 4354 XLVII
613 4300 644 4353 et
659 4291 805 4354 XLVIII.
823 4312 888 4353 sum
902 4313 982 4357 usus.
1021 4291 1152 4354 PrImum
1168 4293 1245 4355 enIm
1259 4290 1448 4353 inveniuntur
1463 4290 1512 4352 di-

258 4511 288 4584 ‘)
309 4516 386 4570 Haec
406 4514 456 4568 sub
477 4520 555 4568 certa
575 4516 727 4570 conditione
748 4522 812 4569 sunt
831 4533 906 4580 vera,
929 4515 952 4568 si
972 4531 1068 4584 nempe
1089 4515 1158 4569 radii
1177 4514 1292 4569 virtuosi
1313 4532 1350 4570 ex
1370 4514 1433 4570 Sole
1454 4514 1510 4569 siut

169 4598 305 4669 planetae
324 4612 375 4666 pre
395 4594 455 4648 loco
477 4611 526 4647 een
546 4595 633 4650 instar
653 4613 760 4659 currus,
787 4596 814 4649 in
834 4614 887 4666 quo
907 4596 1035 4666 planeta.
1049 4597 1182 4659 vehatur,
1214 4596 1284 4666 quod
1304 4595 1349 4649 hio
1367 4595 1507 4666 ponImue:

168 4694 219 4748 per
240 4695 272 4731 se
294 4672 386 4730 mrtem
406 4692 500 4728 rerum
520 4692 575 4729 non
594 4684 647 4730 est.
687 4678 755 4731 Vide
776 4678 809 4728 de
829 4677 881 4730 hoc
901 4693 961 4745 cap.
982 4674 1111 4732 XXXIX
1141 4677 1247 4748 modum
1277 4675 1397 4744 primum
1437 4677 1507 4731 Nem

168 4758 241 4813 iuter
262 4756 381 4828 quinque
410 4756 530 4808 absurda
549 4755 607 4809 illie
625 4756 731 4825 rejecta
759 4756 803 4808 hie
824 4763 930 4810 tantum
950 4771 1045 4820 unum,
1075 4773 1172 4825 nempe
1191 4755 1328 4821 nltiurnm,
1351 4756 1505 4821 omittimus,

168 4838 280 4909 reliqua
300 4843 418 4908 quatem
438 4835 594 4892 retiaernne.
