3354 5504
190 269 255 339 112
536 240 542 264 ⁸
605 272 705 326 mares
722 271 993 338 sarmarum
1009 277 1112 332 m
1150 292 1157 303 ·

185 466 258 519 quem
276 457 441 518 comqustan
460 453 608 504 aaemaltam
627 453 763 510 mammis,
783 459 901 504 etuasm
920 458 947 504 st
963 452 1086 516 integram
1103 450 1334 517 presthaphaerealu
1351 463 1396 516 με
1415 447 1536 502 emat

187 527 290 576 citatem
308 522 386 575 umal
404 529 502 575 tantam
521 523 658 577 adhibitam
676 530 721 575 tua
738 520 879 589 hypothesis
898 523 1030 582 exhiberet.
1049 530 1117 575 certe
1134 524 1269 576 verisimilis
1287 528 1360 576 esset
1388 523 1424 574 Δι
1440 521 1536 573 dim·

72 603 74 607 ’
185 597 249 649 tiara
266 610 351 646 reram
368 611 419 647 aaa
437 594 538 661 praebet
555 597 707 662 geometrica
725 596 852 647 ιιιωοιιιιο.

273 666 477 751 Keplerus:
514 668 581 731 Non
610 669 786 749 perpendis,
823 668 1030 738 Ptolemaeum
1063 665 1234 748 duplicasse
1271 685 1325 748 pro
1357 663 1538 747 aequatione

188 756 392 837 computanda
414 756 668 819 ecceutricitatem
692 757 791 833 illam,
825 776 912 837 quam
942 756 1136 819 insinuabant
1168 754 1351 830 distantiae,
1382 773 1437 816 sen
1458 753 1538 836 quud

185 846 264 931 idem
288 852 345 920 est,
370 845 624 909 ecceutricitatem
648 865 701 927 per
724 846 918 928 aequationes
942 846 1094 909 inventam
1117 845 1281 909 bisecnisse
1295 864 1359 927 ,pro
1383 840 1538 907 distantiis

186 935 411 1016 computandis:
436 954 504 998 nam
527 957 546 997 a
570 945 671 998 centro
696 935 854 999 eccentrici
878 934 1058 1010 distantiae,
1087 956 1106 997 a
1129 942 1232 998 centro
1256 932 1429 1015 aequantia,
1452 930 1537 1014 cujus

186 1033 236 1089 est
257 1023 367 1106 duplex
390 1024 600 1094 ecceutricitas
623 1025 741 1105 prioris,
765 1024 960 1108 aequatioues
984 1025 1123 1107 pendent
1169 1024 1281 1103 Igitur,
1305 1031 1467 1104 antequam
1489 1039 1538 1085 ms

185 1132 312 1197 arguas,
343 1112 550 1176 Ptolemaeum
581 1115 659 1177 idem
692 1114 851 1177 facientem
882 1134 984 1196 argue.
1031 1113 1096 1194 Ego
1125 1112 1291 1193 simplicem
1320 1112 1368 1175 bie
1397 1108 1539 1187 adhibeo,

185 1203 237 1268 ille
261 1201 443 1283 duplicatam
468 1204 854 1278 semel(duabuetu1uen,
882 1212 916 1266 ut
942 1203 1024 1285 prius
1047 1203 1173 1278 dictam,
1198 1201 1454 1284 operationibus);
1485 1217 1536 1263 res

188 1291 294 1355 eodem
316 1291 404 1355 redit.
450 1291 568 1355 Deinde
590 1293 742 1375 perpende
766 1312 898 1356 causam.
945 1292 1062 1355 Natura
1089 1311 1136 1355 me
1159 1290 1248 1373 jabet
1279 1288 1537 1354 ecceutricitatetu

186 1381 234 1444 bis
267 1378 425 1457 adhibere;
453 1401 523 1444 uaru
549 1380 644 1464 primo
672 1382 882 1453 ecceutricitas
911 1380 985 1444 iacit
1011 1381 1152 1461 planetae
1180 1378 1294 1444 aSole
1325 1377 1477 1460 longiores
1503 1383 1538 1451 et

187 1471 232 1534 sic
255 1469 434 1534 naturaliter
450 1470 608 1546 tardiores,
633 1472 703 1553 quia
717 1481 788 1535 snut
801 1471 831 1533 in
852 1472 964 1534 virtute
980 1470 1157 1545 remissiori3
1182 1470 1289 1533 deinde
1304 1469 1411 1533 eadem
1425 1486 1535 1531 eccen-

186 1559 305 1623 tricitas
328 1558 403 1622 iacit
426 1554 518 1622 etiam
549 1580 635 1623 meus
667 1562 764 1642 optice
794 1560 948 1623 breviores
977 1561 1051 1624 fieri.
1101 1560 1170 1625 Non
1202 1559 1302 1641 itaque
1335 1576 1458 1621 necesse
1488 1560 1537 1620 est

184 1655 228 1721 ut,
250 1649 330 1731 quod
352 1649 504 1736 postulae,
529 1651 712 1730 geometrice
735 1670 817 1713 mera
840 1650 891 1725 (h.·
910 1669 936 1710 e.
961 1656 995 1712 ιιι
1017 1657 1148 1711 mentem
1179 1657 1261 1711 tuem
1285 1646 1451 1733 rectissime
1475 1664 1530 1708 ex-

190 1737 326 1820 primam,
343 1736 444 1820 optica
458 1741 553 1812 mera)
569 1739 611 1802 eit
623 1739 800 1822 hypothesis
814 1738 1034 1819 aequationem,
1058 1738 1203 1801 exhibens
1221 1746 1317 1802 totam
1331 1734 1542 1817 aequationem

189 1829 220 1890 in
252 1825 362 1908 angulo
394 1826 536 1917 trianguli
569 1829 735 1911 aequaturii
767 1835 868 1892 stante
903 1827 942 1890 ed
973 1827 1241 1891 circumferentiam
1273 1826 1323 1889 vel
1354 1823 1457 1889 circuli
1489 1822 1559 1886 vel*

189 1915 313 1996 ellipsis.
351 1914 386 1978 Si
409 1915 487 1979 enim
510 1917 582 1981 nihil
597 1917 652 1981 nisi
673 1919 813 1999 opticum,
837 1919 867 1981 h.
883 1937 910 1978 e.
930 1924 964 1980 ut
987 1926 1019 1980 tu
1042 1917 1091 1979 hic
1114 1917 1159 1980 ais
1183 1915 1406 1998 geometricum,
1424 1900 1536 1993 'ingre'-

192 2007 312 2068 deretnr
335 2005 481 2068 calculum
505 2027 611 2081 meum,
636 2008 844 2071 excluderetur
867 2006 957 2088 igitur
973 2006 1100 2091 physica
1115 2005 1278 2070 retardatio
1297 2025 1352 2067 sen
1364 2002 1540 2066 Ptolemaeo

191 2093 402 2159 ecceutricitas
424 2097 599 2176 aequantis3
624 2097 682 2159 etsi
705 2117 762 2160 non
787 2097 853 2160 ideo
877 2097 1090 2176 geometricum
1113 2117 1171 2159 non
1195 2103 1258 2170 est,
1284 2094 1363 2176 quod
1384 2090 1541 2176 physicum

190 2192 248 2248 est„
294 2183 415 2247 Etenim
437 2183 520 2248 illam
542 2182 777 2250 retardatioriem
800 2186 972 2270 physicam,
995 2205 1073 2267 quae
1095 2185 1130 2249 ht
1151 2205 1205 2267 per
1227 2182 1447 2263 elongationem
1469 2178 1540 2261 pla-

190 2279 280 2335 netae
303 2294 327 2334 a.
344 2271 426 2347 Sole,
450 2290 537 2355 spero
560 2297 830 2356 ysopeeprsoecrue
853 2275 1006 2339 adhibere.
1047 2275 1108 2338 Vel
1131 2293 1169 2337 ex
1190 2274 1263 2354 ipse
1281 2271 1433 2335 mentione
1455 2268 1540 2351 plani
1577 2300 1579 2305 ·

190 2368 278 2442 patet
299 2362 373 2425 haec
396 2365 571 2444 geometria.
618 2365 725 2447 Itaque
749 2386 766 2427 o
790 2364 924 2437 Fabrici,
956 2365 1014 2426 etsi
1044 2364 1091 2427 bis
1116 2363 1244 2426 adhibeo
1269 2360 1536 2434 eccentricitatem,

189 2459 289 2517 tamen
314 2451 490 2536 hypothesis
513 2475 580 2517 mea
603 2464 652 2518 est
674 2456 861 2536 geometrica
879 2463 912 2517 ut
934 2473 1099 2536 quaequam
1123 2454 1193 2517 alia.

596 2544 787 2595 Fabricius:
805 2543 834 2594 ln
852 2559 881 2594 eo
899 2543 993 2602 labora,
1011 2543 1187 2607 utsiplaneta
1204 2542 1229 2592 ln
1242 2537 1374 2595 E,cireulo
1393 2537 1540 2591 comtlmtu

506 2616 546 2673 sit,
565 2614 633 2666 ΒΕΔ
650 2621 730 2667 tetam
747 2615 976 2681 prosthaphaeresiu
993 2616 1064 2665 iltius
1080 2615 1130 2666 loci
1155 2613 1270 2666 exhibeat
1288 2619 1314 2662 et
1332 2608 1376 2660 ΕΒ
1394 2608 1540 2659 ἀίειιιιίιη

508 2701 591 2738 reram
609 2687 689 2737 simul.
727 2690 761 2737 At
778 2688 838 2737 illud
856 2703 905 2737 nou
923 2687 975 2737 lieri
1003 2693 1085 2751 potest
1109 2702 1152 2751 per
1175 2684 1303 2736 dimidiam
1329 2679 1541 2732 ementridtstssn

507 2761 552 2811 ΔΒ
572 2759 713 2810 adhibitam.
752 2758 835 2820 Quare
853 2760 917 2808 siin
935 2759 1014 2822 ellipai
1031 2759 1196 2822 trrsplaneta
1213 2752 1400 2807 construendus
1417 2750 1457 2801 rel
1474 2752 1500 2802 ia
1518 2749 1540 2800 0

508 2831 545 2881 vel
564 2832 595 2880 iu¹
609 2830 637 2888 C.
656 2837 716 2880 tunc
734 2830 878 2887 rideamus,
895 2837 924 2881 ut
941 2830 1017 2881 s013'
1028 2829 1067 2880 rel
1085 2829 1152 2880 ACB
1178 2834 1258 2879 totam
1283 2826 1354 2876 iatius
1371 2823 1420 2873 loci
1438 2819 1475 2884 (in
1494 2836 1542 2889 qao

507 2902 610 2967 planeta
626 2903 724 2967 ponitur
742 2899 809 2963 erse)
827 2901 950 2958 exhibeat,
969 2909 994 2952 et
1012 2900 1057 2952 ΟΒ
1075 2901 1114 2951 rel
1133 2900 1175 2951 CB
1194 2900 1227 2949 rlt
1244 2897 1448 2948 distantiarum.
1484 2892 1540 2944 noe

507 2975 530 3022 si
547 2973 599 3030 het,
617 2974 769 3038 geometrica
787 2975 841 3024 erla
879 2974 914 3023 Aa
930 2975 956 3023 iu
974 2980 1019 3023 tua
1036 2973 1130 3036 ellipsi,
1158 2974 1237 3037 posito
1255 2968 1358 3034 planata
1374 2967 1402 3017 ia
1420 2964 1459 3021 G.
1483 2970 1543 3016 nno

509 3045 554 3095 ΒΔ
572 3051 627 3095 tota
644 3047 759 3109 aequatio
778 3061 827 3097 non
846 3053 892 3104 est,
910 3060 957 3096 nec
974 3043 1018 3097 Bc
1037 3044 1166 3101 distantm
1183 3051 1213 3094 at
1229 3041 1337 3094 deberat
1368 3036 1396 3089 St
1413 3050 1471 3088 rere
1488 3035 1541 3102 pla-

509 3122 596 3167 netam
612 3132 639 3167 re
657 3131 716 3168 rara
733 3119 802 3182 penis
819 3119 845 3169 ia
858 3117 906 3168 alio
924 3117 987 3175 loeo,
1005 3130 1080 3182 quam
1091 3117 1117 3166 in
1130 3115 1159 3174 (i,
1179 3129 1222 3165 cur
1233 3126 1325 3180 quaeso
1341 3108 1406 3163 adO
1424 3115 1543 3175 punctum

382 3188 386 3214 ²
509 3190 712 3255 coaequationem
730 3183 853 3254 inqmml

596 3260 799 3342 Keplerus:
830 3261 914 3322 Haec
945 3268 1091 3339 arguunt,
1116 3265 1148 3322 te
1180 3257 1333 3320 involvere
1365 3259 1397 3315 te
1431 3250 1540 3333 ipsum.
1568 3250 1571 3258 '

508 3347 629 3410 Tribuis
652 3350 734 3419 mihi,
759 3349 836 3430 quod
860 3348 919 3412 alio
942 3348 1010 3411 loco
1037 3347 1224 3429 aequaticnis
1253 3342 1394 3425 angulum
1416 3360 1541 3422 compu-

509 3444 585 3513 tem,
611 3439 670 3501 alio
695 3439 719 3504 C
742 3440 897 3521 planetam
919 3438 1071 3511 collocem,
1096 3446 1130 3500 nt
1152 3436 1177 3498 si
1203 3434 1287 3502 CBA
1310 3433 1352 3496 ait
1374 3438 1543 3512 coaequata

509 3529 675 3603 anomalia,
700 3548 758 3591 uon
783 3528 825 3590 sit
847 3537 948 3590 tamen
973 3525 1025 3590 CB
1050 3525 1195 3590 distantia
1218 3526 1320 3607 justa,
1343 3540 1398 3584 uec
1422 3518 1448 3584 0
1471 3520 1541 3601 pla-

508 3626 588 3680 neta.
633 3617 745 3699 lnjnrie
768 3617 838 3680 mihi
862 3618 904 3679 fit.
951 3616 1015 3678 Imo
1039 3615 1064 3679 G
1085 3624 1137 3678 est
1158 3615 1291 3698 planeta,
1317 3610 1369 3676 CB
1393 3607 1542 3672 distantia

186 3709 290 3790 justa,
324 3703 409 3769 Aac
437 3714 614 3787 coaequata.
666 3706 709 3768 Te
738 3726 810 3770 vero
841 3707 898 3769 hoc
926 3705 1064 3786 impedit,
1100 3705 1177 3786 quod
1211 3702 1295 3767 ACB
1331 3699 1540 3781 aequationem

190 3815 248 3860 uon
276 3795 456 3858 constituam
480 3805 512 3858 et
540 3803 641 3858 tamen
671 3795 755 3860 ABG
784 3805 979 3878 coaequatam
1010 3795 1117 3858 dicam.
1163 3790 1337 3857 Aesuevisti
1365 3788 1444 3851 enim
1471 3786 1540 3851 huic

191 3883 311 3960 rationi,
336 3903 412 3965 qaae
431 3886 522 3963 valet,
546 3905 612 3948 curn
634 3886 775 3967 planetae
797 3885 857 3947 iter
875 3886 916 3947 sit
939 3885 1074 3948 circulus.
1105 3885 1151 3947 At
1172 3881 1323 3964 perpende
1342 3896 1465 3963 causam
1488 3895 1541 3940 cur

190 3974 240 4038 hic
262 3973 326 4037 fleri
348 3973 405 4036 hoc
428 3994 485 4036 non
508 3975 615 4059 possit,
638 3976 719 4038 nullo
741 3975 859 4057 quidem
883 3976 999 4036 damno.
1037 3974 1117 4037 Nam
1142 3972 1168 4034 si
1190 3971 1275 4036 BOA
1299 3969 1427 4032 dicerem
1452 3965 1537 4048 cpti-

190 4082 257 4127 cam
280 4063 498 4145 aequationem,
523 4065 606 4130 CAF
628 4073 712 4127 esset
733 4065 885 4127 anomalia
912 4064 1059 4138 eccentri;
1088 4071 1122 4124 at
1145 4080 1202 4123 non
1227 4068 1289 4133 est,
1322 4057 1392 4139 qnia
1413 4052 1466 4119 FO
1491 4062 1542 4119 eat

189 4154 254 4227 ille,
277 4162 310 4216 et
331 4152 383 4214 PE
406 4162 454 4216 est
476 4154 541 4233 ejus
564 4173 670 4216 nomeu
695 4155 741 4216 vel
765 4152 955 4235 nuncupatio,
981 4161 1120 4233 utsupra
1143 4151 1266 4219 dictum.
1309 4145 1361 4221 EO
1385 4164 1456 4208 vero
1480 4162 1538 4208 non

191 4250 379 4307 mensuratur
401 4243 439 4305 ab
463 4244 571 4323 angulo
586 4243 679 4318 Fac,
703 4243 772 4326 quia
795 4252 843 4306 est
866 4240 1105 4307 circumferentia
1127 4260 1184 4302 non
1199 4238 1311 4313 circuli,
1337 4236 1390 4300 sed
1409 4233 1539 4317 ellipsis.

191 4333 288 4396 Misso
311 4330 403 4411 igitur
426 4333 534 4413 angulo
558 4332 656 4407 BOA,
686 4341 890 4414 computamus
918 4333 1058 4412 angulum
1080 4330 1164 4394 ABG
1196 4348 1250 4411 per
1273 4326 1327 4391 CT
1349 4334 1381 4389 et
1403 4323 1467 4399 TB,
1491 4322 1540 4385 vel

191 4441 245 4503 per
268 4419 321 4485 ΟΒ
344 4428 376 4482 et
398 4422 467 4492 ΒΤ;
498 4430 624 4501 utraque
657 4423 734 4484 enim
770 4421 857 4484 datur
885 4423 922 4484 ad
954 4420 1133 4502 positionem
1160 4418 1254 4499 ipsius
1282 4414 1335 4480 FC
1367 4414 1396 4477 h.
1421 4432 1447 4475 e.
1476 4413 1537 4476 Fu.

154 4554 160 4566 ·
190 4510 238 4575 Ex
255 4509 361 4593 quibus
385 4509 530 4591 intelligis
546 4520 577 4572 et
591 4529 719 4574 errorem
738 4521 820 4574 tuum
835 4511 916 4574 circa
938 4529 1035 4572 meam
1057 4517 1186 4572 mentem
1206 4516 1237 4570 et
1251 4505 1384 4588 ejusdem
1403 4520 1536 4566 causam.

280 4599 470 4651 Fabricius:
490 4599 610 4662 Physicae
627 4601 836 4665 multiplicationis
854 4614 956 4652 causam
974 4612 1022 4649 non
1042 4599 1149 4648 ostendis
1167 4612 1214 4648 nec
1232 4611 1315 4649 reram
1337 4594 1467 4645 rationem.
1521 4606 1525 4615 ·

279 4671 477 4751 Keplerus:
502 4670 564 4733 Sed
587 4691 642 4732 uec
664 4690 751 4752 porro
776 4674 874 4735 dicere
898 4670 1025 4751 amplius
1048 4671 1172 4751 poteris,
1197 4678 1228 4731 te
1251 4669 1391 4749 ignorare
1413 4682 1538 4728 cansam

146 4838 151 4845 Ι
193 4760 336 4843 physicae
360 4759 628 4840 multiplicationis.
664 4762 743 4824 Dum
767 4763 845 4824 euim
868 4760 1033 4842 multiplico
1057 4754 1459 4827 ecceutricitatiedimhiium
1473 4753 1537 4829 (vel

191 4868 246 4932 pru
268 4868 307 4913 ea
333 4848 464 4912 valorem
496 4849 617 4912 maximi
639 4849 781 4932 trianguli
812 4851 842 4914 in
866 4850 998 4914 secunda
1019 4849 1189 4924 redactum)
1212 4848 1243 4911 iu
1259 4840 1348 4911 'sinus
1368 4843 1537 4933 anpmaliae
