3354 5504
161 307 225 376 ⁷06
511 283 513 288 ’
700 307 811 360 umes·
827 307 857 357 ι.
875 304 967 359 aare

160 489 250 554 condi
273 487 404 551 faciliter
425 503 479 564 per
507 485 598 546 aliam
627 484 871 564 imaginationem
895 485 1115 567 hypotheseos3
1144 484 1353 547 tantummodo
1377 484 1438 547 hcc
1458 502 1510 564 pro

156 580 226 660 jure
250 597 303 640 sno
326 576 411 648 ursit,
436 581 470 635 ut
492 573 522 635 id
544 573 672 654 primum
696 575 898 654 perficeretur,
922 574 1000 655 quod
1023 574 1080 636 sibi
1103 581 1186 635 esset
1199 573 1309 649 visum,
1332 573 1511 654 Ephemeris

161 661 293 747 nempe),
320 673 350 726 et
372 682 427 743 ego
451 663 492 735 id,
516 662 596 743 quod
618 662 678 723 levi
701 682 769 725 mea
791 683 883 745 opera
905 663 969 725 fieri
987 669 1101 743 posset,
1125 664 1315 742 Tengnaglio
1339 662 1510 736 inviderem,

161 776 199 819 ne
222 757 248 817 is
272 756 309 815 de
333 773 365 815 re
388 772 446 814 non
471 751 573 831 magni
596 753 739 814 momenti
767 762 799 815 et
827 770 911 814 meae
938 751 1121 817 inuentionis
1145 751 1217 814 olim
1247 751 1375 832 gloriari
1398 759 1509 831 posset

75 893 80 901 .
162 847 211 908 Ita
234 846 347 906 factum
364 840 577 914 simultatibus,
600 849 708 916 utres,
733 861 766 903 se
789 842 857 922 ipsa
879 842 918 903 ab
941 840 1027 903 initio
1048 848 1202 921 exoptata,
1227 841 1423 921 postmodum
1443 858 1510 901 ver-

162 944 278 998 teretur
301 934 331 993 in
355 931 396 993 fel
419 937 452 991 et
474 936 611 1003 acetum;
642 930 821 1009 praesertim
850 950 915 992 cum
944 949 999 1010 ego
1027 948 1101 1010 opus
1125 948 1184 990 non
1206 929 1291 1010 prius
1307 936 1513 992 monstrarem

162 1020 358 1103 Tengnaglio,
383 1038 472 1098 qnam
491 1019 557 1098 jam
580 1018 702 1098 seriptis
727 1020 765 1082 ad
781 1021 970 1083 Herwartum
988 1019 1083 1082 literis
1102 1026 1134 1081 et
1150 1027 1259 1099 postae
1284 1018 1509 1092 commendatis,

162 1106 345 1213 exemplum,
371 1108 449 1188 quod
467 1107 595 1168 videbat
618 1108 837 1188 Tengnaglius,
872 1109 964 1170 etiam
986 1115 1093 1191 poetae
1116 1108 1383 1171 commendaturus
1407 1127 1511 1170 essem.

162 1203 240 1266 Nam
264 1199 315 1259 vix
339 1197 437 1258 obiter
458 1196 638 1278 hypothesin
662 1196 813 1259 Matthiae
837 1197 1075 1265 delineaveram‚
1106 1205 1196 1277 atque
1220 1216 1258 1259 ex
1281 1216 1317 1258 eo
1342 1215 1404 1259 non
1426 1197 1513 1260 verbo

163 1309 220 1350 nno
245 1287 327 1349 dicto
357 1287 438 1374 iqtra
465 1282 486 1348 6
510 1285 698 1365 septimanas
721 1288 786 1365 jam
816 1288 967 1367 perfectas
996 1306 1063 1348 ease
1093 1285 1213 1348 tabulas
1242 1286 1387 1348 indicavi.
1434 1284 1515 1348 Haec

164 1377 373 1459 importunitas
397 1393 475 1457 nova
499 1373 702 1452 exasperabat
718 1375 859 1456 antiquas
875 1384 908 1438 et
927 1376 1081 1437 diuturnae
1099 1374 1280 1437 simultates
1311 1373 1516 1456 Tengnsglius

162 1469 227 1546 ipse
252 1484 345 1544 opera
364 1462 514 1526 lobannis
537 1469 665 1532 (Erhseu)
684 1472 715 1525 et
727 1462 880 1526 Matthiae
903 1464 1025 1528 tabulas
1047 1464 1217 1544 hujusmodi
1240 1463 1391 1538 condidit,
1414 1463 1515 1546 quibus

164 1575 247 1619 meas
271 1553 418 1615 facilitate
441 1560 583 1631 superet;
613 1552 715 1631 itaque
738 1572 797 1614 non
822 1573 879 1616 res
902 1561 951 1615 est
971 1554 1099 1628 vitiosa,
1129 1554 1183 1615 sed
1208 1554 1339 1615 modus
1370 1552 1514 1633 agendi:

165 1653 256 1723 atque
278 1642 394 1705 utinam
418 1659 542 1722 scopum
565 1639 723 1703 facilitatis
748 1642 920 1722 attigissem
943 1644 1085 1722 propins3
1110 1651 1210 1705 certus
1234 1643 1317 1705 enim
1341 1662 1426 1718 snm,
1450 1660 1514 1723 gra·

63 1742 71 1759 ·
163 1734 225 1796 tias
248 1731 320 1794 mihi
344 1738 468 1792 acturos
492 1730 710 1805 essemnltos,
735 1740 952 1813 contraquam
976 1741 1019 1792 tn.

254 1821 363 1883 Altera
386 1826 439 1881 tua
461 1819 605 1880 refutatio
629 1819 688 1880 mei
707 1820 824 1882 insituti
840 1832 889 1882 eet
903 1821 988 1894 haec,
1014 1820 1092 1900 quod
1115 1819 1202 1881 labor
1224 1818 1428 1899 triangularis
1451 1803 1514 1900 sup·

120 1906 122 1911 ’
164 1911 283 1994 peditat
306 1908 469 1971 distantias
491 1908 596 1970 Lunae
620 1928 638 1969 a
661 1908 771 1984 Terra,
803 1910 929 1971 utiles
922 1929 952 1973 ιι
980 1908 1147 1988 astrologia
1169 1908 1208 1970 ob
1234 1909 1445 1989 particulares
1465 1927 1513 1990 ps·

165 2001 309 2063 rallaxes.
356 1998 558 2079 Respondeo:
589 1996 725 2060 calculus
748 1999 900 2081 Tychonis
922 2019 943 2058 a
964 2017 1011 2059 me
1034 2016 1093 2061 non
1116 2006 1166 2059 est
1188 1997 1347 2073 sublatus,
1371 2004 1515 2083 conpote

167 2090 216 2170 qui
239 2089 341 2162 volet;
372 2106 442 2149 nam
465 2105 533 2148 mea
556 2087 782 2150 transformatio
807 2088 929 2150 exhibet
952 2087 1073 2149 easdem
1101 2086 1276 2149 distantias.
1326 2089 1374 2151 At
1403 2088 1431 2150 si
1460 2086 1515 2169 quis

167 2197 224 2240 non
250 2184 376 2258 quaerat
391 2176 565 2250 distantias,
589 2175 645 2237 sed
664 2176 776 2238 nudam
791 2176 1019 2257 longitudinem,
1042 2177 1069 2239 ei
1093 2175 1261 2240 taediosum
1285 2184 1347 2251 est,
1373 2176 1516 2258 triangula

168 2267 323 2330 consulere
347 2273 379 2327 et
402 2265 565 2326 distantias
587 2265 671 2346 prins
695 2266 788 2341 adire,
812 2286 888 2348 quas
905 2265 1047 2346 primario
1066 2285 1126 2328 non
1145 2265 1272 2344 expetit.
1312 2267 1393 2328 'Ihm
1415 2275 1514 2339 autem,

168 2356 240 2438 quid
271 2364 304 2417 tn
335 2355 371 2415 de
405 2353 527 2415 circello
559 2354 712 2433 argutaris
745 2355 868 2437 ejusque
900 2357 1007 2418 effectu
1039 2355 1069 2416 in
1101 2354 1256 2416 variandis
1289 2352 1515 2434 parallaxibur?

168 2445 250 2517 Quid
266 2446 292 2506 si
316 2445 345 2506 in
369 2441 507 2504 omnibus
530 2444 737 2522 parallaxibus
756 2445 824 2524 plns
839 2445 1007 2519 aberrares,
1031 2463 1122 2524 quam
1145 2444 1287 2507 circellus
1312 2444 1432 2508 efficit?
1459 2445 1514 2508 rior

169 2535 258 2616 plane
289 2534 345 2595 hoc
375 2533 507 2606 affirmo,
542 2533 597 2595 sed
629 2533 684 2595 enh
715 2532 895 2596 conditione.
941 2534 1021 2597 Nam
1050 2533 1077 2594 ei
1103 2540 1136 2595 tn
1166 2534 1353 2596 diametrum
1385 2534 1516 2598 Solisst

169 2623 291 2686 umbrae
315 2621 465 2683 mordicus
489 2621 583 2684 fueris
612 2630 731 2684 tutatus
761 2641 828 2684 cum
855 2622 1006 2703 parallaxi
1029 2621 1127 2697 Solis,
1159 2622 1280 2684 omnino
1310 2623 1375 2686 tibi
1400 2643 1450 2686 res
1470 2623 1515 2686 bu

170 2711 286 2774 recidet
317 2710 372 2772 sub
404 2709 653 2773 contradictionis
686 2712 934 2788 comminatione,
967 2719 1003 2774 ιιι
1024 2712 1204 2792 parallaxin
1232 2712 1343 2774 Lunae
1375 2712 1515 2775 evidenter

169 2809 287 2864 mutare
311 2800 441 2880 cogaris.

259 2882 323 2953 Ia'm
347 2891 385 2951 ad
410 2889 472 2951 alia
494 2887 595 2963 venis,
626 2896 657 2949 et
687 2889 712 2951 si
743 2899 826 2952 tuam
855 2888 1117 2969 reprehensionem
1141 2884 1256 2951 tectam
1280 2890 1362 2953 bene
1385 2889 1515 2973 percipit,

167 2982 231 3060 jam
255 2989 289 3041 tu
312 2980 389 3040 hanc
410 2977 590 3060 particulam
613 2976 694 3039 tituli
709 2998 841 3042 mearum
860 2979 1157 3040 transformationem
1178 2978 1322 3055 aderitis,
1348 2980 1433 3060 quod
1452 2977 1514 3042 dixi:

76 3061 81 3075 '
176 3088 258 3150 „pro
290 3081 378 3150 typo
410 3067 623 3128 tabularum
653 3067 837 3148 Rndolphi
867 3070 922 3149 ad,
944 3067 1222 3130 deliberandum
1253 3066 1513 3150 propositaa“

173 3161 217 3222 Τι
242 3177 313 3238 ergo
336 3156 473 3230 miraris,
503 3154 613 3217 andere
641 3174 688 3217 me
711 3166 831 3219 ceteros
857 3158 1016 3239 planetas,
1046 3157 1082 3218 de
1106 3156 1214 3238 quibus
1237 3158 1378 3222 nondum
1401 3161 1515 3227 censis&

173 3247 369 3329 aequiparare
391 3246 505 3307 Lunae.
538 3244 608 3307 Non
624 3244 713 3318 facio,
737 3246 778 3309 mi
795 3245 988 3320 Christiane;
1012 3265 1065 3308 cur
1087 3245 1166 3308 enim
1192 3247 1253 3321 „ad
1278 3243 1514 3312 deliberandum⁸

173 3354 379 3418 proponerem,
403 3336 430 3396 si
449 3333 513 3412 jam
537 3341 620 3394 esset
638 3334 850 3414 exploratum?
879 3335 959 3408 Scio,
983 3335 1087 3396 Lunae
1107 3355 1174 3405 ease
1198 3336 1407 3416 particularis
1427 3336 1516 3404 mna

174 3446 209 3487 ac
234 3423 481 3487 fortassisetiam
500 3421 641 3503 planetae
656 3423 750 3484 ceteri
768 3426 1016 3505 inaequalitatum
1040 3444 1162 3487 numero
1186 3433 1220 3486 et
1241 3427 1404 3505 qualitate·
1420 3423 1515 3491 distill-

172 3523 301 3595 guuntur
322 3513 391 3595 plue
415 3531 503 3592 quam
527 3511 671 3572 hactenns
696 3513 818 3574 credidi.
857 3514 956 3577 Unum
979 3521 1080 3575 autem
1104 3523 1153 3576 est
1173 3513 1204 3576 in
1228 3515 1408 3583 tabularum
1429 3524 1516 3580 nane

173 3603 367 3677 formatione,
398 3602 477 3684 quod
504 3600 585 3662 'citra
612 3602 847 3664 controversiam
878 3601 989 3665 imitari
1017 3621 1176 3683 possumus
1199 3603 1230 3664 in
1254 3607 1373 3668 ceteris
1397 3603 1518 3669 omullus

48 3679 51 3687 ¹
171 3692 313 3773 planetis,
339 3693 364 3753 si
384 3692 472 3753 modo
488 3690 659 3752 consultum
678 3691 767 3752 fuerit
790 3692 883 3771 (qnod
903 3691 1155 3754 deliberandum
1149 3712 1218 3754 esse
1237 3693 1333 3769 dixi),
1358 3703 1395 3758 nt
1416 3693 1519 3761 sciheet

170 3801 225 3862 per
248 3800 404 3843 excessum
427 3779 572 3859 temporis
595 3797 687 3857 supra
710 3787 908 3854 momentum,
939 3800 997 3863 quo
1024 3782 1186 3861 planeta
1177 3802 1209 3843 ιιι
1232 3802 1376 3865 apogaeo
1400 3778 1517 3847 ecesntn‘

171 3870 271 3973 fuerit,
297 3871 401 3932 statim
421 3877 604 3973 excerpatnr
622 3869 775 3931 anomalia
793 3871 923 3932 eccentri
938 3879 1125 3951 coaequata;
1149 3878 1241 3953 atque
1265 3872 1326 3934 huc
1351 3892 1409 3953 ego
1429 3871 1518 3957 potis-

171 3960 279 4022 simum
310 3959 448 4038 respexi,
483 3958 552 4039 qnia
584 3975 722 4036 apogaea
754 3969 786 4020 et
813 3960 883 4021 nodi
911 3961 1100 4041 planetarum
1128 3968 1298 4024 ceterorum
1327 3963 1422 4027 valde
1447 3958 1516 4024 tardi

171 4057 256 4123 sunt,
279 4056 311 4109 et
334 4048 415 4109 facili
439 4066 531 4129 opera
555 4055 775 4126 computantur.
802 4080 842 4092 -
981 4047 1069 4120 Quae
1092 4050 1132 4111 ad
1155 4050 1278 4129 singula
1300 4070 1424 4128 eornm,
1451 4066 1516 4133 qnae

169 4137 321 4217 praestita
343 4138 373 4199 in
397 4138 485 4198 Luna
508 4154 736 4211 commemoras,
762 4136 821 4200 dici
844 4139 976 4201 fortasse
999 4148 1125 4218 possent
1149 4139 1198 4201 ab·
1211 4148 1409 4218 astronomo,
1430 4142 1516 4210 mita

159 4246 206 4299 ,ne
230 4245 324 4289 novas
348 4225 541 4308 quaestiones
564 4244 664 4286 serere
684 4226 790 4288 videar
809 4247 866 4290 non
881 4229 972 4290 finitis
986 4227 1149 4303 veteribus,
1173 4230 1360 4308 praesertim
1375 4224 1516 4294 cumnihll

168 4315 297 4377 habeam
320 4316 350 4378 in
368 4333 513 4396 praesens
533 4313 590 4375 nisi
605 4315 795 4393 conjecturas
812 4317 963 4398 physicas,
988 4337 1043 4380 nec
1065 4336 1103 4378 ex
1120 4319 1259 4397 professo
1275 4325 1410 4383 tractem
1423 4322 1514 4385 Lunae

168 4405 331 4484 negotium.
380 4403 460 4476 Quid
484 4423 559 4465 nunc
590 4403 627 4464 de
658 4423 705 4465 me
734 4406 843 4468 meruit
874 4406 1065 4471 odiosissime
1092 4406 1147 4468 illa
1170 4417 1223 4469 tua
1247 4409 1420 4488 exagitatio
1442 4411 1513 4472 inse-

168 4493 279 4555 lentiae
304 4495 378 4572 ejus,
403 4512 492 4573 quam
515 4493 587 4556 mihi
609 4513 663 4573 per
676 4494 892 4573 nequissimam
908 4497 1087 4558 calumniam
1102 4497 1262 4559 tribuisti?
1291 4506 1514 4575 (Longomontanu

167 4583 295 4632 recensitis
317 4585 359 4643 ιιι,
384 4596 448 4647 qnae
466 4582 579 4646 Tycho'
573 4598 598 4631 m
616 4583 704 4632 Lunae
722 4583 819 4634 theoria
840 4586 956 4649 perfecit,
981 4585 1066 4636 addit:
1094 4586 1191 4637 talias
1215 4592 1242 4637 te
1265 4602 1380 4653 unquam
1407 4587 1514 4672 praestiti

166 4667 238 4716 porse
262 4653 419 4704 vehementer
443 4660 534 4704 metuo
571 4652 600 4703 Id
623 4660 707 4704 antem
730 4671 779 4705 non
804 4663 904 4714 metuo,
932 4658 996 4723 quod
1023 4657 1056 4706 ad
1078 4648 1233 4722 praeclaram
1260 4673 1395 4711 censuram
1419 4663 1513 4712 omnim

166 4724 283 4772 bonoram
307 4734 333 4775 et
357 4725 546 4790 intelligentium
569 4725 673 4775 virorum
696 4726 727 4777 ds
751 4727 868 4778 defuncto
887 4728 1004 4793 Tyebona
1028 4728 1091 4780 haec
1110 4729 1210 4789 sordida
1228 4736 1274 4781 tua
1292 4732 1429 4784 insolentia
1444 4731 1512 4797 mgb

167 4802 293 4854 commeat
311 4814 337 4856 et
355 4804 441 4856 odiosa
457 4805 524 4867 tat.)
560 4794 640 4867 Quid
665 4798 742 4861 enim
766 4799 825 4862 nisi
849 4810 883 4863 ut
900 4811 930 4863 te
949 4801 1082 4863 vicissim
1102 4811 1133 4863 et
1156 4810 1241 4865 tuam
1264 4810 1445 4884 κακοηθιιαι
1465 4821 1511 4864 ex·
