3354 5504
723 296 805 349 roae
823 294 938 347 attam.
1435 282 1501 354 445

156 475 286 528 mntebea
304 476 365 540 gibt,
385 475 443 525 dass
461 491 488 525 er
505 476 529 524 iu
549 477 703 537 geometricis
721 477 853 525 sonderbar
871 476 909 524 nit
926 476 1034 524 versiert„
1072 471 1115 522 leb
1133 469 1200 520 vollt
1217 471 1260 521 des
1278 470 1357 521 Herm
1373 468 1501 533 judicium,

155 551 258 601 berenb
276 549 359 598 indens
379 563 405 597 er
422 558 514 597 motum
533 548 624 597 Terrae
644 549 720 596 daran
740 564 770 595 zu
789 550 924 611 eravingen
944 546 1072 600 vermaint,
1091 559 1152 608 geru
1170 558 1335 594 seruemmen.

240 628 336 691 Quibus
354 627 479 690 respondit
495 627 618 689 Keplems
636 626 671 685 (d.
694 627 733 675 12.
752 628 810 676 lan.
833 624 929 686 1603);
953 620 982 671 ln
1005 616 1183 689 inagnet-icis,
1212 618 1252 671 uti
1273 617 1351 671 novit
1370 616 1407 670 M.
1429 617 1498 677 Tua,

154 703 255 759 nultus
276 701 326 757 stri.
353 702 481 754 Portae
503 701 695 769 experimenta
716 703 847 770 pleraque
869 700 1025 753 examinavi
1047 701 1091 752 vel
1106 701 1142 751 ad
1162 696 1285 751 rationes
1305 698 1350 750 vel
1370 699 1405 751 ad
1424 697 1498 766 peri-

154 784 324 839 clitationem
349 780 500 852 propriam,
530 790 660 850 quantum
688 782 792 834 informi
819 782 910 850 lapide
936 782 1022 849 potui.
1063 780 1179 849 Aliquos
1207 778 1291 831 etiam
1312 778 1373 847 ejus
1394 792 1501 835 errores

154 865 203 919 bec
224 872 310 934 pacto
331 862 505 931 deprehendi,
529 879 595 930 quos
617 863 773 915 noniinatim
794 862 895 914 alicubi
917 870 1000 914 taxat
1020 870 1049 912 et
1068 860 1218 913 Gilbertus.
1246 858 1348 912 Verum
1367 857 1412 913 ito
1430 846 1504 920 Μῖ.

156 944 294 1006 detincte,
315 942 484 996 sufficienter
504 943 637 995 tractavit
658 944 729 995 harre
750 960 806 995 rem
821 943 971 999 (tilbertus,
995 942 1034 994 ita
1055 939 1172 1008 undique
1194 938 1369 992 nobilissimis
1389 936 1501 1007 experi-

154 1025 252 1079 mentis
272 1041 303 1077 se
323 1022 448 1083 munivit,
480 1022 595 1075 omnium
626 1012 868 1076 contradicentium
893 1039 943 1075 ora
970 1020 1126 1082 obstruxit,
1156 1026 1188 1072 ut
1218 1020 1302 1087 plane
1331 1025 1504 1073 evanescant
1535 1076 1540 1091 ὗ

156 1122 232 1160 meae
253 1103 458 1174 speculationes
473 1105 506 1155 dc
522 1105 602 1156 tarda
616 1104 665 1156 illa
686 1104 851 1173 migratione
872 1104 928 1172 poli
951 1111 1038 1156 motus
1060 1101 1147 1154 diurni
1162 1118 1198 1152 ex
1213 1099 1280 1152 locis
1296 1101 1407 1161 Terrae,
1430 1114 1501 1168 quae

154 1187 177 1241 in
205 1184 350 1239 creatione
378 1183 418 1236 illi
447 1183 548 1236 fuerint
576 1184 711 1247 subjecta.
762 1186 847 1246 Quam
879 1183 1093 1252 speculationem
1120 1190 1197 1234 tanto
1223 1180 1353 1232 libentius
1385 1182 1501 1248 depono,

154 1268 224 1337 qued
246 1264 364 1325 invenio,
387 1264 431 1316 hic
451 1264 563 1334 Pragae
591 1273 655 1317 ante
678 1258 736 1319 ‘200
757 1281 842 1317 anuos
867 1266 1041 1317 observatam
1067 1261 1240 1315 altitudinem
1262 1261 1316 1328 poli
1345 1260 1501 1313 consentire

153 1345 381 1417 quamproxime
402 1362 462 1396 curu
483 1361 526 1407 ea,
548 1362 617 1413 quae
639 1356 682 1397 est
703 1345 791 1399 hodie.
827 1351 921 1414 (corrup.
943 1352 987 1414 Ep.
1007 1351 1039 1399 ad
1057 1348 1157 1398 llasstl.
1176 1365 1200 1411 p.
1219 1344 1274 1406 aa)
1308 1344 1347 1392 At
1367 1342 1502 1409 poscebat

152 1426 289 1498 malogia
308 1434 399 1477 motus
421 1426 456 1477 ab
477 1425 598 1477 Antonio
618 1425 710 1478 Maria
735 1432 824 1495 (comp.
843 1432 901 1482 Vol.
919 1432 951 1481 ΙΙ.
970 1448 994 1496 p.
1015 1429 1079 1491 220)
1100 1422 1164 1475 mihi
1191 1421 1350 1484 monstrati,
1376 1428 1410 1474 ut
1428 1421 1503 1474 intra

152 1507 204 1561 bec
226 1513 336 1573 tempus
361 1498 486 1557 lll-l‘Z‘
507 1505 617 1557 variata
639 1504 747 1558 fuerint.

239 1586 348 1657 legam
369 1584 505 1654 integrum
527 1602 595 1653 opus
618 1586 663 1637 ubi
684 1587 746 1655 plus
768 1585 816 1638 otii
837 1586 906 1647 erit;
933 1585 994 1652 jam
1022 1586 1143 1655 maligne
1170 1585 1315 1637 inhaerent
1344 1581 1502 1644 memoriae,
1564 1580 1570 1646 s

152 1684 225 1739 quae
244 1674 313 1721 ante
337 1664 474 1719 biennium
496 1665 522 1718 in
544 1683 605 1718 mea
633 1666 701 1719 febri
730 1674 867 1736 quartana
888 1686 923 1719 ex
945 1685 977 1718 eo
1000 1667 1082 1719 animi
1106 1665 1202 1736 gratia
1226 1662 1354 1716 delibavi.
1394 1663 1424 1716 Si
1446 1679 1502 1731 qua

152 1747 217 1802 milri
248 1756 398 1801 pascemur
425 1746 525 1807 dubia,
554 1764 613 1799 curn
634 1746 670 1799 bl.
691 1747 723 1800 Τ.
755 1747 967 1800 communicabo.
1009 1748 1038 1799 ln
1064 1763 1195 1815 praesens
1226 1745 1297 1797 ista:
1332 1742 1501 1803 Variatleuis
1525 1782 1563 1809 r..

152 1844 265 1889 meae,
287 1842 368 1896 quam
389 1826 470 1881 erest
491 1827 572 1885 (libro
593 1820 662 1891 m),
684 1826 792 1879 videtur
812 1828 938 1888 obstare,
966 1829 1036 1896 quod
1061 1835 1192 1880 montana
1211 1826 1354 1895 regionum
1374 1824 1411 1877 ad
1430 1822 1501 1897 inte·

151 1924 234 1979 grum
253 1908 369 1979 globum
391 1904 492 1959 nullam
517 1907 623 1959 habent
649 1906 860 1976 proportionem.
901 1909 930 1961 ln
958 1906 1186 1960 declinationibus
1214 1902 1275 1971 (lib.
1296 1898 1344 1970 V.)
1365 1902 1437 1959 milri.
1451 1920 1501 1957 ex·

151 1996 234 2059 pertu
255 1988 301 2039 vel
322 1984 501 2055 impossibilia
522 1987 566 2039 vel
588 1987 803 2041 sumtuosissima
824 1988 1015 2055 experimenta
1035 1988 1176 2055 proponit,
1197 1987 1244 2039 ubi
1263 1987 1330 2038 tides
1350 1991 1396 2039 est
1415 1998 1500 2055 penes

151 2076 305 2123 auctorem.
343 2071 383 2119 at
404 2067 469 2136 quia
493 2074 680 2121 consentanea
704 2068 768 2131 dicit
789 2076 818 2119 et
839 2069 866 2120 in
887 2068 986 2121 ceteris
1007 2070 1073 2120 fides
1094 2069 1155 2134 ejas
1182 2068 1333 2135 explorata
1351 2068 1409 2127 cst,
1430 2058 1505 2119 amit

150 2156 195 2203 est
215 2165 266 2203 cur
287 2156 443 2215 suspectum
458 2148 593 2209 habeam
614 2164 678 2201 narn
691 2165 726 2201 cx
742 2149 806 2201 stilo
821 2160 949 2217 apparet,
972 2148 1057 2201 virum
1071 2164 1185 2218 gravem
1198 2162 1325 2200 essonae
1343 2144 1515 2217 vulgan'ma,

153 2228 289 2283 Italorum
310 2227 433 2281 similem.
467 2230 509 2279 Ad
531 2230 600 2281 hacc
622 2235 664 2281 tot
684 2236 714 2281 et-
735 2238 817 2281 tanta
836 2238 936 2281 ettam
957 2237 1135 2281 controverso
1153 2224 1372 2297 superaedidcat,
1392 2228 1427 2291 ut
1445 2220 1514 2279 uon·
1544 2232 1565 2289 ς·

151 2308 258 2379 injuria
277 2307 382 2361 censeri
404 2309 518 2369 debeat,
549 2308 747 2361 declinaturum
769 2309 852 2361 fuisse
874 2309 1026 2372 infamiam,
1048 2325 1119 2378 quae
1145 2308 1232 2377 ipsum
1259 2312 1389 2361 secutma
1407 2294 1500 2381 lderit.
1558 2316 1562 2321 '

152 2389 177 2443 si
195 2388 276 2443 falsa
295 2389 404 2457 alleget
424 2387 623 2457 experimenta.
663 2390 701 2441 Et
727 2390 830 2457 passim
857 2398 937 2442 taxat
966 2390 1121 2442 fabularum
1146 2388 1324 2449 architectos,
1355 2376 1511 2459 potur'tqiid'

154 2470 264 2525 nemine
286 2478 456 2539 suggerente
478 2469 544 2521 illud
565 2468 703 2538 cogitare,
729 2480 809 2538 turpe
830 2488 891 2523 esse
912 2471 1031 2532 doctori,
1056 2488 1115 2523 cum
1136 2470 1220 2538 culpa
1241 2466 1385 2539 redarguit
1400 2464 1520 2551 ipmmip

154 2549 275 2604 Accedit
294 2549 433 2619 peculiare
455 2561 656 2618 argumentum,
677 2568 725 2602 eur
746 2558 773 2602 ot
796 2551 822 2603 in
843 2550 1037 2603 directionibus
1059 2551 1111 2619 ipsi
1130 2552 1210 2603 fidem
1231 2551 1364 2613 habeam,
1385 2544 1507 2625 Quqffi'd

155 2638 243 2685 tatem
258 2628 471 2682 declinationum
486 2630 613 2698 proponit
628 2629 675 2682 ille
689 2630 831 2699 perplexis
846 2631 936 2683 nescio
952 2631 1049 2700 quilius
1064 2631 1153 2683 curvis
1168 2630 1256 2693 lineis,
1271 2651 1302 2685 ro
1323 2628 1366 2683 ciro
1382 2622 1516 2703 adierant,
1562 2690 1566 2697 ,

154 2712 318 2779 medumque
339 2709 465 2761 metiendi
481 2710 703 2780 qualemcunque.
725 2729 777 2763 non
793 2711 973 2771 dissimulans,
989 2731 1019 2763 se
1033 2732 1065 2764 ro
1083 2712 1155 2766 dieu
1176 2710 1384 2779 particularium
1397 2704 1511 2777 dinem,

156 2790 264 2859 sianum
285 2789 430 2860 ignorare;
462 2807 514 2859 quo
534 2790 621 2843 minus
651 2802 807 2861 suspectum
829 2802 873 2843 est
894 2793 978 2860 ipsum
1000 2812 1031 2846 ro
1055 2787 1104 2845 tn.
1145 2792 1207 2861 Ego
1236 2808 1301 2844 vero
1326 2782 1505 2859 deprebenda'¹
1532 2788 1559 2815 ·“

156 2868 272 2937 W
290 2868 401 2923 illarum
421 2869 615 2923 dimensionum
635 2871 842 2941 geometricam,
865 2888 935 2941 quae
956 2874 1148 2941 propemodum
1169 2872 1239 2923 idem
1264 2877 1406 2939 praestat,
1429 2866 1501 2938 quot
1608 2872 1612 2878 “

154 2942 245 3025 ipitius
263 2944 404 3015 decorator
424 2966 524 3003 curvae
546 2951 654 3005 lineae:
680 2966 816 3005 neccaro
838 2954 871 3005 de
891 2952 1140 3021 discrepatiuncula
1166 2952 1293 3012 minima;
1321 2967 1383 3003 nam
1404 2964 1507 3005 seusus

154 3030 183 3086 in
203 3029 284 3085 hbes
305 3029 458 3083 tenerrimis
479 3030 676 3098 experimentis
696 3046 728 3085 ac
743 3033 904 3099 praesertim
926 3034 953 3085 in
968 3042 1025 3086 tam
1045 3032 1137 3101 parvis
1157 3032 1279 3101 globulis
1294 3050 1348 3084 non
1362 3026 1504 3083 descendit

152 3112 190 3167 ul
210 3108 332 3167 mima
375 3110 466 3163 Causa
488 3126 567 3181 quam
588 3112 645 3164 dixi
674 3113 844 3183 geometrica
864 3115 934 3166 haec
959 3121 1019 3167 est:
1049 3113 1078 3167 in
1098 3114 1184 3182 globo
1208 3112 1365 3183 magnetico
1393 3108 1505 3163 dimidia

155 3196 224 3265 μὴ
245 3189 398 3261 porrigitur
418 3191 445 3244 in
466 3192 681 3260 septentriones,
711 3193 820 3245 dimidia
840 3194 867 3247 in
889 3204 1029 3248 austrum:
1059 3194 1131 3247 etsi
1157 3194 1350 3247 ferramentum
1371 3207 1422 3245 seu
1440 3205 1503 3267 req
1540 3194 1557 3247 '.'

155 3272 260 3327 terium
282 3271 319 3323 sit
339 3270 367 3322 in
388 3271 582 3340 aequinoctiali
602 3273 718 3343 globuli,
740 3273 867 3343 dirigitur
888 3277 1040 3344 parallelos
1061 3275 1108 3327 axi
1129 3275 1245 3344 globuli,
1267 3291 1320 3327 non
1340 3270 1504 3333 inclinatum
1532 3288 1547 3309 ··

156 3353 179 3407 si
204 3352 270 3405 inde
301 3350 385 3402 tuerit
415 3351 555 3422 digressa,
585 3353 741 3407 inclinatur.
790 3355 885 3424 ltaque
916 3356 1039 3408 dimidius
1068 3356 1169 3425 globus
1199 3355 1225 3408 in
1256 3369 1339 3407 causa
1368 3355 1504 3407 versatur.

157 3434 289 3493 causum
310 3430 397 3483 omnis
419 3431 565 3485 declinatio
587 3433 613 3486 in
635 3451 688 3485 uno
709 3442 739 3485 et
759 3436 851 3486 eodem
873 3435 973 3488 circulo
999 3437 1116 3489 maximo
1138 3453 1189 3505 per
1209 3437 1286 3504 polos
1307 3438 1390 3487 eunte
1410 3448 1504 3487 ιιιιιιιο·

270 3512 340 3583 quod
363 3511 423 3564 inde
444 3513 488 3575 fit,
512 3513 576 3583 quia
602 3513 747 3566 declinatio
776 3515 861 3567 carnis
882 3518 916 3568 ad
938 3517 1016 3584 polos
1040 3516 1140 3585 vergit.
1181 3513 1296 3569 Etiamsi
1317 3514 1389 3567 enim
1408 3529 1428 3565 a
1447 3511 1505 3582 pri·

164 3662 168 3667 ¹
201 3660 204 3665 Ι
253 3592 314 3647 leco
337 3599 479 3645 moveatur
500 3594 650 3647 versorium
665 3597 699 3647 ad
714 3602 802 3647 ortum
815 3596 867 3649 sub
880 3598 976 3649 eodem
995 3597 1133 3665 parallelo
1148 3597 1241 3650 etsub
1255 3597 1350 3648 eadem
1371 3592 1505 3647 distantia

155 3688 176 3729 a
191 3671 387 3745 pclct'itaque
409 3672 522 3735 aecidat,
546 3682 576 3726 ut
591 3691 649 3727 oum
670 3675 746 3743 prius
765 3676 818 3729 sub
837 3674 995 3739 meridiane,
1005 3676 1084 3745 primi
1098 3675 1151 3729 loci
1171 3675 1357 3737 declinaverit,
1374 3674 1447 3743 jam·

156 3754 209 3821 ab
229 3750 292 3817 illc,
311 3753 360 3805 s'ed
380 3754 432 3806 sub
453 3754 508 3807 alio
530 3756 678 3808 meridiano
701 3756 823 3809 abnuens
838 3771 857 3810 a
869 3756 972 3809 vertice
991 3757 1071 3825 primi
1091 3756 1249 3810 meridiani:
1271 3766 1364 3809 tamen
1376 3688 1523 3891 boc&

157 3830 286 3905 reuitp'u
306 3848 416 3886 censum
438 3834 637 3897 declinationis,
659 3835 725 3905 quia
744 3834 885 3891 meridiani
905 3834 1002 3891 infiniti
1023 3844 1096 3901 sunt,
1117 3838 1209 3890 nullus
1227 3837 1282 3891 alio
1303 3826 1471 3911 potiorjtlt'

1424 3892 1442 3907 ’,ι
1456 3888 1470 3899 ι.
1488 3896 1498 3903 ,,
1511 3884 1518 3899 Ι

156 3896 357 3977 illu‚solum
385 3922 537 3969 ceterorum
567 3916 765 3969 declinationes
794 3925 1001 3986 comparentur;
1032 3919 1112 3986 palus
1132 3935 1198 3971 vero
1218 3926 1263 3971 est
1287 3917 1397 3979 unicus,
1417 3920 1448 3969 et
1467 3904 1518 3977 αἶ’·

201 3984 238 4007 ”““
257 4001 453 4063 comparantur
473 3996 670 4049 declinationes
692 3997 808 4051 omnium
829 3999 923 4066 apolo
944 3998 1144 4053 distantiarum.
1170 3998 1215 4051 Ex
1237 3997 1334 4068 quibus
1355 3990 1510 4057 conficitur,

143 3992 298 4229 &aar
317 4074 396 4143 globi
418 4077 452 4129 ad
473 4078 681 4131 mensurandam
707 4078 914 4131 declinationem
935 4097 989 4131 non
1011 4078 1133 4131 adhiberi
1161 4078 1334 4147 corpulentia
1353 4093 1417 4139 sua,
1439 4076 1505 4146 quia

271 4153 419 4207 declinatio
440 4154 467 4209 ia
488 4156 601 4227 longum
621 4166 651 4209 et
673 4157 772 4219 latum,
802 4158 842 4210 uti
863 4159 932 4219 dini,
966 4161 1012 4210 sed
1034 4166 1140 4212 tantum
1160 4158 1189 4212 in
1209 4160 1295 4212 latum
1323 4157 1504 4213 mensurando

156 4222 297 4307 prae'itat.
326 4232 377 4287 [bi
398 4234 421 4287 si
442 4235 526 4290 ctiam
545 4236 580 4289 ad
600 4236 712 4307 longum
733 4239 873 4306 respicias,
895 4239 1041 4291 declinatio
1063 4239 1153 4307 lintius
1174 4240 1252 4292 nulla
1272 4247 1313 4290 est
1336 4238 1362 4290 in
1378 4238 1502 4308 longum,

156 4332 191 4371 ee
212 4314 289 4384 ipso,
322 4316 392 4385 quod
415 4315 470 4369 dixi
500 4317 708 4370 declinationem
729 4318 934 4383 inmeridiano,
967 4320 1011 4388 qui
1032 4320 1145 4389 globum
1175 4320 1290 4373 bisecat.
1329 4317 1504 4388 Relinquitur

156 4412 235 4469 erge,
257 4395 283 4448 si
303 4394 439 4448 dimidium
459 4397 536 4466 globi
558 4407 699 4451 mensurat
723 4399 933 4459 declinationes,
962 4419 1014 4452 non
1035 4406 1174 4453 mensurat
1201 4410 1291 4453 autem
1320 4398 1501 4468 corpulentia,
1584 4398 1591 4413 '

156 4475 330 4531 mensurabit
352 4474 437 4546 igitur
464 4478 565 4530 circulo
591 4478 709 4532 maximo
730 4497 777 4532 seu
805 4481 886 4547 plano
913 4480 1054 4533 meridiani
1079 4496 1129 4549 per
1154 4490 1276 4534 centrum
1296 4486 1392 4542 eunte,
1417 4479 1501 4548 plano

157 4558 271 4629 iuquam
292 4555 407 4619 bisecto,
429 4557 494 4626 quia
515 4566 544 4611 et
563 4560 638 4629 globi
661 4559 795 4613 dimidium
818 4566 922 4613 tantum
944 4561 1098 4614 assumitur.

246 4637 292 4691 Sit
305 4637 377 4691 ΔΕΒ
392 4642 459 4710 (rig.
486 4641 550 4697 133)
570 4640 753 4693 semicirculus
768 4640 845 4710 globi
867 4641 1015 4710 magnetici
1029 4658 1078 4695 seu
1099 4640 1280 4700 telluriculac,
1302 4640 1352 4692 AB
1367 4639 1393 4691 in
1408 4638 1502 4709 aequi·

156 4718 282 4782 metiali,
305 4718 326 4771 C
347 4719 440 4785 polus,
464 4719 511 4771 ΕΙ)
537 4718 672 4773 dimidium
700 4720 769 4773 axis.
811 4725 843 4781 A,
865 4721 898 4784 E,
921 4723 947 4783 l'‚
971 4723 1003 4783 G,
1025 4723 1059 4784 H,
1082 4724 1102 4775 C
1124 4721 1221 4773 diversi
1247 4720 1352 4790 positus
1380 4720 1501 4774 versorii.

156 4802 305 4855 Ducentur
325 4815 362 4850 ex
381 4800 414 4862 E,
434 4801 463 4860 F,
483 4802 516 4859 G,
536 4800 563 4853 Η
583 4800 713 4871 paralleli
734 4800 786 4869 ipsi
805 4802 864 4854 AB.
897 4802 962 4855 Cum
984 4818 1051 4875 ergo
1072 4801 1219 4856 versarium
1244 4801 1272 4855 in
1292 4805 1318 4854 A
1344 4805 1388 4855 est
1406 4801 1501 4871 paral·

156 4882 247 4937 letum
268 4878 324 4955 ipsi
342 4879 404 4946 Da,
426 4896 477 4935 aco
498 4879 657 4947 inclinatur,
679 4880 745 4955 quia
765 4887 852 4939 tetam
870 4884 1054 4955 quantitatem
1073 4884 1145 4939 ΑΘΒ
1165 4882 1243 4953 plani
1269 4882 1441 4938 hebetante
1461 4898 1500 4949 se,
