3354 5504
632 311 694 363 rsa
712 310 817 373 unua
854 308 935 378 capue
952 308 981 360 t.
1099 260 1109 273 ,
1335 253 1338 259 -
1417 291 1483 367 305

139 486 228 569 phora
250 486 352 568 coepit
373 487 499 563 institui,
524 497 660 552 currente
684 499 751 552 rota
774 510 826 552 cur
845 509 951 553 urceus
966 489 1052 551 exit?
1093 488 1160 549 Hoc
1178 483 1256 548 enim
1271 483 1482 566 quaerebatur,

139 597 172 639 aa
192 596 299 639 omnes
323 576 507 653 distantiae,
540 599 615 660 quae
639 581 760 642 suntin
793 581 936 660 gradibus
968 578 1144 659 aequalibus
1165 572 1239 650 ΕΙ),
1273 574 1427 653 conjectae
1450 572 1482 634 iu

139 684 278 729 summam
303 667 497 729 ostenderent
527 670 707 731 anomaliam
736 669 866 733 mediam
887 667 954 733 DC.
1000 668 1044 730 At
1067 665 1202 747 operatio
1231 663 1388 745 respondit
1406 661 1481 732 mihi

139 755 171 817 de
191 756 253 819 ΝΒ
278 764 311 816 et
333 757 483 861 aqomalia
504 757 570 821 DO.

218 844 359 926 Denique
391 846 429 905 ad
461 848 579 909 modum
609 853 725 909 sextum
744 845 777 919 ²⁸²)
809 858 839 907 et
871 845 1109 925 proportionales
1139 849 1361 913 convertamur,
1407 857 1481 919 quae

139 941 203 997 sunt
229 942 321 1014 aptae
346 935 384 995 ad
409 935 695 998 demonstrationem
718 956 786 1016 cap.
811 936 946 999 XXXII.
979 933 1098 995 Etenim
1122 949 1252 1004 arcuum,
1277 930 1327 1010 qui
1350 948 1388 993 ex
1410 948 1483 991 een-

139 1033 179 1087 tro
203 1020 291 1085 Solis
312 1031 460 1103 apparent
483 1027 635 1104 aequales,
660 1028 846 1105 quantitates
869 1044 959 1086 verae
983 1023 1011 1083 in
1036 1023 1135 1084 orbita
1157 1029 1227 1083 sunt
1249 1020 1278 1080 in
1292 1017 1483 1100 proportione

139 1112 368 1175 munsterum:
392 1121 427 1174 ut
449 1125 560 1194 quanto
584 1114 640 1176 ΑΕ
664 1115 788 1195 longior,
813 1123 898 1176 tanto
923 1123 954 1176 et
977 1111 1040 1173 ED.
1088 1111 1130 1173 At
1164 1128 1233 1171 vere
1263 1109 1431 1189 aequalium
1455 1107 1484 1168 in

139 1202 236 1265 urbita
272 1220 392 1264 arcuum
428 1219 536 1265 morae
568 1205 639 1266 sdnt
670 1204 773 1267 itidem
801 1205 830 1265 in
861 1203 1051 1284 proportione
1086 1199 1307 1261 distantiarum.
1360 1194 1484 1268 Quanto

139 1290 212 1355 erim
241 1290 300 1354 ΕΙ)
331 1290 449 1370 longius
479 1293 573 1354 distat
601 1294 639 1354 ah
670 1296 713 1367 A,
752 1303 837 1355 tanto
866 1302 896 1354 et
921 1291 1030 1353 diutius
1055 1297 1191 1351 vereatur
1213 1289 1337 1368 planeta
1359 1286 1389 1347 iu
1412 1305 1485 1347 arcu

139 1379 199 1445 ul).
247 1379 354 1442 Morae
368 1380 468 1459 igitur,
495 1401 569 1461 quas
592 1383 686 1443 nectit
709 1384 832 1462 planeta
850 1382 879 1442 in
904 1381 963 1443 illis
987 1380 1123 1453 arcubus,
1146 1377 1256 1461 quiex
1280 1382 1381 1437 centro
1401 1372 1485 1438 Solis
1606 1454 1610 1463 Ι

140 1477 287 1551 apparent
314 1469 474 1548 aequales,
512 1479 582 1533 sunt
613 1471 641 1532 in
666 1472 758 1551 dupla
779 1471 970 1550 proportione
994 1468 1213 1530 distantiarum.
1259 1466 1369 1529 Ateio
1393 1463 1486 1526 stiam

140 1558 190 1623 tl*
212 1559 255 1620 ad
277 1559 338 1620 ΑΗ
361 1559 476 1620 radium
500 1561 528 1623 in
553 1561 644 1640 dupla
667 1571 715 1622 est
737 1561 928 1640 proportione
961 1559 1054 1639 ipsius
1077 1555 1134 1619 Ac
1167 1557 1217 1619 vel
1238 1550 1298 1619 ΔΕ
1319 1552 1484 1617 distantiae

140 1648 174 1711 nd
194 1648 259 1713 ΔΗ
283 1647 469 1711 mediocrem.
511 1652 616 1730 Itaque
640 1669 797 1720 morarum,
822 1669 896 1728 quaa
918 1648 1012 1711 nectit
1028 1647 1152 1726 planeta
1169 1645 1200 1707 in
1220 1640 1363 1727 gradihus
1382 1641 1485 1721 anguli

140 1736 223 1801 ΕΔΒ
248 1737 435 1816 aequalibus,
460 1757 616 1801 mensurae
639 1749 709 1800 sunt
732 1741 829 1801 lineae
848 1735 920 1813 AG,
944 1737 1000 1799 AF
1021 1733 1261 1816 proportionales
1278 1739 1485 1815 competentes

140 1825 273 1907 ejusdem
295 1825 383 1887 ΕΑΒ
407 1829 507 1907 anguli
532 1828 700 1891 anomaliae
724 1848 793 1889 vere
817 1836 1000 1909 coaequatae
1024 1825 1165 1906 gradibus
1187 1820 1323 1907 integris·
1336 1828 1389 1883 teu
1412 1838 1485 1900 par-

140 1915 216 1979 utus
241 1914 428 1996 aequalibus.
873 1928 879 1940 ·

226 2002 396 2066 Probentur
432 2023 503 2083 ergo
535 2005 577 2066 sic
609 2006 848 2086 proportionales
878 2003 1087 2067 distantiarum
1124 2002 1163 2063 ad
1200 2001 1341 2083 aequales
1374 1998 1485 2079 gradus

142 2100 331 2174 adaequatae
363 2094 545 2167 anomaliae,
575 2104 609 2156 ut
636 2116 727 2176 supra
754 2096 810 2157 hoc
835 2094 933 2171 eapite
957 2094 1104 2172 probatae
1128 2098 1199 2152 sunt
1220 2091 1298 2151 aliae
1322 2088 1413 2151 etiam
1437 2087 1484 2148 di-

141 2183 286 2247 stantiae.
332 2181 374 2243 Ut
398 2184 467 2264 quia
490 2178 675 2259 35692048,
705 2204 820 2246 summa
852 2184 1060 2244 distantiarum
1084 2172 1210 2241 tmuium
1237 2176 1302 2243 360
1324 2179 1361 2238 ad
1384 2195 1487 2238 omues
1565 2183 1576 2208 0

142 2268 201 2337 ³00
224 2279 333 2354 partes
356 2274 457 2353 anguli
482 2273 520 2334 ad
545 2273 646 2335 Solem
671 2275 822 2355 aequales,
847 2275 930 2333 valet
948 2290 1061 2341 mamm
1075 2267 1167 2340 360⁰,
1190 2269 1259 2350 quid
1276 2270 1488 2329 valetsumma

141 2362 221 2442 jueta
245 2370 278 2422 et
301 2372 437 2423 correcta
459 2365 499 2424 ad
522 2364 671 2443 quoslibet
694 2363 805 2444 gradus
829 2362 996 2423 anomaliae
1020 2358 1232 2443 coaequatae?

629 2522 695 2584 Hoc
718 2532 807 2603 pacto
832 2522 999 2585 iuvenitur:

158 2631 191 2689 td
220 2629 376 2685 anomaliae
451 2630 557 2685 medias
578 2648 643 2685 auo·
680 2622 683 2659 ¹
724 2649 791 2703 quas
811 2632 918 2686 vicaria
992 2630 1158 2686 Differentia

184 2717 361 2781 coaequatae
494 2711 595 2764 malias
773 2711 864 2782 prodit
945 2738 952 2747 ·

253 2787 309 2845 41⁰
455 2784 578 2846 48024‘
620 2788 658 2846 3⁴¹
727 2786 849 2849 48019‘
891 2786 930 2845 2“
1019 2785 1048 2844 δ’
1091 2795 1126 2861 †
1185 2855 1191 2867 ι

253 2864 292 2926 81
455 2863 502 2928 91.
532 2868 576 2924 30.
600 2867 637 2925 39
727 2867 774 2928 91.
805 2868 849 2928 31.
890 2867 910 2927 8
1020 2867 1062 2941 ³¹!
1094 2900 1134 2911 —
1224 2875 1487 2928 coinciditcumiilir

256 2943 293 3004 91
437 2943 502 3005 101.
532 2946 638 3007 2810
709 2945 774 3007 101.
805 2948 850 3009 tt.
891 2952 910 3007 7
1020 2946 1037 3004 6
1074 2980 1131 3001 .-
1259 2950 1347 3012 capitis
1365 2945 1452 2998 XLIX.

237 3022 293 3085 tal
438 3024 503 3086 138.
532 3025 578 3087 28.
619 3027 636 3084 5
710 3026 775 3088 138.
805 3027 850 3088 39.
872 3026 910 3086 28
1001 3025 1034 3087 11
1089 3060 1131 3071 -
1198 2972 1208 3102 i

228 3160 378 3238 Arguitur
409 3161 515 3222 iterum
552 3162 761 3224 eccentricitas
784 3163 879 3225 minor
898 3163 1001 3242 justo:
1036 3182 1095 3247 qua
1118 3163 1291 3232 emendata,
1322 3159 1490 3222 differentia
1606 3236 1614 3249 „

145 3268 234 3332 supra
257 3249 298 3311 ad
320 3245 381 3312 41⁰
403 3252 462 3313 erit
484 3251 602 3313 circiter
624 3249 655 3314 8‘
680 3248 731 3329 -l-,
756 3254 834 3314 infra
857 3252 975 3314 circiter
989 3245 1064 3336 'i'l2‘
1088 3285 1138 3325 -,
1163 3261 1196 3313 nt
1216 3253 1262 3313 hio
1281 3269 1395 3332 quoque
1410 3250 1490 3329 apud

144 3340 266 3423 apsidas
290 3338 415 3418 planeta
437 3358 494 3400 non
520 3341 596 3402 satis
619 3342 706 3401 velox
730 3342 791 3414 fiat,
816 3343 918 3422 itaque
941 3344 1007 3421 plus
1027 3343 1110 3422 justo
1131 3342 1342 3403 distantiarum
1358 3338 1490 3400 siteirca

144 3429 285 3510 apsidas3
314 3420 412 3521 ηάρι
444 3429 536 3506 igitur
563 3431 648 3509 justo
680 3431 708 3489 in
734 3430 968 3507 longitudinibus
992 3432 1107 3491 mediis.
1155 3429 1216 3492 Sed
1245 3429 1408 3509 propinque
1432 3427 1489 3488 ad·

144 3518 263 3582 modum
288 3517 326 3577 ad
339 3514 452 3593 aarum
477 3519 603 3592 accedit,
630 3528 661 3579 et
679 3538 745 3579 cum
759 3520 899 3579 methodo
915 3538 980 3600 cap.
992 3520 1109 3584 XLIX.
1126 3521 1213 3598 plane
1228 3517 1380 3581 coincidit.
1408 3517 1490 3580 Nam

143 3608 165 3671 ai
185 3606 267 3670 bene
291 3606 470 3687 perpendas,
493 3606 571 3667 idern
595 3606 642 3669 hic
659 3614 757 3669 actum
773 3607 850 3685 qnod
866 3627 932 3687 cap.
948 3608 1063 3671 xant.
1093 3609 1158 3670 Illic
1168 3616 1286 3688 partem
1302 3605 1490 3687 aequationis

144 3696 273 3779 cpticam
298 3696 423 3757 seorsim
447 3697 699 3776 computavimus,
732 3704 850 3774 partem
872 3697 1025 3779 physicam
1052 3697 1155 3758 itidem
1182 3696 1328 3759 seorsim:
1352 3695 1402 3759 hic
1418 3713 1489 3757 vero

143 3794 299 3866 utramque
324 3793 529 3864 computamus
542 3786 678 3865 junctim.
718 3786 782 3847 illic
797 3785 920 3847 fictitios
939 3786 1040 3847 radios
1058 3787 1205 3848 virtuosos
1221 3786 1489 3865 introdussrrmus,

143 3883 174 3938 ut
203 3892 364 3954 possemus
397 3874 529 3955 epicyclo
561 3894 646 3936 suum
676 3875 769 3959 etiam
798 3893 871 3953 opus
896 3875 1065 3936 adscribere
1089 3876 1256 3938 extricandi
1280 3892 1348 3937 sese
1369 3870 1491 3939 saillis

143 3963 258 4029 fictitiis
281 3963 375 4025 radiis
399 3963 488 4036 (nulli
511 3964 588 4025 enim
612 3964 642 4026 iu
666 3965 708 4024 rei
733 3963 860 4025 veritate
883 3965 959 4026 radii
983 3964 1118 4025 intanta
1136 3964 1280 4026 tarditate
1299 3963 1490 4035 circumeunt,

143 4053 172 4117 iu
203 4071 266 4134 qua
290 4051 404 4113 incedit
426 4061 559 4115 centrum
584 4051 709 4135 epicycli
732 4053 909 4133 planetarii,
942 4061 975 4114 nt
1001 4070 1067 4132 cap.
1091 4052 1241 4118 XXXIX.
1267 4053 1403 4125 dictum).
1449 4052 1493 4114 ut
1569 4098 1578 4119 .

143 4151 247 4207 umen
272 4160 392 4203 omnem
415 4141 475 4203 vim
498 4141 654 4228 physicam
677 4141 902 4204 circumferendi
926 4143 1084 4222 planetae,
1108 4143 1185 4222 quod
1208 4144 1347 4205 effectum
1370 4141 1491 4212 attinet.

144 4229 208 4295 Soli
231 4229 422 4312 reliquimus,
447 4241 480 4293 ut
503 4232 654 4312 epicyclus
675 4232 881 4293 tantummodo
896 4232 1099 4293 moderaretur
1119 4232 1298 4294 distantias:
1323 4231 1371 4293 hic
1385 4230 1492 4293 eadem

143 4321 254 4385 virtute
278 4318 362 4382 Solis
394 4339 495 4382 snmus
519 4321 564 4383 usi
587 4322 626 4382 ad
649 4322 876 4383 translationem
906 4321 1081 4401 physicam;
1112 4320 1273 4383 distantias
1296 4339 1365 4383 vero
1389 4318 1492 4382 itidem

144 4428 181 4473 ex
212 4408 350 4490 epicycio
384 4410 619 4490 computavimus
657 4411 779 4490 eJusque
819 4418 924 4489 partes
961 4410 1101 4489 aequales
1141 4411 1324 4490 temporibus
1355 4409 1491 4471 dedimus

145 4498 339 4582 aequalibus,
390 4497 446 4558 hoc
494 4508 541 4561 eet
582 4499 747 4561 anomaliae
791 4499 907 4561 mediae
945 4499 1087 4577 gradibus
1124 4499 1311 4581 aequalibus,
1357 4505 1391 4560 ut
1427 4497 1492 4559 vult

148 4639 279 4650 *ιι-

196 4736 201 4746 ·
231 4701 260 4777 ⁸)
282 4705 334 4760 Hic
363 4705 458 4761 modus
486 4713 583 4763 sextus
611 4705 752 4763 levissima
779 4705 947 4762 mercatione
977 4721 1083 4770 eorum,
1111 4719 1182 4775 quae
1212 4705 1303 4776 opinio
1324 4719 1385 4775 oap.
1403 4703 1490 4763 XLV.

143 4786 524 4929 Qffifflberi
544 4793 639 4859 potest
659 4787 743 4844 etiam
762 4786 792 4843 in
811 4785 955 4845 verissima
982 4785 1131 4859 hypothesi
1155 4785 1290 4865 physica,
1313 4792 1410 4860 eamus
1430 4800 1491 4849 aaa
