<?xml version="1.0" encoding="UTF-8"?>
<!DOCTYPE html PUBLIC "-//W3C//DTD XHTML 1.0 Transitional//EN"
    "http://www.w3.org/TR/xhtml1/DTD/xhtml1-transitional.dtd">
<html xmlns="http://www.w3.org/1999/xhtml" xml:lang="en" lang="en">
 <head>
  <title>
</title>
<meta http-equiv="Content-Type" content="text/html;charset=utf-8" />
  <meta name='ocr-system' content='tesseract 3.04.00' />
  <meta name='ocr-capabilities' content='ocr_page ocr_carea ocr_par ocr_line ocrx_word'/>
</head>
<body>
  <div class='ocr_page' id='page_1' title='image "./joanniskepleria14frisgoog_0357.png"; bbox 0 0 3354 5504; ppageno 0'>
   <div class='ocr_carea' id='block_1_1' title="bbox 529 292 1418 366">
    <p class='ocr_par' dir='ltr' id='par_1_1' title="bbox 529 292 1418 366">
     <span class='ocr_line' id='line_1_1' title="bbox 529 292 1418 366; baseline 0.009 -19"><span class='ocrx_word' id='word_1_1' title='bbox 529 297 590 348; x_wconf 83' lang='lat' dir='ltr'>Pars</span> <span class='ocrx_word' id='word_1_2' title='bbox 608 294 713 358; x_wconf 63' lang='lat' dir='ltr'>Quarta.</span> <span class='ocrx_word' id='word_1_3' title='bbox 750 300 832 366; x_wconf 81' lang='lat' dir='ltr'>capnt</span> <span class='ocrx_word' id='word_1_4' title='bbox 849 299 964 353; x_wconf 76' lang='lat' dir='ltr'>xum</span> <span class='ocrx_word' id='word_1_5' title='bbox 1354 292 1418 364; x_wconf 78' lang='grc'>353</span> 
     </span>
    </p>
   </div>
   <div class='ocr_carea' id='block_1_2' title="bbox 71 475 1419 558">
    <p class='ocr_par' dir='ltr' id='par_1_2' title="bbox 71 475 1419 558">
     <span class='ocr_line' id='line_1_2' title="bbox 71 475 1419 558; baseline 0.001 -18"><span class='ocrx_word' id='word_1_6' title='bbox 71 482 150 540; x_wconf 80' lang='lat' dir='ltr'>mate</span> <span class='ocrx_word' id='word_1_7' title='bbox 173 477 249 551; x_wconf 88' lang='grc' dir='ltr'>ΒΗ,</span> <span class='ocrx_word' id='word_1_8' title='bbox 280 477 407 539; x_wconf 92' lang='lat' dir='ltr'>circulus</span> <span class='ocrx_word' id='word_1_9' title='bbox 430 476 503 552; x_wconf 89' lang='lat' dir='ltr'>HK,</span> <span class='ocrx_word' id='word_1_10' title='bbox 528 485 655 556; x_wconf 89' lang='lat' dir='ltr'>tangens</span> <span class='ocrx_word' id='word_1_11' title='bbox 679 479 807 558; x_wconf 86' lang='lat' dir='ltr'>priorem</span> <span class='ocrx_word' id='word_1_12' title='bbox 830 482 860 544; x_wconf 92' lang='lat' dir='ltr'>in</span> <span class='ocrx_word' id='word_1_13' title='bbox 883 480 921 543; x_wconf 86' lang='grc' dir='ltr'>Κ.</span> <span class='ocrx_word' id='word_1_14' title='bbox 967 479 1161 543; x_wconf 75' lang='lat' dir='ltr'><strong>Manifestum</strong></span> <span class='ocrx_word' id='word_1_15' title='bbox 1185 483 1252 552; x_wconf 90' lang='lat' dir='ltr'>est,</span> <span class='ocrx_word' id='word_1_16' title='bbox 1276 475 1419 541; x_wconf 82' lang='lat' dir='ltr'>circulum</span> 
     </span>
    </p>
   </div>
   <div class='ocr_carea' id='block_1_3' title="bbox 69 564 1535 650">
    <p class='ocr_par' dir='ltr' id='par_1_3' title="bbox 69 564 1535 650">
     <span class='ocr_line' id='line_1_3' title="bbox 69 564 1535 650; baseline 0.002 -23"><span class='ocrx_word' id='word_1_17' title='bbox 69 565 129 628; x_wconf 82' lang='lat' dir='ltr'>HK</span> <span class='ocrx_word' id='word_1_18' title='bbox 158 566 304 629; x_wconf 80' lang='lat' dir='ltr'><strong>minorem</strong></span> <span class='ocrx_word' id='word_1_19' title='bbox 333 586 400 629; x_wconf 88' lang='lat' dir='ltr'>esse</span> <span class='ocrx_word' id='word_1_20' title='bbox 425 586 512 646; x_wconf 86' lang='lat' dir='ltr'>quam</span> <span class='ocrx_word' id='word_1_21' title='bbox 535 567 608 640; x_wconf 90' lang='lat' dir='ltr'>DK,</span> <span class='ocrx_word' id='word_1_22' title='bbox 638 575 669 628; x_wconf 89' lang='lat' dir='ltr'>et</span> <span class='ocrx_word' id='word_1_23' title='bbox 692 570 831 633; x_wconf 89' lang='lat' dir='ltr'>circulum</span> <span class='ocrx_word' id='word_1_24' title='bbox 855 570 946 633; x_wconf 89' lang='lat' dir='ltr'>DGR</span> <span class='ocrx_word' id='word_1_25' title='bbox 974 571 1115 650; x_wconf 89' lang='lat' dir='ltr'>majorem</span> <span class='ocrx_word' id='word_1_26' title='bbox 1145 587 1212 631; x_wconf 86' lang='lat' dir='ltr'>esse</span> <span class='ocrx_word' id='word_1_27' title='bbox 1236 586 1325 648; x_wconf 87' lang='lat' dir='ltr'>quam</span> <span class='ocrx_word' id='word_1_28' title='bbox 1347 564 1417 630; x_wconf 85' lang='lat' dir='ltr'>DK.</span> <span class='ocrx_word' id='word_1_29' title='bbox 1531 610 1535 618; x_wconf 92' lang='lat'>.</span> 
     </span>
    </p>
   </div>
   <div class='ocr_carea' id='block_1_4' title="bbox 21 654 1505 4925">
    <p class='ocr_par' dir='ltr' id='par_1_4' title="bbox 66 654 1433 1520">
     <span class='ocr_line' id='line_1_4' title="bbox 68 654 1418 736; baseline 0.001 -20"><span class='ocrx_word' id='word_1_30' title='bbox 68 654 111 717; x_wconf 85' lang='lat' dir='ltr'>Et</span> <span class='ocrx_word' id='word_1_31' title='bbox 137 654 210 736; x_wconf 85' lang='lat' dir='ltr'>quia</span> <span class='ocrx_word' id='word_1_32' title='bbox 233 657 393 719; x_wconf 89' lang='lat' dir='ltr'>circulares</span> <span class='ocrx_word' id='word_1_33' title='bbox 417 656 674 718; x_wconf 79' lang='lat' dir='ltr'>circumferentiae</span> <span class='ocrx_word' id='word_1_34' title='bbox 697 669 768 722; x_wconf 91' lang='lat' dir='ltr'>sunt</span> <span class='ocrx_word' id='word_1_35' title='bbox 791 661 828 721; x_wconf 92' lang='lat' dir='ltr'>ad</span> <span class='ocrx_word' id='word_1_36' title='bbox 853 660 979 723; x_wconf 92' lang='lat' dir='ltr'>invicem</span> <span class='ocrx_word' id='word_1_37' title='bbox 1003 667 1036 721; x_wconf 90' lang='lat' dir='ltr'>ut</span> <span class='ocrx_word' id='word_1_38' title='bbox 1060 677 1161 721; x_wconf 90' lang='lat' dir='ltr'>earum</span> <span class='ocrx_word' id='word_1_39' title='bbox 1185 654 1418 720; x_wconf 75' lang='lat' dir='ltr'>semidiametri:</span> 
     </span>
     <span class='ocr_line' id='line_1_5' title="bbox 69 742 1418 828; baseline 0 -22"><span class='ocrx_word' id='word_1_40' title='bbox 69 751 103 806; x_wconf 88' lang='lat' dir='ltr'>ut</span> <span class='ocrx_word' id='word_1_41' title='bbox 125 742 220 823; x_wconf 89' lang='lat' dir='ltr'>igitur</span> <span class='ocrx_word' id='word_1_42' title='bbox 241 744 298 806; x_wconf 94' lang='lat' dir='ltr'>BD</span> <span class='ocrx_word' id='word_1_43' title='bbox 321 745 360 805; x_wconf 93' lang='lat' dir='ltr'>ad</span> <span class='ocrx_word' id='word_1_44' title='bbox 384 745 428 806; x_wconf 93' lang='lat' dir='ltr'>DI</span> <span class='ocrx_word' id='word_1_45' title='bbox 452 754 484 805; x_wconf 89' lang='lat' dir='ltr'>et</span> <span class='ocrx_word' id='word_1_46' title='bbox 500 745 565 816; x_wconf 92' lang='grc' dir='ltr'>ΒΗ,</span> <span class='ocrx_word' id='word_1_47' title='bbox 592 746 635 807; x_wconf 88' lang='lat' dir='ltr'>sic</span> <span class='ocrx_word' id='word_1_48' title='bbox 659 745 786 810; x_wconf 89' lang='lat' dir='ltr'>circulus</span> <span class='ocrx_word' id='word_1_49' title='bbox 808 750 905 828; x_wconf 88' lang='lat' dir='ltr'>major</span> <span class='ocrx_word' id='word_1_50' title='bbox 917 748 980 811; x_wconf 84' lang='grc' dir='ltr'>ΒΟ</span> <span class='ocrx_word' id='word_1_51' title='bbox 1003 749 1040 810; x_wconf 91' lang='lat' dir='ltr'>ad</span> <span class='ocrx_word' id='word_1_52' title='bbox 1063 749 1194 809; x_wconf 91' lang='lat' dir='ltr'>minores</span> <span class='ocrx_word' id='word_1_53' title='bbox 1217 745 1277 808; x_wconf 87' lang='grc' dir='ltr'>ΒΚ</span> <span class='ocrx_word' id='word_1_54' title='bbox 1300 752 1331 807; x_wconf 90' lang='lat' dir='ltr'>et</span> <span class='ocrx_word' id='word_1_55' title='bbox 1348 742 1418 807; x_wconf 74' lang='grc' dir='ltr'>ΚΗ.</span> 
     </span>
     <span class='ocr_line' id='line_1_6' title="bbox 69 831 1421 918; baseline 0.001 -22"><span class='ocrx_word' id='word_1_56' title='bbox 69 833 130 896; x_wconf 86' lang='lat' dir='ltr'>Sed</span> <span class='ocrx_word' id='word_1_57' title='bbox 163 831 211 895; x_wconf 93' lang='lat' dir='ltr'>DI</span> <span class='ocrx_word' id='word_1_58' title='bbox 242 841 289 895; x_wconf 91' lang='lat' dir='ltr'>est</span> <span class='ocrx_word' id='word_1_59' title='bbox 319 834 447 895; x_wconf 89' lang='lat' dir='ltr'>medium</span> <span class='ocrx_word' id='word_1_60' title='bbox 471 834 690 896; x_wconf 86' lang='lat' dir='ltr'>arithmeticum</span> <span class='ocrx_word' id='word_1_61' title='bbox 715 838 791 899; x_wconf 87' lang='lat' dir='ltr'>inter</span> <span class='ocrx_word' id='word_1_62' title='bbox 814 837 869 900; x_wconf 95' lang='lat' dir='ltr'>DB</span> <span class='ocrx_word' id='word_1_63' title='bbox 894 847 925 900; x_wconf 89' lang='lat' dir='ltr'>et</span> <span class='ocrx_word' id='word_1_64' title='bbox 948 839 1014 912; x_wconf 89' lang='grc' dir='ltr'>ΗΒ,</span> <span class='ocrx_word' id='word_1_65' title='bbox 1039 837 1109 918; x_wconf 91' lang='lat' dir='ltr'>quia</span> <span class='ocrx_word' id='word_1_66' title='bbox 1130 836 1173 897; x_wconf 93' lang='grc' dir='ltr'>ΒΙ</span> <span class='ocrx_word' id='word_1_67' title='bbox 1194 841 1244 896; x_wconf 87' lang='lat' dir='ltr'>est</span> <span class='ocrx_word' id='word_1_68' title='bbox 1266 832 1421 897; x_wconf 84' lang='lat' dir='ltr'>dimidium</span> 
     </span>
     <span class='ocr_line' id='line_1_7' title="bbox 68 914 1433 1007; baseline 0.001 -24"><span class='ocrx_word' id='word_1_69' title='bbox 68 922 163 1002; x_wconf 85' lang='lat' dir='ltr'>ipsius</span> <span class='ocrx_word' id='word_1_70' title='bbox 185 922 255 985; x_wconf 90' lang='lat' dir='ltr'>HD.</span> <span class='ocrx_word' id='word_1_71' title='bbox 293 922 375 1003; x_wconf 83' lang='lat' dir='ltr'>Ergo</span> <span class='ocrx_word' id='word_1_72' title='bbox 399 924 491 984; x_wconf 88' lang='lat' dir='ltr'>etiam</span> <span class='ocrx_word' id='word_1_73' title='bbox 513 923 640 984; x_wconf 80' lang='lat' dir='ltr'>circulus</span> <span class='ocrx_word' id='word_1_74' title='bbox 655 923 723 994; x_wconf 86' lang='grc' dir='ltr'>ΒΚ,</span> <span class='ocrx_word' id='word_1_75' title='bbox 749 933 876 1007; x_wconf 90' lang='lat' dir='ltr'>tangens</span> <span class='ocrx_word' id='word_1_76' title='bbox 891 928 1035 989; x_wconf 87' lang='lat' dir='ltr'>minorem</span> <span class='ocrx_word' id='word_1_77' title='bbox 1054 934 1086 988; x_wconf 87' lang='lat' dir='ltr'>et</span> <span class='ocrx_word' id='word_1_78' title='bbox 1099 925 1244 1005; x_wconf 90' lang='lat' dir='ltr'>majorem</span> <span class='ocrx_word' id='word_1_79' title='bbox 1259 943 1296 985; x_wconf 83' lang='lat' dir='ltr'>ex</span> <span class='ocrx_word' id='word_1_80' title='bbox 1314 914 1433 985; x_wconf 69' lang='lat' dir='ltr'>eodem&#39;</span> 
     </span>
     <span class='ocr_line' id='line_1_8' title="bbox 66 1011 1428 1092; baseline 0.001 -18"><span class='ocrx_word' id='word_1_81' title='bbox 66 1012 222 1074; x_wconf 88' lang='lat' dir='ltr'>Bcentro</span> <span class='ocrx_word' id='word_1_82' title='bbox 256 1011 437 1091; x_wconf 88' lang='lat' dir='ltr'>descriptos,</span> <span class='ocrx_word' id='word_1_83' title='bbox 471 1020 519 1073; x_wconf 92' lang='lat' dir='ltr'>est</span> <span class='ocrx_word' id='word_1_84' title='bbox 551 1013 680 1074; x_wconf 89' lang='lat' dir='ltr'>medinm</span> <span class='ocrx_word' id='word_1_85' title='bbox 712 1015 933 1079; x_wconf 89' lang='lat' dir='ltr'>arithmeticum</span> <span class='ocrx_word' id='word_1_86' title='bbox 961 1017 1040 1078; x_wconf 90' lang='lat' dir='ltr'>inter</span> <span class='ocrx_word' id='word_1_87' title='bbox 1071 1015 1141 1077; x_wconf 89' lang='lat' dir='ltr'>illos</span> <span class='ocrx_word' id='word_1_88' title='bbox 1169 1013 1315 1085; x_wconf 90' lang='lat' dir='ltr'>circulos,</span> <span class='ocrx_word' id='word_1_89' title='bbox 1345 1018 1428 1092; x_wconf 68' lang='lat' dir='ltr'>qnos*</span> 
     </span>
     <span class='ocr_line' id='line_1_9' title="bbox 67 1098 1421 1186; baseline 0 -25"><span class='ocrx_word' id='word_1_90' title='bbox 67 1099 180 1181; x_wconf 73' lang='lat' dir='ltr'>tangit.</span> <span class='ocrx_word' id='word_1_91' title='bbox 227 1098 342 1172; x_wconf 82' lang='lat' dir='ltr'>Quodsi</span> <span class='ocrx_word' id='word_1_92' title='bbox 365 1101 415 1162; x_wconf 86' lang='lat' dir='ltr'>via</span> <span class='ocrx_word' id='word_1_93' title='bbox 437 1102 533 1162; x_wconf 86' lang='lat' dir='ltr'>uvalis</span> <span class='ocrx_word' id='word_1_94' title='bbox 558 1102 754 1179; x_wconf 88' lang='lat' dir='ltr'>continuetur,</span> <span class='ocrx_word' id='word_1_95' title='bbox 779 1123 817 1166; x_wconf 84' lang='lat' dir='ltr'>ex</span> <span class='ocrx_word' id='word_1_96' title='bbox 840 1105 995 1186; x_wconf 87' lang='lat' dir='ltr'>supposito</span> <span class='ocrx_word' id='word_1_97' title='bbox 1019 1112 1126 1183; x_wconf 90' lang='lat' dir='ltr'>tanget</span> <span class='ocrx_word' id='word_1_98' title='bbox 1137 1111 1174 1169; x_wconf 80' lang='lat' dir='ltr'>‚et</span> <span class='ocrx_word' id='word_1_99' title='bbox 1191 1101 1421 1182; x_wconf 73' lang='lat' dir='ltr'>ipsa&#39;majurem</span> 
     </span>
     <span class='ocr_line' id='line_1_10' title="bbox 68 1188 1419 1271; baseline -0.001 -20"><span class='ocrx_word' id='word_1_100' title='bbox 68 1190 212 1253; x_wconf 64' lang='lat' dir='ltr'>ciculum</span> <span class='ocrx_word' id='word_1_101' title='bbox 237 1191 266 1252; x_wconf 89' lang='lat' dir='ltr'>in</span> <span class='ocrx_word' id='word_1_102' title='bbox 289 1189 408 1271; x_wconf 88' lang='lat' dir='ltr'>aphelio</span> <span class='ocrx_word' id='word_1_103' title='bbox 431 1190 459 1251; x_wconf 95' lang='lat' dir='ltr'>D</span> <span class='ocrx_word' id='word_1_104' title='bbox 483 1198 515 1251; x_wconf 91' lang='lat' dir='ltr'>et</span> <span class='ocrx_word' id='word_1_105' title='bbox 536 1191 681 1268; x_wconf 81' lang='lat' dir='ltr'>perihelio</span> <span class='ocrx_word' id='word_1_106' title='bbox 703 1193 747 1267; x_wconf 90' lang='lat' dir='ltr'>R,</span> <span class='ocrx_word' id='word_1_107' title='bbox 779 1195 923 1257; x_wconf 90' lang='lat' dir='ltr'>minorem</span> <span class='ocrx_word' id='word_1_108' title='bbox 952 1213 1024 1256; x_wconf 86' lang='lat' dir='ltr'>vero</span> <span class='ocrx_word' id='word_1_109' title='bbox 1047 1193 1107 1255; x_wconf 88' lang='lat' dir='ltr'>HK</span> <span class='ocrx_word' id='word_1_110' title='bbox 1129 1193 1161 1254; x_wconf 92' lang='lat' dir='ltr'>in</span> <span class='ocrx_word' id='word_1_111' title='bbox 1184 1188 1419 1271; x_wconf 74' lang='lat' dir='ltr'>longitudinibus</span> 
     </span>
     <span class='ocr_line' id='line_1_11' title="bbox 67 1279 1418 1362; baseline -0.001 -20"><span class='ocrx_word' id='word_1_112' title='bbox 67 1279 184 1354; x_wconf 88' lang='lat' dir='ltr'>mediis,</span> <span class='ocrx_word' id='word_1_113' title='bbox 210 1286 244 1342; x_wconf 94' lang='lat' dir='ltr'>nt</span> <span class='ocrx_word' id='word_1_114' title='bbox 267 1279 312 1340; x_wconf 89' lang='lat' dir='ltr'>ita</span> <span class='ocrx_word' id='word_1_115' title='bbox 334 1280 376 1340; x_wconf 87' lang='lat' dir='ltr'>sit</span> <span class='ocrx_word' id='word_1_116' title='bbox 398 1280 493 1358; x_wconf 90' lang='lat' dir='ltr'>maj0r</span> <span class='ocrx_word' id='word_1_117' title='bbox 516 1279 620 1340; x_wconf 86' lang='lat' dir='ltr'>minori</span> <span class='ocrx_word' id='word_1_118' title='bbox 643 1281 715 1355; x_wconf 87' lang='lat' dir='ltr'>HK,</span> <span class='ocrx_word' id='word_1_119' title='bbox 749 1284 845 1345; x_wconf 92' lang='lat' dir='ltr'>minor</span> <span class='ocrx_word' id='word_1_120' title='bbox 868 1284 972 1362; x_wconf 87' lang='lat' dir='ltr'>majori</span> <span class='ocrx_word' id='word_1_121' title='bbox 997 1283 1107 1345; x_wconf 88' lang='lat' dir='ltr'>circulo</span> <span class='ocrx_word' id='word_1_122' title='bbox 1129 1280 1198 1343; x_wconf 87' lang='grc' dir='ltr'>ΒΒ.</span> <span class='ocrx_word' id='word_1_123' title='bbox 1245 1279 1418 1344; x_wconf 83' lang='lat' dir='ltr'>Consenta-</span> 
     </span>
     <span class='ocr_line' id='line_1_12' title="bbox 67 1366 1420 1449; baseline 0.001 -18"><span class='ocrx_word' id='word_1_124' title='bbox 67 1388 155 1431; x_wconf 89' lang='lat' dir='ltr'>neum</span> <span class='ocrx_word' id='word_1_125' title='bbox 189 1368 281 1448; x_wconf 86' lang='lat' dir='ltr'>igitur</span> <span class='ocrx_word' id='word_1_126' title='bbox 308 1380 370 1443; x_wconf 91' lang='lat' dir='ltr'>est,</span> <span class='ocrx_word' id='word_1_127' title='bbox 403 1388 461 1429; x_wconf 94' lang='lat' dir='ltr'>non</span> <span class='ocrx_word' id='word_1_128' title='bbox 493 1369 579 1445; x_wconf 90' lang='lat' dir='ltr'>longe</span> <span class='ocrx_word' id='word_1_129' title='bbox 612 1369 719 1431; x_wconf 88' lang='lat' dir='ltr'>abesse</span> <span class='ocrx_word' id='word_1_130' title='bbox 752 1373 869 1435; x_wconf 89' lang='lat' dir='ltr'>evalem</span> <span class='ocrx_word' id='word_1_131' title='bbox 899 1371 1170 1435; x_wconf 85' lang='lat' dir='ltr'>circumferentiam</span> <span class='ocrx_word' id='word_1_132' title='bbox 1187 1389 1212 1430; x_wconf 78' lang='lat' dir='ltr'>a</span> <span class='ocrx_word' id='word_1_133' title='bbox 1234 1366 1420 1449; x_wconf 77' lang='lat' dir='ltr'>longitudine</span> 
     </span>
     <span class='ocr_line' id='line_1_13' title="bbox 68 1457 1152 1520; baseline -0.001 0"><span class='ocrx_word' id='word_1_134' title='bbox 68 1458 225 1520; x_wconf 74' lang='lat' dir='ltr'>annularis</span> <span class='ocrx_word' id='word_1_135' title='bbox 248 1457 506 1520; x_wconf 78' lang='lat' dir='ltr'>circumferentiae</span> <span class='ocrx_word' id='word_1_136' title='bbox 528 1457 598 1520; x_wconf 89' lang='grc' dir='ltr'>ΒΚ.</span> <span class='ocrx_word' id='word_1_137' title='bbox 1082 1468 1085 1478; x_wconf 91' lang='grc'><strong><em>·</em></strong></span> <span class='ocrx_word' id='word_1_138' title='bbox 1149 1462 1152 1469; x_wconf 87' lang='grc'><strong>“</strong></span> 
     </span>
    </p>

    <p class='ocr_par' dir='ltr' id='par_1_5' title="bbox 21 1543 1505 4643">
     <span class='ocr_line' id='line_1_14' title="bbox 154 1543 1417 1625; baseline 0 -16"><span class='ocrx_word' id='word_1_139' title='bbox 154 1547 252 1610; x_wconf 91' lang='lat' dir='ltr'>Panlo</span> <span class='ocrx_word' id='word_1_140' title='bbox 269 1555 370 1608; x_wconf 91' lang='lat' dir='ltr'>tamen</span> <span class='ocrx_word' id='word_1_141' title='bbox 385 1547 529 1625; x_wconf 83' lang='lat' dir='ltr'>majorem</span> <span class='ocrx_word' id='word_1_142' title='bbox 548 1547 669 1609; x_wconf 87' lang='lat' dir='ltr'>credere</span> <span class='ocrx_word' id='word_1_143' title='bbox 687 1548 761 1611; x_wconf 88' lang='lat' dir='ltr'>facit</span> <span class='ocrx_word' id='word_1_144' title='bbox 775 1550 851 1612; x_wconf 89' lang='lat' dir='ltr'>haec</span> <span class='ocrx_word' id='word_1_145' title='bbox 871 1549 1098 1621; x_wconf 76' lang='lat' dir='ltr'>demonstratio,</span> <span class='ocrx_word' id='word_1_146' title='bbox 1121 1545 1263 1611; x_wconf 88' lang='lat' dir='ltr'>Sumatur</span> <span class='ocrx_word' id='word_1_147' title='bbox 1286 1543 1417 1609; x_wconf 89' lang='lat' dir='ltr'>medium</span> 
     </span>
     <span class='ocr_line' id='line_1_15' title="bbox 69 1635 1126 1718; baseline 0.001 -20"><span class='ocrx_word' id='word_1_148' title='bbox 69 1635 296 1718; x_wconf 86' lang='lat' dir='ltr'>proportionale</span> <span class='ocrx_word' id='word_1_149' title='bbox 320 1636 397 1697; x_wconf 91' lang='lat' dir='ltr'>inter</span> <span class='ocrx_word' id='word_1_150' title='bbox 419 1637 476 1696; x_wconf 87' lang='grc' dir='ltr'>ΒΗ</span> <span class='ocrx_word' id='word_1_151' title='bbox 500 1644 531 1697; x_wconf 88' lang='lat' dir='ltr'>et</span> <span class='ocrx_word' id='word_1_152' title='bbox 553 1636 623 1710; x_wconf 95' lang='lat' dir='ltr'>BD,</span> <span class='ocrx_word' id='word_1_153' title='bbox 647 1638 726 1718; x_wconf 90' lang='lat' dir='ltr'>quod</span> <span class='ocrx_word' id='word_1_154' title='bbox 750 1640 789 1700; x_wconf 87' lang='lat' dir='ltr'>sit</span> <span class='ocrx_word' id='word_1_155' title='bbox 813 1638 883 1712; x_wconf 92' lang='grc' dir='ltr'>ΒΟ,</span> <span class='ocrx_word' id='word_1_156' title='bbox 910 1646 942 1700; x_wconf 89' lang='lat' dir='ltr'>et</span> <span class='ocrx_word' id='word_1_157' title='bbox 964 1646 1067 1700; x_wconf 91' lang='lat' dir='ltr'>centro</span> <span class='ocrx_word' id='word_1_158' title='bbox 1090 1637 1126 1712; x_wconf 91' lang='grc' dir='ltr'>Β,</span> 
     </span>
     <span class='ocr_line' id='line_1_16' title="bbox 74 1702 1340 1809; baseline -0.001 -22"><span class='ocrx_word' id='word_1_159' title='bbox 74 1726 174 1806; x_wconf 88' lang='lat' dir='ltr'>spatio</span> <span class='ocrx_word' id='word_1_160' title='bbox 202 1724 260 1788; x_wconf 92' lang='grc' dir='ltr'>ΒΟ</span> <span class='ocrx_word' id='word_1_161' title='bbox 290 1725 438 1786; x_wconf 89' lang='lat' dir='ltr'>scribatur</span> <span class='ocrx_word' id='word_1_162' title='bbox 463 1723 516 1787; x_wconf 88' lang='grc' dir='ltr'>ΟΡ</span> <span class='ocrx_word' id='word_1_163' title='bbox 545 1725 683 1788; x_wconf 90' lang='lat' dir='ltr'>circulus.</span> <span class='ocrx_word' id='word_1_164' title='bbox 729 1728 835 1809; x_wconf 88' lang='lat' dir='ltr'>ltaque</span> <span class='ocrx_word' id='word_1_165' title='bbox 865 1746 919 1808; x_wconf 91' lang='lat' dir='ltr'>per</span> <span class='ocrx_word' id='word_1_166' title='bbox 941 1728 981 1788; x_wconf 90' lang='lat' dir='ltr'>V.</span> <span class='ocrx_word' id='word_1_167' title='bbox 1007 1727 1128 1808; x_wconf 85' lang='lat' dir='ltr'>Sphae-</span> <span class='ocrx_word' id='word_1_168' title='bbox 1206 1706 1261 1772; x_wconf 56' lang='grc' dir='ltr'>ΗΒ·</span> <span class='ocrx_word' id='word_1_169' title='bbox 1281 1702 1340 1755; x_wconf 78' lang='lat'><strong>¹⁰¹·</strong></span> 
     </span>
     <span class='ocr_line' id='line_1_17' title="bbox 72 1801 1383 1897; baseline 0.001 -20"><span class='ocrx_word' id='word_1_170' title='bbox 72 1814 197 1877; x_wconf 85' lang='lat' dir='ltr'>roideon</span> <span class='ocrx_word' id='word_1_171' title='bbox 221 1814 414 1876; x_wconf 81' lang='lat' dir='ltr'>Archimedis</span> <span class='ocrx_word' id='word_1_172' title='bbox 439 1813 581 1893; x_wconf 87' lang='lat' dir='ltr'>planities</span> <span class='ocrx_word' id='word_1_173' title='bbox 605 1814 693 1893; x_wconf 86' lang='lat' dir='ltr'>hujus</span> <span class='ocrx_word' id='word_1_174' title='bbox 717 1816 819 1878; x_wconf 89' lang='lat' dir='ltr'>circuli</span> <span class='ocrx_word' id='word_1_175' title='bbox 836 1814 891 1878; x_wconf 88' lang='grc' dir='ltr'>ΟΡ</span> <span class='ocrx_word' id='word_1_176' title='bbox 914 1815 971 1877; x_wconf 86' lang='lat' dir='ltr'>erit</span> <span class='ocrx_word' id='word_1_177' title='bbox 994 1815 1128 1897; x_wconf 91' lang='lat' dir='ltr'>aequalis</span> <span class='ocrx_word' id='word_1_178' title='bbox 1379 1801 1383 1831; x_wconf 76' lang='lat'>¹</span> 
     </span>
     <span class='ocr_line' id='line_1_18' title="bbox 70 1903 1209 2007; baseline -0.001 -41"><span class='ocrx_word' id='word_1_179' title='bbox 70 1903 210 1983; x_wconf 83' lang='lat' dir='ltr'>planitiei</span> <span class='ocrx_word' id='word_1_180' title='bbox 234 1903 389 1982; x_wconf 89' lang='lat' dir='ltr'>ellipseos,</span> <span class='ocrx_word' id='word_1_181' title='bbox 412 1904 495 1982; x_wconf 90' lang='lat' dir='ltr'>cujus</span> <span class='ocrx_word' id='word_1_182' title='bbox 519 1911 567 1964; x_wconf 89' lang='lat' dir='ltr'>est</span> <span class='ocrx_word' id='word_1_183' title='bbox 590 1905 706 1983; x_wconf 88' lang='lat' dir='ltr'>longior</span> <span class='ocrx_word' id='word_1_184' title='bbox 729 1907 950 1967; x_wconf 89' lang='lat' dir='ltr'>semidiameter</span> <span class='ocrx_word' id='word_1_185' title='bbox 969 1905 1035 1980; x_wconf 90' lang='lat' dir='ltr'>BD,</span> <span class='ocrx_word' id='word_1_186' title='bbox 1058 1905 1130 1966; x_wconf 89' lang='lat' dir='ltr'>bre·</span> <span class='ocrx_word' id='word_1_187' title='bbox 1187 1959 1209 2007; x_wconf 54' lang='lat' dir='ltr'>E</span> 
     </span>
     <span class='ocr_line' id='line_1_19' title="bbox 21 1990 1131 2073; baseline 0 -19"><span class='ocrx_word' id='word_1_188' title='bbox 21 1990 27 2001; x_wconf 83' lang='lat'>&#39;</span> <span class='ocrx_word' id='word_1_189' title='bbox 72 1994 135 2055; x_wconf 84' lang='lat' dir='ltr'>rior</span> <span class='ocrx_word' id='word_1_190' title='bbox 158 1993 227 2056; x_wconf 91' lang='lat' dir='ltr'>BH.</span> <span class='ocrx_word' id='word_1_191' title='bbox 265 1994 309 2054; x_wconf 91' lang='lat' dir='ltr'>At</span> <span class='ocrx_word' id='word_1_192' title='bbox 332 1991 403 2072; x_wconf 90' lang='lat' dir='ltr'>qnia</span> <span class='ocrx_word' id='word_1_193' title='bbox 426 1993 585 2070; x_wconf 88' lang='lat' dir='ltr'>figurarum</span> <span class='ocrx_word' id='word_1_194' title='bbox 608 1993 835 2073; x_wconf 87' lang='lat' dir='ltr'>isuperimetron</span> <span class='ocrx_word' id='word_1_195' title='bbox 859 1994 1059 2073; x_wconf 89' lang='lat' dir='ltr'>capacissima</span> <span class='ocrx_word' id='word_1_196' title='bbox 1083 2000 1131 2054; x_wconf 90' lang='lat' dir='ltr'>est</span> 
     </span>
     <span class='ocr_line' id='line_1_20' title="bbox 73 2081 1199 2164; baseline -0.001 -20"><span class='ocrx_word' id='word_1_197' title='bbox 73 2082 217 2157; x_wconf 77' lang='lat' dir='ltr'>circulus,</span> <span class='ocrx_word' id='word_1_198' title='bbox 243 2081 408 2143; x_wconf 84' lang='lat' dir='ltr'>conversim</span> <span class='ocrx_word' id='word_1_199' title='bbox 431 2081 523 2160; x_wconf 90' lang='lat' dir='ltr'>igitur</span> <span class='ocrx_word' id='word_1_200' title='bbox 547 2082 615 2160; x_wconf 88' lang='lat' dir='ltr'>(per</span> <span class='ocrx_word' id='word_1_201' title='bbox 645 2101 829 2146; x_wconf 88' lang='lat' dir='ltr'>communem</span> <span class='ocrx_word' id='word_1_202' title='bbox 859 2083 1012 2155; x_wconf 88' lang='lat' dir='ltr'>notitiam)</span> <span class='ocrx_word' id='word_1_203' title='bbox 1036 2101 1130 2164; x_wconf 87' lang='lat' dir='ltr'>aeque</span> <span class='ocrx_word' id='word_1_204' title='bbox 1192 2117 1199 2155; x_wconf 60' lang='lat' dir='ltr'><em>f</em></span> 
     </span>
     <span class='ocr_line' id='line_1_21' title="bbox 73 2160 1190 2253; baseline -0.001 -20"><span class='ocrx_word' id='word_1_205' title='bbox 73 2160 228 2253; x_wconf 66' lang='lat' dir='ltr'>cipacium</span> <span class='ocrx_word' id='word_1_206' title='bbox 250 2170 410 2250; x_wconf 89' lang='lat' dir='ltr'>figurarum</span> <span class='ocrx_word' id='word_1_207' title='bbox 433 2170 612 2232; x_wconf 86' lang='lat' dir='ltr'>brevissima</span> <span class='ocrx_word' id='word_1_208' title='bbox 634 2172 812 2250; x_wconf 88' lang='lat' dir='ltr'>perimetros</span> <span class='ocrx_word' id='word_1_209' title='bbox 828 2173 886 2235; x_wconf 88' lang='lat' dir='ltr'>erit</span> <span class='ocrx_word' id='word_1_210' title='bbox 905 2172 1019 2235; x_wconf 88' lang='lat' dir='ltr'>circuli.</span> <span class='ocrx_word' id='word_1_211' title='bbox 1055 2169 1132 2234; x_wconf 88' lang='lat' dir='ltr'>Cum</span> <span class='ocrx_word' id='word_1_212' title='bbox 1164 2171 1190 2189; x_wconf 84' lang='grc'>“’</span> 
     </span>
     <span class='ocr_line' id='line_1_22' title="bbox 74 2258 1203 2341; baseline 0.001 -19"><span class='ocrx_word' id='word_1_213' title='bbox 74 2280 141 2341; x_wconf 88' lang='lat' dir='ltr'>erge</span> <span class='ocrx_word' id='word_1_214' title='bbox 171 2258 305 2339; x_wconf 80' lang='lat' dir='ltr'>ellipsis,</span> <span class='ocrx_word' id='word_1_215' title='bbox 338 2278 414 2340; x_wconf 91' lang='lat' dir='ltr'>quae</span> <span class='ocrx_word' id='word_1_216' title='bbox 441 2259 535 2320; x_wconf 89' lang='lat' dir='ltr'>habet</span> <span class='ocrx_word' id='word_1_217' title='bbox 567 2260 807 2323; x_wconf 88' lang='lat' dir='ltr'>semidiametros</span> <span class='ocrx_word' id='word_1_218' title='bbox 830 2262 895 2335; x_wconf 93' lang='lat' dir='ltr'>DB,</span> <span class='ocrx_word' id='word_1_219' title='bbox 919 2261 992 2335; x_wconf 89' lang='grc' dir='ltr'>ΒΗ,</span> <span class='ocrx_word' id='word_1_220' title='bbox 1017 2268 1048 2322; x_wconf 93' lang='lat' dir='ltr'>et</span> <span class='ocrx_word' id='word_1_221' title='bbox 1071 2260 1131 2323; x_wconf 87' lang='lat' dir='ltr'>cir·</span> <span class='ocrx_word' id='word_1_222' title='bbox 1198 2292 1203 2336; x_wconf 66' lang='grc' dir='ltr'>ι,</span> 
     </span>
     <span class='ocr_line' id='line_1_23' title="bbox 73 2342 1213 2430; baseline -0.005 -17"><span class='ocrx_word' id='word_1_223' title='bbox 73 2350 155 2413; x_wconf 88' lang='lat' dir='ltr'>culus</span> <span class='ocrx_word' id='word_1_224' title='bbox 180 2346 236 2410; x_wconf 90' lang='grc' dir='ltr'>ΟΡ</span> <span class='ocrx_word' id='word_1_225' title='bbox 264 2348 412 2427; x_wconf 87' lang='lat' dir='ltr'>propositi</span> <span class='ocrx_word' id='word_1_226' title='bbox 444 2348 505 2408; x_wconf 91' lang='lat' dir='ltr'>sint</span> <span class='ocrx_word' id='word_1_227' title='bbox 533 2368 626 2428; x_wconf 91' lang='lat' dir='ltr'>aeque</span> <span class='ocrx_word' id='word_1_228' title='bbox 659 2368 787 2430; x_wconf 86' lang='lat' dir='ltr'>capaces</span> <span class='ocrx_word' id='word_1_229' title='bbox 818 2371 856 2412; x_wconf 86' lang='lat' dir='ltr'>ex</span> <span class='ocrx_word' id='word_1_230' title='bbox 881 2352 944 2430; x_wconf 90' lang='lat' dir='ltr'>jam</span> <span class='ocrx_word' id='word_1_231' title='bbox 979 2349 1130 2429; x_wconf 89' lang='lat' dir='ltr'>allegatis,</span> <span class='ocrx_word' id='word_1_232' title='bbox 1202 2342 1213 2407; x_wconf 71' lang='lat' dir='ltr'>&#39;r</span> 
     </span>
     <span class='ocr_line' id='line_1_24' title="bbox 73 2437 1410 2520; baseline -0.003 -18"><span class='ocrx_word' id='word_1_233' title='bbox 73 2438 315 2502; x_wconf 86' lang='lat' dir='ltr'>circumferentia</span> <span class='ocrx_word' id='word_1_234' title='bbox 347 2437 489 2516; x_wconf 89' lang='lat' dir='ltr'>ellipseos</span> <span class='ocrx_word' id='word_1_235' title='bbox 514 2439 571 2498; x_wconf 88' lang='lat' dir='ltr'>erit</span> <span class='ocrx_word' id='word_1_236' title='bbox 600 2438 735 2518; x_wconf 86' lang='lat' dir='ltr'>longior,</span> <span class='ocrx_word' id='word_1_237' title='bbox 771 2459 858 2520; x_wconf 80' lang='lat' dir='ltr'>qnam</span> <span class='ocrx_word' id='word_1_238' title='bbox 892 2438 1133 2501; x_wconf 87' lang='lat' dir='ltr'>circumferentia</span> <span class='ocrx_word' id='word_1_239' title='bbox 1230 2490 1241 2520; x_wconf 54' lang='lat'>,</span> <span class='ocrx_word' id='word_1_240' title='bbox 1407 2472 1410 2477; x_wconf 87' lang='lat'><strong>·</strong></span> 
     </span>
     <span class='ocr_line' id='line_1_25' title="bbox 72 2524 1378 2626; baseline -0.003 -35"><span class='ocrx_word' id='word_1_241' title='bbox 72 2528 174 2591; x_wconf 89' lang='lat' dir='ltr'>circuli</span> <span class='ocrx_word' id='word_1_242' title='bbox 199 2524 265 2588; x_wconf 90' lang='grc' dir='ltr'>ΟΡ.</span> <span class='ocrx_word' id='word_1_243' title='bbox 310 2525 370 2588; x_wconf 87' lang='lat' dir='ltr'>Est</span> <span class='ocrx_word' id='word_1_244' title='bbox 392 2534 492 2587; x_wconf 90' lang='lat' dir='ltr'>autem</span> <span class='ocrx_word' id='word_1_245' title='bbox 515 2526 570 2589; x_wconf 90' lang='grc' dir='ltr'>ΒΟ</span> <span class='ocrx_word' id='word_1_246' title='bbox 595 2527 762 2591; x_wconf 88' lang='lat' dir='ltr'>insensibili</span> <span class='ocrx_word' id='word_1_247' title='bbox 785 2529 882 2593; x_wconf 87' lang='lat' dir='ltr'>minor</span> <span class='ocrx_word' id='word_1_248' title='bbox 905 2547 993 2609; x_wconf 90' lang='lat' dir='ltr'>quam</span> <span class='ocrx_word' id='word_1_249' title='bbox 1016 2528 1070 2602; x_wconf 90' lang='lat' dir='ltr'>ID,</span> <span class='ocrx_word' id='word_1_250' title='bbox 1096 2545 1131 2587; x_wconf 91' lang='lat' dir='ltr'>eo</span> <span class='ocrx_word' id='word_1_251' title='bbox 1224 2530 1326 2626; x_wconf 29' lang='grc' dir='ltr'>χχχ</span> <span class='ocrx_word' id='word_1_252' title='bbox 1376 2569 1378 2599; x_wconf 75' lang='lat'>,</span> 
     </span>
     <span class='ocr_line' id='line_1_26' title="bbox 72 2614 1389 2700; baseline 0 -20"><span class='ocrx_word' id='word_1_253' title='bbox 72 2618 146 2700; x_wconf 86' lang='lat' dir='ltr'>quod</span> <span class='ocrx_word' id='word_1_254' title='bbox 172 2614 231 2678; x_wconf 92' lang='grc' dir='ltr'>ΒΟ</span> <span class='ocrx_word' id='word_1_255' title='bbox 255 2615 333 2676; x_wconf 88' lang='lat' dir='ltr'>inter</span> <span class='ocrx_word' id='word_1_256' title='bbox 356 2615 480 2677; x_wconf 92' lang='lat' dir='ltr'>eosdem</span> <span class='ocrx_word' id='word_1_257' title='bbox 508 2615 653 2677; x_wconf 91' lang='lat' dir='ltr'>terminos</span> <span class='ocrx_word' id='word_1_258' title='bbox 681 2618 801 2696; x_wconf 91' lang='lat' dir='ltr'>ponitur</span> <span class='ocrx_word' id='word_1_259' title='bbox 825 2636 893 2680; x_wconf 89' lang='lat' dir='ltr'>esse</span> <span class='ocrx_word' id='word_1_260' title='bbox 917 2617 1132 2696; x_wconf 88' lang='lat' dir='ltr'>geometricum</span> <span class='ocrx_word' id='word_1_261' title='bbox 1375 2618 1389 2650; x_wconf 83' lang='lat'>¹&#39;</span> 
     </span>
     <span class='ocr_line' id='line_1_27' title="bbox 72 2704 1130 2781; baseline -0.004 -12"><span class='ocrx_word' id='word_1_262' title='bbox 72 2707 218 2781; x_wconf 86' lang='lat' dir='ltr'>medium,</span> <span class='ocrx_word' id='word_1_263' title='bbox 242 2704 287 2766; x_wconf 91' lang='lat' dir='ltr'>ID</span> <span class='ocrx_word' id='word_1_264' title='bbox 319 2704 451 2765; x_wconf 88' lang='lat' dir='ltr'>medium</span> <span class='ocrx_word' id='word_1_265' title='bbox 482 2704 712 2767; x_wconf 86' lang='lat' dir='ltr'>arithmeticum.</span> <span class='ocrx_word' id='word_1_266' title='bbox 759 2707 818 2769; x_wconf 87' lang='lat' dir='ltr'>Per</span> <span class='ocrx_word' id='word_1_267' title='bbox 852 2706 1017 2768; x_wconf 87' lang='lat' dir='ltr'>doctrinam</span> <span class='ocrx_word' id='word_1_268' title='bbox 1053 2705 1130 2766; x_wconf 91' lang='lat' dir='ltr'>euim</span> 
     </span>
     <span class='ocr_line' id='line_1_28' title="bbox 72 2791 1422 2877; baseline 0.001 -19"><span class='ocrx_word' id='word_1_269' title='bbox 72 2795 164 2877; x_wconf 90' lang='lat' dir='ltr'>quinti</span> <span class='ocrx_word' id='word_1_270' title='bbox 186 2792 337 2866; x_wconf 83' lang='lat' dir='ltr'>Euclidis,</span> <span class='ocrx_word' id='word_1_271' title='bbox 361 2793 431 2873; x_wconf 89' lang='lat' dir='ltr'>qnia</span> <span class='ocrx_word' id='word_1_272' title='bbox 450 2793 505 2855; x_wconf 90' lang='grc' dir='ltr'>ΒΟ</span> <span class='ocrx_word' id='word_1_273' title='bbox 529 2801 577 2855; x_wconf 88' lang='lat' dir='ltr'>est</span> <span class='ocrx_word' id='word_1_274' title='bbox 599 2795 728 2856; x_wconf 88' lang='lat' dir='ltr'>medium</span> <span class='ocrx_word' id='word_1_275' title='bbox 752 2795 977 2877; x_wconf 87' lang='lat' dir='ltr'>proportionale</span> <span class='ocrx_word' id='word_1_276' title='bbox 999 2794 1079 2856; x_wconf 90' lang='lat' dir='ltr'>inter</span> <span class='ocrx_word' id='word_1_277' title='bbox 1100 2791 1167 2865; x_wconf 88' lang='grc' dir='ltr'>ΗΒ,</span> <span class='ocrx_word' id='word_1_278' title='bbox 1182 2791 1249 2869; x_wconf 91' lang='lat' dir='ltr'>BD,</span> <span class='ocrx_word' id='word_1_279' title='bbox 1274 2802 1308 2856; x_wconf 92' lang='lat' dir='ltr'>ut</span> <span class='ocrx_word' id='word_1_280' title='bbox 1330 2795 1422 2875; x_wconf 86' lang='lat' dir='ltr'>igitur</span> 
     </span>
     <span class='ocr_line' id='line_1_29' title="bbox 71 2877 1421 2961; baseline -0.001 -13"><span class='ocrx_word' id='word_1_281' title='bbox 71 2886 123 2948; x_wconf 89' lang='grc' dir='ltr'>ΗΒ</span> <span class='ocrx_word' id='word_1_282' title='bbox 147 2884 192 2946; x_wconf 89' lang='lat' dir='ltr'>ad</span> <span class='ocrx_word' id='word_1_283' title='bbox 205 2882 273 2958; x_wconf 91' lang='lat' dir='ltr'>BD,</span> <span class='ocrx_word' id='word_1_284' title='bbox 297 2882 392 2943; x_wconf 90' lang='lat' dir='ltr'>minor</span> <span class='ocrx_word' id='word_1_285' title='bbox 415 2882 454 2943; x_wconf 91' lang='lat' dir='ltr'>ad</span> <span class='ocrx_word' id='word_1_286' title='bbox 477 2882 629 2961; x_wconf 88' lang='lat' dir='ltr'>majorem,</span> <span class='ocrx_word' id='word_1_287' title='bbox 653 2884 697 2945; x_wconf 90' lang='lat' dir='ltr'>sic</span> <span class='ocrx_word' id='word_1_288' title='bbox 720 2884 778 2947; x_wconf 91' lang='grc' dir='ltr'>ΗΟ</span> <span class='ocrx_word' id='word_1_289' title='bbox 803 2904 945 2947; x_wconf 85' lang='lat' dir='ltr'>excessus</span> <span class='ocrx_word' id='word_1_290' title='bbox 976 2884 1091 2945; x_wconf 92' lang='lat' dir='ltr'>mediae</span> <span class='ocrx_word' id='word_1_291' title='bbox 1115 2880 1155 2942; x_wconf 90' lang='lat' dir='ltr'>ad</span> <span class='ocrx_word' id='word_1_292' title='bbox 1178 2877 1236 2942; x_wconf 91' lang='lat' dir='ltr'>OD</span> <span class='ocrx_word' id='word_1_293' title='bbox 1260 2883 1421 2955; x_wconf 82' lang='lat' dir='ltr'>defectum.</span> 
     </span>
     <span class='ocr_line' id='line_1_30' title="bbox 72 2969 1505 3055; baseline -0.001 -18"><span class='ocrx_word' id='word_1_294' title='bbox 72 2975 177 3055; x_wconf 80' lang='lat' dir='ltr'>Itaque</span> <span class='ocrx_word' id='word_1_295' title='bbox 201 2991 269 3033; x_wconf 89' lang='lat' dir='ltr'>curn</span> <span class='ocrx_word' id='word_1_296' title='bbox 291 2971 347 3034; x_wconf 89' lang='grc' dir='ltr'>ΗΒ</span> <span class='ocrx_word' id='word_1_297' title='bbox 371 2971 413 3032; x_wconf 89' lang='lat' dir='ltr'>sit</span> <span class='ocrx_word' id='word_1_298' title='bbox 436 2972 531 3033; x_wconf 86' lang='lat' dir='ltr'>minor</span> <span class='ocrx_word' id='word_1_299' title='bbox 554 2991 641 3052; x_wconf 89' lang='lat' dir='ltr'>quam</span> <span class='ocrx_word' id='word_1_300' title='bbox 664 2972 730 3050; x_wconf 90' lang='lat' dir='ltr'>BD,</span> <span class='ocrx_word' id='word_1_301' title='bbox 755 2975 813 3036; x_wconf 90' lang='lat' dir='ltr'>erit</span> <span class='ocrx_word' id='word_1_302' title='bbox 835 2984 867 3036; x_wconf 90' lang='lat' dir='ltr'>et</span> <span class='ocrx_word' id='word_1_303' title='bbox 889 2973 947 3037; x_wconf 92' lang='grc' dir='ltr'>ΗΟ</span> <span class='ocrx_word' id='word_1_304' title='bbox 971 2971 1067 3034; x_wconf 90' lang='lat' dir='ltr'>minor</span> <span class='ocrx_word' id='word_1_305' title='bbox 1091 2989 1179 3050; x_wconf 89' lang='lat' dir='ltr'>quam</span> <span class='ocrx_word' id='word_1_306' title='bbox 1203 2969 1271 3034; x_wconf 88' lang='lat' dir='ltr'>OD.</span> <span class='ocrx_word' id='word_1_307' title='bbox 1313 2972 1358 3034; x_wconf 80' lang='lat' dir='ltr'>Ar</span> <span class='ocrx_word' id='word_1_308' title='bbox 1378 2972 1423 3037; x_wconf 82' lang='lat' dir='ltr'>Bt</span> <span class='ocrx_word' id='word_1_309' title='bbox 1503 3036 1505 3043; x_wconf 82' lang='grc'><strong>,</strong></span> 
     </span>
     <span class='ocr_line' id='line_1_31' title="bbox 73 3058 1420 3147; baseline 0.001 -23"><span class='ocrx_word' id='word_1_310' title='bbox 73 3072 118 3124; x_wconf 89' lang='lat' dir='ltr'>est</span> <span class='ocrx_word' id='word_1_311' title='bbox 139 3060 282 3142; x_wconf 85' lang='lat' dir='ltr'>aequalis</span> <span class='ocrx_word' id='word_1_312' title='bbox 305 3060 446 3147; x_wconf 85' lang='lat' dir='ltr'>dimidiae</span> <span class='ocrx_word' id='word_1_313' title='bbox 465 3060 533 3133; x_wconf 89' lang='lat' dir='ltr'>HD,</span> <span class='ocrx_word' id='word_1_314' title='bbox 557 3062 653 3140; x_wconf 86' lang='lat' dir='ltr'>major</span> <span class='ocrx_word' id='word_1_315' title='bbox 677 3063 766 3142; x_wconf 88' lang='lat' dir='ltr'>igitur</span> <span class='ocrx_word' id='word_1_316' title='bbox 789 3074 837 3124; x_wconf 87' lang='lat' dir='ltr'>est</span> <span class='ocrx_word' id='word_1_317' title='bbox 860 3064 902 3125; x_wconf 93' lang='grc' dir='ltr'>ΒΙ</span> <span class='ocrx_word' id='word_1_318' title='bbox 925 3081 1013 3144; x_wconf 92' lang='lat' dir='ltr'>quam</span> <span class='ocrx_word' id='word_1_319' title='bbox 1027 3059 1096 3135; x_wconf 92' lang='grc' dir='ltr'>ΗΟ,</span> <span class='ocrx_word' id='word_1_320' title='bbox 1121 3058 1217 3123; x_wconf 90' lang='lat' dir='ltr'>minor</span> <span class='ocrx_word' id='word_1_321' title='bbox 1240 3080 1327 3142; x_wconf 92' lang='lat' dir='ltr'>quam</span> <span class='ocrx_word' id='word_1_322' title='bbox 1352 3059 1420 3127; x_wconf 88' lang='lat' dir='ltr'>OD.</span> 
     </span>
     <span class='ocr_line' id='line_1_32' title="bbox 43 3148 1422 3230; baseline -0.001 -16"><span class='ocrx_word' id='word_1_323' title='bbox 43 3182 46 3187; x_wconf 91' lang='grc'><em>·</em></span> <span class='ocrx_word' id='word_1_324' title='bbox 73 3151 120 3214; x_wconf 82' lang='lat' dir='ltr'>Ad</span> <span class='ocrx_word' id='word_1_325' title='bbox 154 3168 342 3213; x_wconf 87' lang='lat' dir='ltr'>communem</span> <span class='ocrx_word' id='word_1_326' title='bbox 378 3168 450 3228; x_wconf 88' lang='lat' dir='ltr'>ergo</span> <span class='ocrx_word' id='word_1_327' title='bbox 485 3148 599 3211; x_wconf 91' lang='lat' dir='ltr'>minimi</span> <span class='ocrx_word' id='word_1_328' title='bbox 636 3151 738 3213; x_wconf 89' lang='lat' dir='ltr'>circuli</span> <span class='ocrx_word' id='word_1_329' title='bbox 767 3152 828 3215; x_wconf 88' lang='lat' dir='ltr'>HK</span> <span class='ocrx_word' id='word_1_330' title='bbox 862 3151 1114 3215; x_wconf 85' lang='lat' dir='ltr'>semidiametrum</span> <span class='ocrx_word' id='word_1_331' title='bbox 1144 3150 1201 3212; x_wconf 91' lang='grc' dir='ltr'>ΗΒ</span> <span class='ocrx_word' id='word_1_332' title='bbox 1232 3159 1422 3230; x_wconf 81' lang='lat' dir='ltr'>apponuntur</span> 
     </span>
     <span class='ocr_line' id='line_1_33' title="bbox 73 3236 1422 3322; baseline 0.001 -20"><span class='ocrx_word' id='word_1_333' title='bbox 73 3238 252 3322; x_wconf 85' lang='lat' dir='ltr'>inaequalia,</span> <span class='ocrx_word' id='word_1_334' title='bbox 278 3256 382 3318; x_wconf 89' lang='lat' dir='ltr'>nempe</span> <span class='ocrx_word' id='word_1_335' title='bbox 407 3236 503 3298; x_wconf 88' lang='lat' dir='ltr'>minus</span> <span class='ocrx_word' id='word_1_336' title='bbox 526 3239 647 3300; x_wconf 91' lang='lat' dir='ltr'>dimidio</span> <span class='ocrx_word' id='word_1_337' title='bbox 671 3240 765 3320; x_wconf 89' lang='lat' dir='ltr'>ipsius</span> <span class='ocrx_word' id='word_1_338' title='bbox 788 3241 848 3303; x_wconf 92' lang='grc' dir='ltr'>ΒΗ</span> <span class='ocrx_word' id='word_1_339' title='bbox 870 3242 899 3303; x_wconf 91' lang='lat' dir='ltr'>iu</span> <span class='ocrx_word' id='word_1_340' title='bbox 923 3239 988 3316; x_wconf 87' lang='grc' dir='ltr'>ΒΟ,</span> <span class='ocrx_word' id='word_1_341' title='bbox 1013 3248 1045 3301; x_wconf 90' lang='lat' dir='ltr'>et</span> <span class='ocrx_word' id='word_1_342' title='bbox 1068 3237 1221 3300; x_wconf 89' lang='lat' dir='ltr'>dimidium</span> <span class='ocrx_word' id='word_1_343' title='bbox 1243 3238 1338 3319; x_wconf 89' lang='lat' dir='ltr'>ipsius</span> <span class='ocrx_word' id='word_1_344' title='bbox 1361 3239 1422 3303; x_wconf 86' lang='grc' dir='ltr'>ΒΗ</span> 
     </span>
     <span class='ocr_line' id='line_1_34' title="bbox 74 3325 1420 3411; baseline -0.001 -19"><span class='ocrx_word' id='word_1_345' title='bbox 74 3329 190 3405; x_wconf 75' lang='lat' dir='ltr'>inm,</span> <span class='ocrx_word' id='word_1_346' title='bbox 224 3344 295 3406; x_wconf 87' lang='lat' dir='ltr'>ergo</span> <span class='ocrx_word' id='word_1_347' title='bbox 325 3326 422 3406; x_wconf 88' lang='lat' dir='ltr'>major</span> <span class='ocrx_word' id='word_1_348' title='bbox 444 3326 489 3388; x_wconf 94' lang='lat' dir='ltr'>DI</span> <span class='ocrx_word' id='word_1_349' title='bbox 517 3347 604 3408; x_wconf 90' lang='lat' dir='ltr'>quarn</span> <span class='ocrx_word' id='word_1_350' title='bbox 633 3325 698 3389; x_wconf 94' lang='grc' dir='ltr'>ΒΟ.</span> <span class='ocrx_word' id='word_1_351' title='bbox 746 3330 846 3407; x_wconf 90' lang='lat' dir='ltr'>Major</span> <span class='ocrx_word' id='word_1_352' title='bbox 878 3331 971 3411; x_wconf 92' lang='lat' dir='ltr'>igitur</span> <span class='ocrx_word' id='word_1_353' title='bbox 992 3328 1053 3393; x_wconf 91' lang='grc' dir='ltr'>ΒΚ</span> <span class='ocrx_word' id='word_1_354' title='bbox 1084 3326 1212 3390; x_wconf 90' lang='lat' dir='ltr'>circulus</span> <span class='ocrx_word' id='word_1_355' title='bbox 1243 3347 1331 3409; x_wconf 90' lang='lat' dir='ltr'>quam</span> <span class='ocrx_word' id='word_1_356' title='bbox 1356 3326 1420 3391; x_wconf 85' lang='grc' dir='ltr'>ΟΡ.</span> 
     </span>
     <span class='ocr_line' id='line_1_35' title="bbox 72 3415 1421 3504; baseline 0 -22"><span class='ocrx_word' id='word_1_357' title='bbox 72 3420 107 3481; x_wconf 91' lang='lat' dir='ltr'>Id</span> <span class='ocrx_word' id='word_1_358' title='bbox 137 3426 244 3482; x_wconf 85' lang='lat' dir='ltr'>tamen</span> <span class='ocrx_word' id='word_1_359' title='bbox 277 3415 510 3490; x_wconf 87' lang='lat' dir='ltr'>insensibiliter,</span> <span class='ocrx_word' id='word_1_360' title='bbox 540 3435 606 3478; x_wconf 89' lang='lat' dir='ltr'>cum</span> <span class='ocrx_word' id='word_1_361' title='bbox 630 3418 688 3479; x_wconf 91' lang='grc' dir='ltr'>ΒΗ</span> <span class='ocrx_word' id='word_1_362' title='bbox 720 3418 815 3504; x_wconf 81' lang='lat' dir='ltr'>minor</span> <span class='ocrx_word' id='word_1_363' title='bbox 846 3420 889 3480; x_wconf 88' lang='lat' dir='ltr'>sit</span> <span class='ocrx_word' id='word_1_364' title='bbox 920 3439 1008 3501; x_wconf 90' lang='lat' dir='ltr'>quarn</span> <span class='ocrx_word' id='word_1_365' title='bbox 1039 3417 1205 3480; x_wconf 89' lang='lat' dir='ltr'>centesima</span> <span class='ocrx_word' id='word_1_366' title='bbox 1237 3416 1332 3497; x_wconf 89' lang='lat' dir='ltr'>ipsius</span> <span class='ocrx_word' id='word_1_367' title='bbox 1353 3417 1421 3482; x_wconf 88' lang='lat' dir='ltr'>DB.</span> 
     </span>
     <span class='ocr_line' id='line_1_36' title="bbox 73 3503 1421 3590; baseline -0.003 -17"><span class='ocrx_word' id='word_1_368' title='bbox 73 3509 180 3590; x_wconf 70' lang='lat' dir='ltr'>leque</span> <span class='ocrx_word' id='word_1_369' title='bbox 202 3503 312 3588; x_wconf 90' lang='lat' dir='ltr'>positis</span> <span class='ocrx_word' id='word_1_370' title='bbox 335 3504 383 3567; x_wconf 91' lang='lat' dir='ltr'>his</span> <span class='ocrx_word' id='word_1_371' title='bbox 407 3505 526 3567; x_wconf 88' lang='lat' dir='ltr'>circulis</span> <span class='ocrx_word' id='word_1_372' title='bbox 550 3506 773 3567; x_wconf 85' lang='lat' dir='ltr'>exabundanti</span> <span class='ocrx_word' id='word_1_373' title='bbox 806 3509 1000 3588; x_wconf 85' lang='lat' dir='ltr'>aequalibus,</span> <span class='ocrx_word' id='word_1_374' title='bbox 1026 3515 1057 3570; x_wconf 87' lang='lat' dir='ltr'>et</span> <span class='ocrx_word' id='word_1_375' title='bbox 1079 3506 1197 3587; x_wconf 91' lang='lat' dir='ltr'>posito,</span> <span class='ocrx_word' id='word_1_376' title='bbox 1221 3507 1300 3588; x_wconf 94' lang='lat' dir='ltr'>quod</span> <span class='ocrx_word' id='word_1_377' title='bbox 1324 3506 1421 3570; x_wconf 89' lang='lat' dir='ltr'>ovalis</span> 
     </span>
     <span class='ocr_line' id='line_1_37' title="bbox 73 3593 1420 3678; baseline 0.001 -20"><span class='ocrx_word' id='word_1_378' title='bbox 73 3596 114 3659; x_wconf 89' lang='lat' dir='ltr'>sit</span> <span class='ocrx_word' id='word_1_379' title='bbox 135 3595 274 3678; x_wconf 86' lang='lat' dir='ltr'>perfecta</span> <span class='ocrx_word' id='word_1_380' title='bbox 297 3593 429 3674; x_wconf 89' lang='lat' dir='ltr'>ellipsis:</span> <span class='ocrx_word' id='word_1_381' title='bbox 455 3594 512 3656; x_wconf 91' lang='lat' dir='ltr'>erit</span> <span class='ocrx_word' id='word_1_382' title='bbox 535 3595 631 3656; x_wconf 88' lang='lat' dir='ltr'>uvalis</span> <span class='ocrx_word' id='word_1_383' title='bbox 654 3595 895 3667; x_wconf 78' lang='lat' dir='ltr'>circumferentia</span> <span class='ocrx_word' id='word_1_384' title='bbox 917 3597 1006 3678; x_wconf 87' lang='lat' dir='ltr'>paulo</span> <span class='ocrx_word' id='word_1_385' title='bbox 1030 3595 1147 3674; x_wconf 87' lang='lat' dir='ltr'>longior</span> <span class='ocrx_word' id='word_1_386' title='bbox 1174 3614 1263 3676; x_wconf 88' lang='lat' dir='ltr'>quam</span> <span class='ocrx_word' id='word_1_387' title='bbox 1291 3594 1420 3659; x_wconf 89' lang='lat' dir='ltr'>circulus</span> 
     </span>
     <span class='ocr_line' id='line_1_38' title="bbox 72 3681 1422 3767; baseline 0.001 -20"><span class='ocrx_word' id='word_1_388' title='bbox 72 3685 140 3760; x_wconf 83' lang='lat' dir='ltr'>DK,</span> <span class='ocrx_word' id='word_1_389' title='bbox 166 3693 248 3748; x_wconf 88' lang='lat' dir='ltr'>certe</span> <span class='ocrx_word' id='word_1_390' title='bbox 271 3682 389 3763; x_wconf 89' lang='lat' dir='ltr'>longior</span> <span class='ocrx_word' id='word_1_391' title='bbox 413 3702 500 3763; x_wconf 91' lang='lat' dir='ltr'>quam</span> <span class='ocrx_word' id='word_1_392' title='bbox 524 3683 651 3745; x_wconf 91' lang='lat' dir='ltr'>circulus</span> <span class='ocrx_word' id='word_1_393' title='bbox 672 3681 735 3746; x_wconf 94' lang='grc' dir='ltr'>ΟΡ.</span> <span class='ocrx_word' id='word_1_394' title='bbox 771 3684 814 3747; x_wconf 91' lang='lat' dir='ltr'>Et</span> <span class='ocrx_word' id='word_1_395' title='bbox 837 3685 907 3767; x_wconf 90' lang='lat' dir='ltr'>quia</span> <span class='ocrx_word' id='word_1_396' title='bbox 930 3704 1020 3765; x_wconf 90' lang='lat' dir='ltr'>supra</span> <span class='ocrx_word' id='word_1_397' title='bbox 1042 3703 1108 3763; x_wconf 87' lang='lat' dir='ltr'>cap.</span> <span class='ocrx_word' id='word_1_398' title='bbox 1124 3681 1257 3747; x_wconf 85' lang='lat' dir='ltr'><strong>XLVII.</strong></span> <span class='ocrx_word' id='word_1_399' title='bbox 1280 3683 1341 3747; x_wconf 92' lang='grc' dir='ltr'>ΒΗ</span> <span class='ocrx_word' id='word_1_400' title='bbox 1363 3684 1422 3748; x_wconf 90' lang='lat' dir='ltr'>fuit</span> 
     </span>
     <span class='ocr_line' id='line_1_39' title="bbox 73 3767 1419 3853; baseline -0.001 -14"><span class='ocrx_word' id='word_1_401' title='bbox 73 3772 148 3850; x_wconf 86' lang='grc'><strong>858,</strong></span> <span class='ocrx_word' id='word_1_402' title='bbox 174 3773 308 3853; x_wconf 89' lang='lat' dir='ltr'>qualium</span> <span class='ocrx_word' id='word_1_403' title='bbox 329 3772 385 3834; x_wconf 95' lang='lat' dir='ltr'>DB</span> <span class='ocrx_word' id='word_1_404' title='bbox 413 3767 558 3847; x_wconf 93' lang='grc'><strong>100000,</strong></span> <span class='ocrx_word' id='word_1_405' title='bbox 587 3772 742 3835; x_wconf 91' lang='lat' dir='ltr'>dimidium</span> <span class='ocrx_word' id='word_1_406' title='bbox 764 3774 856 3853; x_wconf 90' lang='lat' dir='ltr'>igitur</span> <span class='ocrx_word' id='word_1_407' title='bbox 880 3775 916 3836; x_wconf 91' lang='lat' dir='ltr'>de</span> <span class='ocrx_word' id='word_1_408' title='bbox 939 3773 1008 3848; x_wconf 91' lang='grc' dir='ltr'>ΒΗ,</span> <span class='ocrx_word' id='word_1_409' title='bbox 1033 3771 1108 3848; x_wconf 85' lang='grc'><strong>429,</strong></span> <span class='ocrx_word' id='word_1_410' title='bbox 1134 3773 1288 3836; x_wconf 86' lang='lat' dir='ltr'>auferatur</span> <span class='ocrx_word' id='word_1_411' title='bbox 1312 3793 1332 3834; x_wconf 93' lang='lat' dir='ltr'>a</span> <span class='ocrx_word' id='word_1_412' title='bbox 1353 3774 1419 3851; x_wconf 90' lang='lat' dir='ltr'>DB,</span> 
     </span>
     <span class='ocr_line' id='line_1_40' title="bbox 77 3857 1420 3945; baseline 0 -19"><span class='ocrx_word' id='word_1_413' title='bbox 77 3860 217 3939; x_wconf 87' lang='lat'>100000,</span> <span class='ocrx_word' id='word_1_414' title='bbox 239 3861 371 3931; x_wconf 81' lang='lat' dir='ltr'>restabit</span> <span class='ocrx_word' id='word_1_415' title='bbox 394 3857 511 3924; x_wconf 87' lang='grc'><strong>99571.</strong></span> <span class='ocrx_word' id='word_1_416' title='bbox 548 3863 591 3925; x_wconf 90' lang='lat' dir='ltr'>Ut</span> <span class='ocrx_word' id='word_1_417' title='bbox 614 3862 703 3941; x_wconf 90' lang='lat' dir='ltr'>igitur</span> <span class='ocrx_word' id='word_1_418' title='bbox 729 3859 857 3926; x_wconf 92' lang='grc'><strong>100000</strong></span> <span class='ocrx_word' id='word_1_419' title='bbox 881 3865 919 3925; x_wconf 90' lang='lat' dir='ltr'>ad</span> <span class='ocrx_word' id='word_1_420' title='bbox 944 3858 1063 3937; x_wconf 84' lang='grc'><strong>99571,</strong></span> <span class='ocrx_word' id='word_1_421' title='bbox 1087 3863 1131 3924; x_wconf 91' lang='lat' dir='ltr'>sic</span> <span class='ocrx_word' id='word_1_422' title='bbox 1155 3861 1213 3923; x_wconf 91' lang='lat' dir='ltr'>erit</span> <span class='ocrx_word' id='word_1_423' title='bbox 1236 3882 1325 3945; x_wconf 89' lang='lat' dir='ltr'>quam</span> <span class='ocrx_word' id='word_1_424' title='bbox 1347 3882 1420 3945; x_wconf 90' lang='lat' dir='ltr'>pro·</span> 
     </span>
     <span class='ocr_line' id='line_1_41' title="bbox 73 3949 1422 4034; baseline -0.001 -18"><span class='ocrx_word' id='word_1_425' title='bbox 73 3955 153 4016; x_wconf 82' lang='lat' dir='ltr'>sime</span> <span class='ocrx_word' id='word_1_426' title='bbox 177 3950 418 4016; x_wconf 89' lang='lat' dir='ltr'>circumferentia</span> <span class='ocrx_word' id='word_1_427' title='bbox 445 3949 546 4011; x_wconf 90' lang='lat' dir='ltr'>circuli</span> <span class='ocrx_word' id='word_1_428' title='bbox 570 3952 608 4012; x_wconf 90' lang='lat' dir='ltr'>ad</span> <span class='ocrx_word' id='word_1_429' title='bbox 636 3950 903 4014; x_wconf 83' lang='lat' dir='ltr'>circumferentiam</span> <span class='ocrx_word' id='word_1_430' title='bbox 934 3952 1030 4014; x_wconf 88' lang='lat' dir='ltr'>uvalis</span> <span class='ocrx_word' id='word_1_431' title='bbox 1063 3951 1240 4032; x_wconf 89' lang='lat' dir='ltr'>quaesitam.</span> <span class='ocrx_word' id='word_1_432' title='bbox 1286 3950 1329 4013; x_wconf 81' lang='lat' dir='ltr'>Et</span> <span class='ocrx_word' id='word_1_433' title='bbox 1351 3952 1422 4034; x_wconf 85' lang='lat' dir='ltr'>quia</span> 
     </span>
     <span class='ocr_line' id='line_1_42' title="bbox 73 4034 1420 4121; baseline 0 -18"><span class='ocrx_word' id='word_1_434' title='bbox 73 4042 179 4106; x_wconf 88' lang='lat' dir='ltr'>circuli</span> <span class='ocrx_word' id='word_1_435' title='bbox 202 4039 442 4103; x_wconf 89' lang='lat' dir='ltr'>circumferentia</span> <span class='ocrx_word' id='word_1_436' title='bbox 465 4039 557 4102; x_wconf 87' lang='lat' dir='ltr'>habet</span> <span class='ocrx_word' id='word_1_437' title='bbox 577 4034 668 4113; x_wconf 88' lang='lat'>360⁰,</span> <span class='ocrx_word' id='word_1_438' title='bbox 692 4043 740 4102; x_wconf 93' lang='lat' dir='ltr'>vel</span> <span class='ocrx_word' id='word_1_439' title='bbox 756 4036 876 4104; x_wconf 80' lang='lat'>21600⁴</span> <span class='ocrx_word' id='word_1_440' title='bbox 900 4042 949 4103; x_wconf 88' lang='lat' dir='ltr'>vel</span> <span class='ocrx_word' id='word_1_441' title='bbox 967 4037 1151 4115; x_wconf 76' lang='lat'>1296000‘⁴,</span> <span class='ocrx_word' id='word_1_442' title='bbox 1175 4040 1302 4103; x_wconf 90' lang='lat' dir='ltr'>decedet</span> <span class='ocrx_word' id='word_1_443' title='bbox 1321 4040 1420 4121; x_wconf 88' lang='lat' dir='ltr'>parti-</span> 
     </span>
     <span class='ocr_line' id='line_1_43' title="bbox 73 4122 1422 4212; baseline -0.001 -18"><span class='ocrx_word' id='word_1_444' title='bbox 73 4132 150 4205; x_wconf 85' lang='lat' dir='ltr'>cula,</span> <span class='ocrx_word' id='word_1_445' title='bbox 176 4148 252 4212; x_wconf 87' lang='lat' dir='ltr'>quae</span> <span class='ocrx_word' id='word_1_446' title='bbox 275 4127 369 4190; x_wconf 88' lang='lat' dir='ltr'>habet</span> <span class='ocrx_word' id='word_1_447' title='bbox 383 4122 491 4191; x_wconf 64' lang='lat'>55601‘</span> <span class='ocrx_word' id='word_1_448' title='bbox 507 4130 555 4190; x_wconf 92' lang='lat' dir='ltr'>vel</span> <span class='ocrx_word' id='word_1_449' title='bbox 571 4125 623 4192; x_wconf 76' lang='lat'>92‘</span> <span class='ocrx_word' id='word_1_450' title='bbox 638 4126 723 4192; x_wconf 68' lang='lat'>40⁰:</span> <span class='ocrx_word' id='word_1_451' title='bbox 748 4139 780 4191; x_wconf 92' lang='lat' dir='ltr'>et</span> <span class='ocrx_word' id='word_1_452' title='bbox 794 4130 1127 4193; x_wconf 88' lang='lat' dir='ltr'>semicircnmferentiae</span> <span class='ocrx_word' id='word_1_453' title='bbox 1147 4128 1244 4191; x_wconf 86' lang='lat' dir='ltr'>uvalis</span> <span class='ocrx_word' id='word_1_454' title='bbox 1260 4128 1422 4193; x_wconf 81' lang='lat' dir='ltr'>adimenda</span> 
     </span>
     <span class='ocr_line' id='line_1_44' title="bbox 73 4213 1420 4295; baseline -0.001 -14"><span class='ocrx_word' id='word_1_455' title='bbox 73 4229 162 4284; x_wconf 90' lang='lat' dir='ltr'>erunt</span> <span class='ocrx_word' id='word_1_456' title='bbox 184 4214 240 4284; x_wconf 67' lang='lat'>46¹</span> <span class='ocrx_word' id='word_1_457' title='bbox 263 4213 340 4293; x_wconf 74' lang='lat'>20⁴⁴,</span> <span class='ocrx_word' id='word_1_458' title='bbox 363 4225 416 4278; x_wconf 85' lang='lat' dir='ltr'>aut</span> <span class='ocrx_word' id='word_1_459' title='bbox 442 4217 535 4280; x_wconf 91' lang='lat' dir='ltr'>etiam</span> <span class='ocrx_word' id='word_1_460' title='bbox 564 4218 677 4293; x_wconf 89' lang='lat' dir='ltr'>minus,</span> <span class='ocrx_word' id='word_1_461' title='bbox 710 4219 737 4280; x_wconf 91' lang='lat' dir='ltr'>si</span> <span class='ocrx_word' id='word_1_462' title='bbox 765 4219 860 4281; x_wconf 90' lang='lat' dir='ltr'>ovalis</span> <span class='ocrx_word' id='word_1_463' title='bbox 894 4219 1035 4282; x_wconf 89' lang='lat' dir='ltr'>circulum</span> <span class='ocrx_word' id='word_1_464' title='bbox 1057 4219 1131 4295; x_wconf 91' lang='lat' dir='ltr'>DK,</span> <span class='ocrx_word' id='word_1_465' title='bbox 1165 4218 1231 4280; x_wconf 89' lang='lat' dir='ltr'>loco</span> <span class='ocrx_word' id='word_1_466' title='bbox 1260 4237 1420 4282; x_wconf 87' lang='lat' dir='ltr'>mensurae</span> 
     </span>
     <span class='ocr_line' id='line_1_45' title="bbox 73 4305 1421 4390; baseline -0.001 -17"><span class='ocrx_word' id='word_1_467' title='bbox 73 4308 463 4386; x_wconf 57' lang='lat' dir='ltr'>consideratumsuperet.</span> <span class='ocrx_word' id='word_1_468' title='bbox 509 4305 637 4370; x_wconf 88' lang='lat' dir='ltr'>Omnino</span> <span class='ocrx_word' id='word_1_469' title='bbox 661 4308 780 4390; x_wconf 90' lang='lat' dir='ltr'>quidem</span> <span class='ocrx_word' id='word_1_470' title='bbox 803 4328 859 4388; x_wconf 91' lang='lat' dir='ltr'>ego</span> <span class='ocrx_word' id='word_1_471' title='bbox 883 4328 941 4371; x_wconf 90' lang='lat' dir='ltr'>nun</span> <span class='ocrx_word' id='word_1_472' title='bbox 963 4328 1018 4390; x_wconf 88' lang='lat' dir='ltr'>per</span> <span class='ocrx_word' id='word_1_473' title='bbox 1041 4306 1343 4384; x_wconf 88' lang='lat' dir='ltr'>demonstrationem,</span> <span class='ocrx_word' id='word_1_474' title='bbox 1366 4306 1421 4371; x_wconf 90' lang='lat' dir='ltr'>sed</span> 
     </span>
     <span class='ocr_line' id='line_1_46' title="bbox 74 4394 1421 4481; baseline -0.001 -18"><span class='ocrx_word' id='word_1_475' title='bbox 74 4419 128 4481; x_wconf 84' lang='lat' dir='ltr'>per</span> <span class='ocrx_word' id='word_1_476' title='bbox 150 4397 299 4462; x_wconf 61' lang='lat' dir='ltr'>alonim</span> <span class='ocrx_word' id='word_1_477' title='bbox 322 4394 589 4459; x_wconf 88' lang='lat' dir='ltr'>laboriosissimum</span> <span class='ocrx_word' id='word_1_478' title='bbox 608 4405 639 4461; x_wconf 89' lang='lat' dir='ltr'>et</span> <span class='ocrx_word' id='word_1_479' title='bbox 653 4398 923 4475; x_wconf 87' lang='lat' dir='ltr'>pertinacissimum</span> <span class='ocrx_word' id='word_1_480' title='bbox 947 4397 1046 4460; x_wconf 87' lang='lat' dir='ltr'>inveni</span> <span class='ocrx_word' id='word_1_481' title='bbox 1070 4397 1218 4459; x_wconf 90' lang='lat' dir='ltr'>defectum</span> <span class='ocrx_word' id='word_1_482' title='bbox 1241 4395 1421 4461; x_wconf 88' lang='lat' dir='ltr'>semicirculi</span> 
     </span>
     <span class='ocr_line' id='line_1_47' title="bbox 74 4481 1419 4574; baseline -0.002 -23"><span class='ocrx_word' id='word_1_483' title='bbox 74 4489 171 4553; x_wconf 82' lang='lat' dir='ltr'>ovalis</span> <span class='ocrx_word' id='word_1_484' title='bbox 194 4483 249 4550; x_wconf 73' lang='lat'>45⁴</span> <span class='ocrx_word' id='word_1_485' title='bbox 273 4481 340 4551; x_wconf 81' lang='grc'>45”</span> <span class='ocrx_word' id='word_1_486' title='bbox 352 4506 359 4546; x_wconf 91' lang='lat'><strong>:</strong></span> <span class='ocrx_word' id='word_1_487' title='bbox 384 4493 418 4545; x_wconf 91' lang='lat' dir='ltr'>ut</span> <span class='ocrx_word' id='word_1_488' title='bbox 440 4486 570 4566; x_wconf 89' lang='lat' dir='ltr'>qualium</span> <span class='ocrx_word' id='word_1_489' title='bbox 599 4486 801 4549; x_wconf 89' lang='lat' dir='ltr'>semicirculus</span> <span class='ocrx_word' id='word_1_490' title='bbox 828 4487 980 4565; x_wconf 89' lang='lat' dir='ltr'>perfectus</span> <span class='ocrx_word' id='word_1_491' title='bbox 1003 4494 1052 4549; x_wconf 88' lang='lat' dir='ltr'>est</span> <span class='ocrx_word' id='word_1_492' title='bbox 1077 4481 1166 4561; x_wconf 84' lang='lat'>180⁰,</span> <span class='ocrx_word' id='word_1_493' title='bbox 1194 4484 1299 4549; x_wconf 86' lang='lat' dir='ltr'>talium</span> <span class='ocrx_word' id='word_1_494' title='bbox 1320 4485 1419 4574; x_wconf 79' lang='lat' dir='ltr'>prelis</span> 
     </span>
     <span class='ocr_line' id='line_1_48' title="bbox 75 4571 442 4643; baseline -0.014 -3"><span class='ocrx_word' id='word_1_495' title='bbox 75 4587 161 4643; x_wconf 83' lang='lat' dir='ltr'>esset</span> <span class='ocrx_word' id='word_1_496' title='bbox 187 4572 267 4640; x_wconf 81' lang='lat'>179⁰</span> <span class='ocrx_word' id='word_1_497' title='bbox 293 4571 344 4638; x_wconf 82' lang='lat' dir='ltr'>tt¹</span> <span class='ocrx_word' id='word_1_498' title='bbox 370 4571 442 4637; x_wconf 76' lang='lat'><strong><em>15¹⁴.</em></strong></span> 
     </span>
    </p>

    <p class='ocr_par' dir='ltr' id='par_1_6' title="bbox 75 4661 1446 4925">
     <span class='ocr_line' id='line_1_49' title="bbox 161 4661 1446 4746; baseline -0.003 -16"><span class='ocrx_word' id='word_1_499' title='bbox 161 4666 206 4731; x_wconf 83' lang='lat' dir='ltr'>Et</span> <span class='ocrx_word' id='word_1_500' title='bbox 232 4665 302 4746; x_wconf 89' lang='lat' dir='ltr'>qnia</span> <span class='ocrx_word' id='word_1_501' title='bbox 333 4661 500 4739; x_wconf 87' lang='lat' dir='ltr'>decurtatio</span> <span class='ocrx_word' id='word_1_502' title='bbox 541 4662 615 4723; x_wconf 87' lang='lat' dir='ltr'>haec</span> <span class='ocrx_word' id='word_1_503' title='bbox 654 4663 750 4725; x_wconf 89' lang='lat' dir='ltr'>ovalis</span> <span class='ocrx_word' id='word_1_504' title='bbox 786 4663 1044 4725; x_wconf 87' lang='lat' dir='ltr'>circumferentiae</span> <span class='ocrx_word' id='word_1_505' title='bbox 1079 4662 1249 4726; x_wconf 79' lang='lat' dir='ltr'>necessario</span> <span class='ocrx_word' id='word_1_506' title='bbox 1280 4662 1446 4745; x_wconf 79' lang='lat' dir='ltr'>aequalis¹</span> 
     </span>
     <span class='ocr_line' id='line_1_50' title="bbox 75 4750 1417 4832; baseline -0.003 -14"><span class='ocrx_word' id='word_1_507' title='bbox 75 4767 123 4820; x_wconf 88' lang='lat' dir='ltr'>est</span> <span class='ocrx_word' id='word_1_508' title='bbox 145 4754 316 4820; x_wconf 77' lang='lat' dir='ltr'>contrariae</span> <span class='ocrx_word' id='word_1_509' title='bbox 341 4750 566 4832; x_wconf 87' lang='lat' dir='ltr'>amplificationi</span> <span class='ocrx_word' id='word_1_510' title='bbox 589 4752 705 4831; x_wconf 88' lang='lat' dir='ltr'>opticae</span> <span class='ocrx_word' id='word_1_511' title='bbox 730 4751 864 4825; x_wconf 90' lang='lat' dir='ltr'>(videtur</span> <span class='ocrx_word' id='word_1_512' title='bbox 887 4751 964 4814; x_wconf 92' lang='lat' dir='ltr'>enim</span> <span class='ocrx_word' id='word_1_513' title='bbox 983 4754 1058 4815; x_wconf 91' lang='lat' dir='ltr'>haec</span> <span class='ocrx_word' id='word_1_514' title='bbox 1074 4752 1180 4828; x_wconf 86' lang='lat' dir='ltr'>uvalis,</span> <span class='ocrx_word' id='word_1_515' title='bbox 1204 4751 1417 4829; x_wconf 88' lang='lat' dir='ltr'>licetbrevior,</span> 
     </span>
     <span class='ocr_line' id='line_1_51' title="bbox 75 4837 1418 4925; baseline -0.004 -14"><span class='ocrx_word' id='word_1_516' title='bbox 75 4849 130 4912; x_wconf 92' lang='lat' dir='ltr'>sub</span> <span class='ocrx_word' id='word_1_517' title='bbox 152 4842 349 4925; x_wconf 87' lang='lat' dir='ltr'>amplitudine</span> <span class='ocrx_word' id='word_1_518' title='bbox 381 4851 482 4906; x_wconf 65' lang='lat' dir='ltr'>umen</span> <span class='ocrx_word' id='word_1_519' title='bbox 506 4837 527 4902; x_wconf 96' lang='grc'><strong>2</strong></span> <span class='ocrx_word' id='word_1_520' title='bbox 549 4848 697 4903; x_wconf 89' lang='lat' dir='ltr'>rectorum</span> <span class='ocrx_word' id='word_1_521' title='bbox 720 4842 783 4904; x_wconf 88' lang='lat' dir='ltr'>sive</span> <span class='ocrx_word' id='word_1_522' title='bbox 810 4838 891 4906; x_wconf 82' lang='lat'>180⁰</span> <span class='ocrx_word' id='word_1_523' title='bbox 911 4841 1063 4925; x_wconf 88' lang='lat' dir='ltr'>praecise,</span> <span class='ocrx_word' id='word_1_524' title='bbox 1097 4847 1215 4905; x_wconf 86' lang='lat' dir='ltr'>ettam</span> <span class='ocrx_word' id='word_1_525' title='bbox 1237 4842 1328 4923; x_wconf 90' lang='lat' dir='ltr'>longa</span> <span class='ocrx_word' id='word_1_526' title='bbox 1351 4860 1418 4906; x_wconf 87' lang='lat' dir='ltr'>esse</span> 
     </span>
    </p>
   </div>
   <div class='ocr_carea' id='block_1_5' title="bbox 153 4943 1209 5012">
    <p class='ocr_par' dir='ltr' id='par_1_7' title="bbox 153 4943 1209 5012">
     <span class='ocr_line' id='line_1_52' title="bbox 153 4943 1209 5012; baseline 0.006 -20"><span class='ocrx_word' id='word_1_527' title='bbox 153 4949 382 5004; x_wconf 60' lang='lat' dir='ltr'>amr-somus</span> <span class='ocrx_word' id='word_1_528' title='bbox 871 5003 876 5012; x_wconf 19' lang='lat' dir='ltr'>g</span> <span class='ocrx_word' id='word_1_529' title='bbox 1175 4943 1209 4999; x_wconf 75' lang='lat'>2³</span> 
     </span>
    </p>
   </div>
   <div class='ocr_carea' id='block_1_6' title="bbox 0 0 1686 5504">
    <p class='ocr_par' dir='ltr' id='par_1_8' title="bbox 0 0 1686 5504">
     <span class='ocr_line' id='line_1_53' title="bbox 0 0 1686 5504; baseline 0 0"><span class='ocrx_word' id='word_1_530' title='bbox 0 0 1686 5504; x_wconf 95' lang='lat' dir='ltr'> </span> 
     </span>
    </p>
   </div>
  </div>
 </body>
</html>
