3354 5504
166 295 232 368 tlt
695 299 725 350 1⁰
742 297 909 365 ffippssuhnn
926 294 971 350 &t

161 482 336 553 crepantism‚
359 495 418 533 curn
438 496 492 534 non
512 485 608 548 posset
628 479 662 532 ad
675 480 789 549 regulae
802 480 939 541 reducere,
961 478 988 532 in
1004 495 1082 533 casus
1096 475 1225 547 physicos
1244 473 1373 545 conjecit.
1395 472 1501 530 omnino

161 579 318 634 persuasus,
340 575 464 613 numeros
485 575 548 613 suos
570 567 669 612 execte
690 576 751 612 esse
772 558 961 613 constitutos.“
986 563 1041 615 Boc
1063 578 1158 628 negans
1176 562 1328 613 demonstrat
1344 562 1501 617 Horroceins.

163 641 316 701 „tabulsrusn
338 651 450 687 numeros
475 636 538 686 solos
557 651 612 686 esse
629 638 655 685 in
673 637 772 700 culpa“,
791 636 952 686 differentiam
966 638 1054 687 calculi
1073 644 1098 686 et
1116 635 1310 685 observationum
1328 649 1379 683 non
1398 634 1424 682 in
1443 646 1500 681 cau·

161 727 201 762 sas
220 709 401 763 accidentsrias
419 708 596 770 conjiciendam
615 722 676 760 esse,
696 707 739 757 scd
758 724 787 758 ex
805 708 1010 757 observationibus
1029 704 1207 757 emendandum
1227 720 1280 755 esse
1300 702 1432 757 calculum.
1453 702 1500 754 0h·

162 784 310 833 terrationes
328 780 440 844 priorum.
459 778 603 831 Ptolemaei.
623 778 750 835 Waltheri,
768 779 966 844 Regiomontanl‚
986 778 1120 843 Copernici‚
1139 791 1170 826 ne
1183 775 1305 838 Tyehonls
1324 775 1434 840 quidem.
1453 790 1501 824 non

163 868 216 904 esse
234 852 322 917 ultique
341 851 515 907 exactissimos,
535 865 602 906 „uon
615 864 669 899 esse
688 864 719 899 es
735 853 819 900 omnis
836 852 896 899 satis
913 850 1042 915 diligenter
1059 851 1196 904 observata
1215 861 1279 912 qnae
1296 856 1386 898 tamen
1403 860 1420 896 s
1436 862 1500 897 surn·
1529 885 1543 941 Ι

164 929 210 976 ruis
228 926 284 973 viris
301 930 419 986 unquam
438 923 504 971 omni
522 922 664 984 exceptione
681 924 777 984 melosa
794 920 976 971 venditentur.“
1013 921 1120 972 Causam
1138 919 1262 969 dissensus
1280 920 1307 969 irs
1324 918 1499 969 observationi·

163 1005 208 1055 hus
226 1003 291 1054 haue
310 1017 364 1053 esse
385 1001 536 1065 dicitquod
560 994 669 1065 „magni
690 995 749 1058 viri,
771 995 887 1049 inventis
908 995 1025 1065 propriis
1045 995 1154 1049 nimium
1174 993 1350 1057 confidentes,
1373 992 1499 1046 observa·

161 1078 262 1132 tionem
283 1074 399 1131 strictim
420 1082 565 1138 enarrant,
593 1092 750 1145 processum
770 1082 875 1136 autem,
896 1092 975 1145 quern
995 1076 1022 1129 in
1043 1075 1212 1130 observando
1233 1080 1393 1135 tenuerunt,
1415 1072 1499 1127 minus

162 1156 275 1212 candide
292 1155 470 1210 dissimulant.
510 1155 608 1226 Longe
628 1154 716 1227 magis
738 1154 856 1227 ingenue
877 1155 1059 1224 Keplerue.
1082 1153 1200 1225 quinon
1221 1154 1310 1208 solum
1330 1152 1499 1221 ohservatio-

163 1253 219 1300 nes,
241 1237 289 1289 sed
309 1242 339 1289 et
359 1235 465 1287 modum
487 1234 649 1288 ohservsndi
670 1235 783 1289 candide
803 1234 881 1289 nobis
902 1235 1115 1289 communicavit.
1156 1232 1233 1288 Unde
1254 1233 1359 1287 factum
1381 1239 1443 1296 est,
1472 1238 1499 1287 ul

160 1317 234 1371 illius
255 1314 461 1369 observationes
483 1314 539 1369 sint
557 1315 673 1368 eliorum
693 1315 809 1369 omnium
831 1315 972 1378 certiores.
1003 1332 1035 1369 uo
1056 1314 1167 1384 proinde
1189 1329 1207 1366 a
1230 1329 1272 1367 me
1294 1310 1408 1367 maximi
1427 1312 1498 1367 hunt

159 1396 238 1452 Illius
258 1395 344 1467 igitur
363 1395 490 1464 exemplo
512 1410 603 1448 omues
626 1395 776 1449 admonitos
797 1395 886 1457 velim,
909 1402 941 1448 ut
960 1400 1047 1449 lotum
1068 1393 1230 1448 observandi
1244 1408 1413 1462 processum
1426 1394 1497 1448 nobis

161 1493 214 1531 non
234 1475 386 1536 invideant;
416 1475 454 1527 sit
479 1474 545 1528 licet
564 1475 649 1545 paulo
668 1476 732 1544 plus
753 1475 868 1538 laboris,
895 1476 1018 1546 singulus
1039 1476 1171 1546 ambages
1192 1473 1328 1543 prolixius
1349 1489 1497 1536 recenme.

161 1572 297 1627 uunquam
318 1561 410 1610 tamen
430 1554 583 1625 poenitebit
602 1553 747 1610 veritatem
768 1557 839 1610 tanti
859 1555 985 1609 eruisse.“

247 1633 346 1684 Deinde
358 1646 447 1683 causas
464 1645 604 1688 recensens,
622 1647 686 1697 quae
697 1634 775 1697 ipsum
793 1635 918 1687 moverint
938 1643 966 1682 nt
977 1632 1106 1698 s'opernici
1122 1630 1206 1681 mundi
1224 1632 1346 1681 &soriam
1358 1631 1414 1681 aliis
1432 1645 1497 1696 prse-

163 1705 247 1762 lsrret.
265 1706 374 1755 murima
392 1719 421 1754 ex
438 1711 508 1769 parte
520 1703 622 1768 Kepleri
640 1711 737 1754 secutus
756 1706 923 1768 Epitomen
942 1706 1023 1754 Astr.
1044 1703 1295 1766 copernicanse,
1314 1700 1497 1763 additHcrroc-

162 1778 227 1827 aius:
244 1774 309 1825 haec
320 1774 386 1840 apud
403 1774 518 1825 lectorem
536 1775 642 1839 praefari
655 1775 726 1833 volni,
745 1783 773 1826 nt
790 1777 884 1842 gratias
902 1790 1000 1853 egerem
1018 1773 1155 1825 doctissimo
1172 1772 1290 1838 Keplero,
1308 1776 1380 1836 cuins
1398 1775 1498 1825 muneris

165 1860 220 1898 esse
238 1846 334 1902 lassor,
362 1844 426 1910 quod
451 1844 492 1895 hic
514 1861 563 1895 non
591 1847 741 1905 essentiam
769 1847 826 1897 mihi
845 1848 909 1897 enirn
928 1862 983 1896 cum
1006 1846 1103 1912 reliquls
1122 1845 1213 1895 erranti
1231 1845 1329 1910 spernit
1353 1844 1396 1895 ills
1414 1844 1499 1905 ocules,

165 1931 241 1983 quare
260 1917 294 1967 illi
312 1916 411 1982 quidem
428 1932 468 1967 me
486 1931 517 1968 sc
534 1931 592 1967 rnes
609 1919 642 1975 (si
660 1931 709 1982 qus
727 1916 794 1979 sunt)
813 1918 894 1968 deberi
912 1932 1036 1983 nunqnam
1054 1932 1103 1968 non
1122 1917 1263 1967 condtehor.
1296 1914 1354 1965 Deo
1372 1915 1498 1967 immortali

162 1989 193 2041 0.
212 1988 248 2040 tl.
267 2003 299 2039 ex
315 1988 397 2059 animo
415 1996 499 2053 gretes
511 2003 566 2055 ago,
586 1989 650 2053 quod
668 1989 853 2052 pulcherrimam
864 1990 929 2040 hanc
947 1996 1021 2054 etque
1037 1988 1199 2039 humensrum
1212 1988 1320 2037 omnium
1332 1989 1498 2039 susvlssimsss

161 2061 291 2112 veritatem
309 2058 504 2123 amplectendam
522 2062 678 2110 concesserit.
1262 2072 1266 2076 ·
1472 2108 1475 2113 ,
1494 2093 1497 2099 .

247 2130 294 2180 His
311 2129 475 2196 similibusque
492 2131 616 2196 permultis
643 2133 669 2180 in
687 2131 820 2195 Keplernm
842 2131 954 2182 landihns
973 2130 1102 2182 cumulatis
1127 2130 1260 2194 interponit
1277 2127 1430 2180 Hcrroccins
1447 2129 1472 2179 in

161 2217 177 2253 s
194 2202 270 2266 primo
290 2201 386 2252 exordio
405 2201 603 2267 Lanshergii
626 2216 755 2252 censuram
772 2203 839 2252 hand
855 2205 936 2252 minus
954 2218 1065 2268 gravem.
1084 2201 1156 2265 hujus
1174 2214 1266 2251 errores
1284 2215 1384 2264 semper
1402 2213 1496 2266 comps

161 2288 218 2324 rens
237 2288 292 2323 cuns
309 2272 411 2337 Keplerl
428 2274 538 2330 meritis.
564 2286 614 2324 non
632 2275 746 2323 omittens
764 2275 837 2330 alios.
860 2288 960 2339 quornm
978 2288 1067 2324 nomen
1084 2276 1110 2323 in
1129 2273 1298 2323 uuonomicis
1316 2271 1373 2335 plus
1391 2273 1497 2322 reims

159 2345 282 2396 inclaruit.
317 2343 349 2394 In
366 2344 536 2408 comparandis
553 2360 575 2392 v.
595 2360 616 2397 c.
636 2346 804 2395 astronomicis
821 2345 994 2409 hypothesibus
1011 2346 1057 2409 ipsi
1075 2345 1199 2395 sententis
1216 2350 1281 2393 stet:
1298 2349 1435 2400 „ceum
1452 2358 1496 2393 ons·

161 2418 228 2466 nium
240 2415 367 2475 ‚mobilium
385 2422 424 2465 est
439 2416 518 2480 ipsum
537 2414 599 2466 Solis
617 2430 717 2480 corpus,
736 2417 790 2466 lons
807 2423 903 2475 motus,
921 2416 976 2467 non'
989 2425 1071 2468 sutem
1089 2423 1206 2481 punctum
1223 2414 1324 2479 quodvis
1342 2414 1496 2465 mathstusli·

161 2502 217 2537 cnm
234 2501 308 2552 prope
321 2485 411 2542 Solem.
429 2493 459 2536 nt
476 2501 602 2551 perperam
615 2493 727 2537 statuunt
739 2487 895 2553 deperdens,
914 2486 1034 2544 Bmheus,
1052 2487 1232 2552 Lanshergius3
1251 2487 1292 2550 qui
1311 2484 1413 2551 quidem
1425 2484 1496 2536 hene

162 2558 259 2624 bergine
276 2557 450 2624 multomagis
468 2557 603 2621 culpandus
622 2565 668 2613 est,
685 2571 759 2623 quesn
776 2560 861 2624 reliqui
879 2558 936 2617 duo,
954 2572 983 2609 so
1001 2559 1065 2624 quod
1081 2557 1176 2608 videret
1188 2552 1356 2607 dotcissimnrn
1367 2554 1496 2622 Kspisrsss

161 2630 268 2694 opinioni
284 2630 324 2678 lstl
347 2629 519 2679 adversantem
539 2643 685 2694 summeque
707 2631 730 2678 vi
754 2644 785 2680 so
809 2630 951 2680 firmissimis
976 2630 1126 2694 argumentis
1152 2633 1353 2692 oppugnantem.
1382 2643 1431 2679 nec
1451 2629 1496 2692 ipss

160 2701 240 2752 locum
267 2702 338 2751 cessit
364 2701 490 2750 veritati.“
508 2725 544 2735 —
577 2699 621 2750 Sic
642 2715 787 2764 comparans
804 2701 911 2752 Tabulas
930 2703 1105 2752 astronomicas
1123 2700 1258 2756 contendit.
1276 2699 1388 2763 priorum
1405 2698 1496 2751 tabulas

161 2772 302 2839 longissime
321 2786 337 2820 a
354 2772 457 2822 seritste
478 2773 574 2829 abesse,
602 2777 651 2822 tres
672 2778 768 2821 tantum
787 2787 853 2828 esse,
880 2788 978 2837 quornm
1005 2773 1104 2824 tabulae
1122 2770 1289 2835 respiciendae
1316 2771 1376 2832 sint,
1404 2770 1495 2836 Longo

161 2851 312 2899 montanum,
331 2841 474 2905 Keplernm‚
492 2842 677 2909 Lanshergium.
704 2843 775 2900 „Vsa
793 2844 878 2908 inquit,
898 2844 929 2893 de
947 2844 984 2894 his
1002 2845 1151 2894 sententium
1170 2855 1252 2892 meam
1272 2841 1381 2892 breviter
1401 2839 1495 2893 audire!

161 2914 276 2980 Optimae
292 2920 350 2963 sunt
367 2912 609 2978 Rndolphinse',
637 2916 744 2977 proxime
761 2913 808 2965 illis
824 2914 946 2965 accedunt
964 2913 1123 2970 Danicse.
1142 2914 1298 2978 omniumque
1317 2919 1347 2962 ut
1364 2918 1496 2977 postrema

160 2988 197 3036 ita
214 2985 335 3050 pessimse
354 2984 629 3050 Lanshergisnae.
666 2984 944 3050 Longomontanns
970 3000 1082 3037 numeros
1100 2998 1149 3034 non
1167 2984 1232 3035 ursle
1250 2983 1363 3047 ordinat,
1383 2984 1410 3034 in
1427 2982 1495 3047 hypo·

163 3056 272 3106 thesibus
290 3055 454 3118 sollspeccat
474 3056 634 3119 Keplerns
651 3062 780 3121 utrumque
792 3057 925 3108 rectissime
936 3056 1006 3119 iacit,
1025 3056 1387 3122 Lanshergiusneutsusn.
1412 3054 1496 3106 nulus

162 3141 253 3180 errores
271 3127 297 3176 in
315 3127 465 3177 astronomia
488 3127 589 3176 abstulit
606 3126 839 3194 Longomontsnus‚
866 3129 940 3195 longe
958 3130 1039 3193 plures
1056 3127 1190 3192 Keplerus.
1214 3141 1274 3190 quos
1292 3140 1380 3176 omnes
1397 3127 1496 3179 ussus

160 3192 335 3263 Lsnsbergins.
357 3196 471 3262 Denique
489 3199 663 3251 astronomiam
681 3199 820 3250 emendavit
837 3199 1062 3266 Longornontanns,
1078 3197 1181 3263 perfecit
1198 3198 1248 3248 lere
1265 3197 1402 3262 sepiens.
1418 3198 1494 3248 inher-

162 3272 222 3321 rlnre
239 3269 390 3333 perturbavit
407 3268 604 3335 Lsnshergins.⁴‘

251 3339 469 3404 Lanshergins
485 3342 512 3389 in
530 3339 738 3398 .‚Uvsnometrls“
758 3337 934 3408 (Middelbnrgi
955 3338 1033 3401 ltus)
1050 3341 1132 3397 idern.
1149 3340 1213 3406 quod
1229 3339 1354 3405 Koplavss
1378 3341 1407 3390 in
1422 3338 1495 3405 ..Hip-

160 3408 270 3481 parcho“
288 3426 332 3461 suo
350 3410 524 3474 perdolendnm
542 3413 587 3461 sihi
600 3418 765 3477 proposuerat,
785 3413 935 3478 aggreditur,
954 3412 1016 3463 Solis
1028 3413 1123 3463 scilicet
1140 3420 1166 3462 et
1176 3411 1264 3463 Lunae
1282 3409 1416 3463 estense
1431 3424 1494 3480 rusg-

162 3483 285 3535 nitudines
304 3489 330 3532 et
347 3481 479 3533 intervella
496 3485 643 3549 geometrice
662 3478 841 3542 demonstrare,
868 3499 926 3534 usus
950 3484 1147 3550 ..diagrammate
1164 3480 1327 3547 Hipparchi.“
1365 3480 1496 3539 Concludit.

161 3556 230 3621 qnasi
247 3568 274 3604 ra
291 3553 355 3604 hene
373 3552 495 3611 coniecta,
513 3553 551 3603 his
564 3555 654 3604 verbis:
666 3554 767 3619 Kepleri
785 3554 931 3618 hypotheses
943 3557 1021 3620 prima
1038 3555 1118 3605 fronte
1130 3553 1242 3604 videntur
1258 3559 1388 3617 praestare
1406 3552 1496 3617 ryete

161 3626 239 3686 ulcis,
264 3639 294 3675 eo
316 3624 380 3690 qnod
395 3622 529 3689 Hipparchi
548 3625 720 3691 diagrammeti
738 3626 898 3690 respondent;
921 3628 1027 3690 penitius
1044 3632 1129 3676 tamn
1146 3627 1273 3690 inspectae
1291 3638 1342 3674 non
1359 3626 1442 3676 ulnus
1457 3622 1495 3674 sh

161 3697 252 3748 surdae
270 3708 324 3746 esse
342 3695 567 3760 deprehenduntur,
584 3711 657 3762 quam
676 3696 841 3760 Tychcuicse.
865 3698 937 3747 Facit
954 3699 1018 3747 eninr
1035 3696 1157 3761 Keplsrus
1175 3696 1385 3747 semidiametrurn
1402 3695 1497 3746 misse

162 3773 321 3832 apparentem
347 3765 375 3816 Ιιι
400 3768 506 3817 transitu
523 3768 610 3818 Lnnse
634 3781 761 3833 apogaeae
779 3766 823 3817 Μ’
842 3767 907 3828 22”,
930 3776 1048 3833 pntstqne
1073 3768 1140 3819 haria
1157 3769 1273 3818 seriorem
1292 3780 1349 3818 esse
1367 3780 1413 3828 es,
1430 3779 1497 3832 quen

122 3876 126 3883 -
164 3839 248 3903 'l'ycho
266 3839 293 3887 iu
311 3837 440 3902 eclipsibus
458 3838 545 3889 Lunae
562 3839 745 3897 demonstravit.
764 3835 815 3888 4³⁴.
852 3838 901 3891 Sed
918 3840 989 3891 valde
1006 3840 1098 3891 isllltnr
1115 3840 1227 3904 opinione
1245 3853 1300 3889 sus.
1330 3836 1386 3889 Nus
1403 3839 1496 3890 duee·

165 3911 303 3967 suabinus,
321 3908 529 3960 semidiametrnm
541 3911 642 3961 umhree
654 3912 678 3960 in
691 3912 795 3961 uansitn
807 3910 894 3962 Lunae
912 3926 1039 3976 apogsase
1057 3910 1137 3962 adhm
1155 3912 1271 3961 minorem
1283 3924 1339 3961 esse
1352 3909 1496 3974 lym

166 4013 217 4033 ..0
235 3981 307 4032 Unde
324 3980 480 4031 manifestum
499 3989 549 4042 est.
582 3981 685 4046 Kepleri
708 3981 854 4046 hypotheses
872 3998 920 4032 non
941 3985 1021 4033 ninus
1038 3983 1149 4033 lahortre
1166 3981 1227 4033 islso
1246 3988 1272 4030 et
1289 3981 1413 4041 absurde.
1429 3993 1498 4047 μ·

166 4053 326 4119 Tychonicas
368 4051 440 4103 Haec
458 4059 484 4104 et
502 4053 563 4111 slis,
586 4067 649 4119 quse
668 4053 832 4119 Lanshergins
849 4056 874 4104 in
893 4054 1100 4112 .‚iirsnoneuis··
1118 4059 1204 4105 conus
1219 4051 1357 4116 Keplernm
1373 4054 1498 4117 inm

167 4124 248 4182 effert,
266 4122 471 4175 Horroccium
488 4132 621 4181 moverunt.
639 4131 668 4175 nt
679 4124 747 4174 iilam
759 4138 877 4176 censurae
888 4139 949 4176 suse
960 4126 1098 4189 subiiceret,
1116 4126 1222 4191 itemque
1240 4124 1432 4191 „disgrsusns'⁸
1443 4119 1499 4175 illd

170 4204 203 4255 sd
221 4217 324 4255 maman
341 4210 475 4254 revccsret.
512 4202 637 4255 Summum
654 4205 815 4270 inquisitionis
832 4221 892 4258 susc
909 4206 947 4257 his
964 4205 1144 4271 complectitur:
1174 4193 1204 4268 l)
1223 4198 1397 4272 hypotheses
1415 4196 1498 4255 Im·

166 4276 257 4350 hergii
277 4294 331 4331 non
352 4275 451 4347 ubique
472 4276 524 4332 sibi
545 4285 680 4341 constent,
702 4280 750 4333 sed
770 4279 905 4335 uhsurdae
924 4286 989 4335 sunt
1009 4297 1061 4335 non
1081 4279 1167 4334 minus
1188 4276 1272 4351 quam
1289 4294 1363 4350 quae
1375 4279 1497 4343 nerine,

169 4357 291 4427 nihilque
311 4355 371 4411 vitii
396 4358 431 4411 ab
456 4356 516 4428 ipso
547 4357 575 4412 in
595 4359 689 4430 quovis
710 4358 765 4413 alio
785 4367 922 4430 repertum
943 4366 998 4422 est,
1021 4361 1090 4431 quod
1111 4377 1164 4414 non
1184 4359 1212 4414 in
1232 4358 1289 4413 suis
1309 4360 1396 4417 etism
1414 4362 1497 4437 hyps-

169 4437 293 4493 thesihus
308 4434 471 4501 invenietur,
492 4454 525 4493 uo
544 4439 656 4508 proinde
677 4439 736 4509 ipse
757 4440 942 4512 Lansbergiue
963 4439 1077 4494 solidam
1097 4439 1303 4513 diagrammstis
1323 4440 1497 4515 Hippssuhici

169 4517 295 4573 notitiem
314 4534 369 4572 non
393 4516 520 4575 hebuit..
541 4514 572 4588 2)
593 4519 679 4575 Nemo
704 4526 749 4573 est
768 4527 995 4584 asmonomorum,
1017 4537 1082 4591 quos
1103 4521 1151 4575 ille
1170 4526 1305 4586 recenset
1325 4521 1375 4593 qui
1391 4538 1446 4581 nnn
1465 4536 1498 4576 es

170 4597 260 4654 omnis
288 4596 417 4663 sciverit,
444 4614 514 4669 quse
534 4616 583 4655 nos
604 4600 652 4655 ille
673 4600 776 4664 docuit;
804 4600 944 4671 Keplerus
971 4608 1061 4655 autem
1090 4601 1164 4656 solus
1184 4600 1395 4674 disgrennssis
1417 4602 1496 4675 huius

170 4677 321 4749 perieotsm
349 4677 560 4752 intelligentium
584 4680 691 4736 habuit.
735 4674 766 4749 3)
788 4681 964 4752 Hypothesee
983 4681 1032 4747 L..
1057 4681 1111 4735 etsi
1140 4681 1191 4737 sibi
1211 4682 1413 4754 consentiteut,
1438 4688 1499 4745 susi

156 4765 270 4821 'tenes
285 4757 401 4819 nmmum
420 4759 539 4817 nexisse
559 4759 635 4819 coelo
656 4758 855 4828 dissentmese,
875 4760 1062 4839 Kepleriaute
1082 4761 1111 4820 in
1124 4761 1246 4819 omnihus
1258 4763 1376 4825 veritati
1391 4762 1497 4842 βψ·
