<?xml version="1.0" encoding="UTF-8"?>
<!DOCTYPE html PUBLIC "-//W3C//DTD XHTML 1.0 Transitional//EN"
    "http://www.w3.org/TR/xhtml1/DTD/xhtml1-transitional.dtd">
<html xmlns="http://www.w3.org/1999/xhtml" xml:lang="en" lang="en">
 <head>
  <title>
</title>
<meta http-equiv="Content-Type" content="text/html;charset=utf-8" />
  <meta name='ocr-system' content='tesseract 3.04.00' />
  <meta name='ocr-capabilities' content='ocr_page ocr_carea ocr_par ocr_line ocrx_word'/>
</head>
<body>
  <div class='ocr_page' id='page_1' title='image "./joanniskepleria14frisgoog_0062.png"; bbox 0 0 3354 5504; ppageno 0'>
   <div class='ocr_carea' id='block_1_1' title="bbox 160 276 1084 353">
    <p class='ocr_par' dir='ltr' id='par_1_1' title="bbox 160 276 1084 353">
     <span class='ocr_line' id='line_1_1' title="bbox 160 276 1084 353; baseline 0.009 -31"><span class='ocrx_word' id='word_1_1' title='bbox 160 282 202 353; x_wconf 74' lang='lat'>52</span> <span class='ocrx_word' id='word_1_2' title='bbox 390 310 392 315; x_wconf 69' lang='lat'>,</span> <span class='ocrx_word' id='word_1_3' title='bbox 576 277 676 332; x_wconf 86' lang='lat' dir='ltr'>Literas</span> <span class='ocrx_word' id='word_1_4' title='bbox 693 276 796 342; x_wconf 86' lang='lat' dir='ltr'>Kepleri</span> <span class='ocrx_word' id='word_1_5' title='bbox 815 277 963 351; x_wconf 83' lang='lat' dir='ltr'>allommqne</span> <span class='ocrx_word' id='word_1_6' title='bbox 981 283 1084 330; x_wconf 84' lang='lat' dir='ltr'>mutuae</span> 
     </span>
    </p>
   </div>
   <div class='ocr_carea' id='block_1_2' title="bbox 80 454 1560 3576">
    <p class='ocr_par' dir='ltr' id='par_1_2' title="bbox 160 454 1509 639">
     <span class='ocr_line' id='line_1_2' title="bbox 160 454 1507 544; baseline -0.004 -16"><span class='ocrx_word' id='word_1_7' title='bbox 160 483 318 544; x_wconf 79' lang='lat' dir='ltr'>excerpam</span> <span class='ocrx_word' id='word_1_8' title='bbox 349 460 529 524; x_wconf 88' lang='lat' dir='ltr'>anomaliam</span> <span class='ocrx_word' id='word_1_9' title='bbox 559 464 754 541; x_wconf 83' lang='lat' dir='ltr'>coaequatam</span> <span class='ocrx_word' id='word_1_10' title='bbox 783 458 813 519; x_wconf 95' lang='lat' dir='ltr'>in</span> <span class='ocrx_word' id='word_1_11' title='bbox 849 456 991 537; x_wconf 85' lang='lat' dir='ltr'>gradibus</span> <span class='ocrx_word' id='word_1_12' title='bbox 1010 457 1172 537; x_wconf 82' lang='lat' dir='ltr'>integris,</span> <span class='ocrx_word' id='word_1_13' title='bbox 1212 454 1411 539; x_wconf 84' lang='lat' dir='ltr'>adjiciendam</span> <span class='ocrx_word' id='word_1_14' title='bbox 1440 454 1507 523; x_wconf 92' lang='lat' dir='ltr'>loco</span> 
     </span>
     <span class='ocr_line' id='line_1_3' title="bbox 160 545 1509 639; baseline -0.004 -22"><span class='ocrx_word' id='word_1_15' title='bbox 160 553 298 639; x_wconf 91' lang='lat' dir='ltr'>apogaei,</span> <span class='ocrx_word' id='word_1_16' title='bbox 323 572 388 615; x_wconf 92' lang='lat' dir='ltr'>cum</span> <span class='ocrx_word' id='word_1_17' title='bbox 413 549 557 612; x_wconf 81' lang='lat' dir='ltr'>distantia</span> <span class='ocrx_word' id='word_1_18' title='bbox 580 547 687 611; x_wconf 91' lang='lat' dir='ltr'>sideris</span> <span class='ocrx_word' id='word_1_19' title='bbox 705 545 809 611; x_wconf 90' lang='lat' dir='ltr'>aSole</span> <span class='ocrx_word' id='word_1_20' title='bbox 827 548 917 627; x_wconf 89' lang='lat' dir='ltr'>paulo</span> <span class='ocrx_word' id='word_1_21' title='bbox 940 545 1075 612; x_wconf 90' lang='lat' dir='ltr'>breviore</span> <span class='ocrx_word' id='word_1_22' title='bbox 1096 567 1184 627; x_wconf 89' lang='lat' dir='ltr'>qnam</span> <span class='ocrx_word' id='word_1_23' title='bbox 1203 555 1252 609; x_wconf 92' lang='lat' dir='ltr'>est</span> <span class='ocrx_word' id='word_1_24' title='bbox 1270 567 1350 622; x_wconf 88' lang='lat' dir='ltr'>vera,</span> <span class='ocrx_word' id='word_1_25' title='bbox 1376 546 1509 611; x_wconf 89' lang='lat' dir='ltr'>demissa</span> 
     </span>
    </p>

    <p class='ocr_par' dir='ltr' id='par_1_3' title="bbox 160 635 1506 723">
     <span class='ocr_line' id='line_1_4' title="bbox 160 635 1506 723; baseline -0.005 -17"><span class='ocrx_word' id='word_1_26' title='bbox 160 644 277 707; x_wconf 90' lang='lat' dir='ltr'>scilicet</span> <span class='ocrx_word' id='word_1_27' title='bbox 298 638 536 723; x_wconf 80' lang='lat' dir='ltr'>perpendiculari</span> <span class='ocrx_word' id='word_1_28' title='bbox 551 658 588 700; x_wconf 93' lang='lat' dir='ltr'>ex</span> <span class='ocrx_word' id='word_1_29' title='bbox 603 637 711 712; x_wconf 89' lang='lat' dir='ltr'>sidere,</span> <span class='ocrx_word' id='word_1_30' title='bbox 736 657 801 700; x_wconf 92' lang='lat' dir='ltr'>cum</span> <span class='ocrx_word' id='word_1_31' title='bbox 815 635 908 697; x_wconf 91' lang='lat' dir='ltr'>habet</span> <span class='ocrx_word' id='word_1_32' title='bbox 924 636 969 696; x_wconf 89' lang='lat' dir='ltr'>lat</span> <span class='ocrx_word' id='word_1_33' title='bbox 956 636 1153 709; x_wconf 51' lang='lat' dir='ltr'>titudinems</span> <span class='ocrx_word' id='word_1_34' title='bbox 1145 656 1185 698; x_wconf 90' lang='grc' dir='ltr'>ιιι</span> <span class='ocrx_word' id='word_1_35' title='bbox 1189 638 1310 716; x_wconf 89' lang='lat' dir='ltr'>planum</span> <span class='ocrx_word' id='word_1_36' title='bbox 1330 635 1506 717; x_wconf 80' lang='lat' dir='ltr'>eclipticas:</span> 
     </span>
    </p>

    <p class='ocr_par' dir='ltr' id='par_1_4' title="bbox 128 723 1530 1525">
     <span class='ocr_line' id='line_1_5' title="bbox 128 723 1507 815; baseline -0.004 -20"><span class='ocrx_word' id='word_1_37' title='bbox 128 729 135 742; x_wconf 84' lang='lat'>&#39;</span> <span class='ocrx_word' id='word_1_38' title='bbox 161 750 236 815; x_wconf 89' lang='lat' dir='ltr'>quae</span> <span class='ocrx_word' id='word_1_39' title='bbox 260 731 378 813; x_wconf 90' lang='lat' dir='ltr'>quidem</span> <span class='ocrx_word' id='word_1_40' title='bbox 410 727 663 810; x_wconf 86' lang='lat' dir='ltr'>perpendicularis</span> <span class='ocrx_word' id='word_1_41' title='bbox 695 726 800 788; x_wconf 90' lang='lat' dir='ltr'>itidem</span> <span class='ocrx_word' id='word_1_42' title='bbox 831 725 1018 805; x_wconf 81' lang='lat' dir='ltr'>excerpenda</span> <span class='ocrx_word' id='word_1_43' title='bbox 1040 725 1098 788; x_wconf 88' lang='lat' dir='ltr'>erit</span> <span class='ocrx_word' id='word_1_44' title='bbox 1121 745 1187 788; x_wconf 90' lang='lat' dir='ltr'>cum</span> <span class='ocrx_word' id='word_1_45' title='bbox 1218 726 1365 788; x_wconf 90' lang='lat' dir='ltr'>distantia</span> <span class='ocrx_word' id='word_1_46' title='bbox 1387 746 1406 786; x_wconf 90' lang='lat' dir='ltr'>a</span> <span class='ocrx_word' id='word_1_47' title='bbox 1429 723 1507 789; x_wconf 87' lang='lat' dir='ltr'>nodo</span> 
     </span>
     <span class='ocr_line' id='line_1_6' title="bbox 161 814 1505 897; baseline -0.003 -12"><span class='ocrx_word' id='word_1_48' title='bbox 161 843 199 885; x_wconf 92' lang='lat' dir='ltr'>ex</span> <span class='ocrx_word' id='word_1_49' title='bbox 221 823 284 884; x_wconf 89' lang='lat' dir='ltr'>suis</span> <span class='ocrx_word' id='word_1_50' title='bbox 307 819 430 882; x_wconf 88' lang='lat' dir='ltr'>tabulis</span> <span class='ocrx_word' id='word_1_51' title='bbox 476 819 541 880; x_wconf 90' lang='lat' dir='ltr'>Hoc</span> <span class='ocrx_word' id='word_1_52' title='bbox 564 825 654 897; x_wconf 88' lang='lat' dir='ltr'>pacto</span> <span class='ocrx_word' id='word_1_53' title='bbox 677 817 773 878; x_wconf 90' lang='lat' dir='ltr'>locum</span> <span class='ocrx_word' id='word_1_54' title='bbox 798 814 905 877; x_wconf 90' lang='lat' dir='ltr'>sideris</span> <span class='ocrx_word' id='word_1_55' title='bbox 932 816 1084 895; x_wconf 90' lang='lat' dir='ltr'>proprium</span> <span class='ocrx_word' id='word_1_56' title='bbox 1108 815 1236 878; x_wconf 90' lang='lat' dir='ltr'>minimo</span> <span class='ocrx_word' id='word_1_57' title='bbox 1264 815 1385 895; x_wconf 90' lang='lat' dir='ltr'>negotio</span> <span class='ocrx_word' id='word_1_58' title='bbox 1408 835 1462 895; x_wconf 92' lang='lat' dir='ltr'>per</span> <span class='ocrx_word' id='word_1_59' title='bbox 1485 815 1505 881; x_wconf 88' lang='lat'><strong>3</strong></span> 
     </span>
     <span class='ocr_line' id='line_1_7' title="bbox 163 904 1507 985; baseline -0.004 -11"><span class='ocrx_word' id='word_1_60' title='bbox 163 909 366 974; x_wconf 86' lang='lat' dir='ltr'>dimensiones</span> <span class='ocrx_word' id='word_1_61' title='bbox 389 907 575 976; x_wconf 90' lang='lat' dir='ltr'>habebimus,</span> <span class='ocrx_word' id='word_1_62' title='bbox 599 907 646 968; x_wconf 92' lang='lat' dir='ltr'>cui</span> <span class='ocrx_word' id='word_1_63' title='bbox 669 904 913 985; x_wconf 80' lang='lat' dir='ltr'>supervenientes</span> <span class='ocrx_word' id='word_1_64' title='bbox 942 905 1116 984; x_wconf 89' lang='lat' dir='ltr'>parallaxes</span> <span class='ocrx_word' id='word_1_65' title='bbox 1140 904 1219 967; x_wconf 89' lang='lat' dir='ltr'>orbis</span> <span class='ocrx_word' id='word_1_66' title='bbox 1243 904 1333 968; x_wconf 92' lang='lat' dir='ltr'>annui</span> <span class='ocrx_word' id='word_1_67' title='bbox 1356 906 1507 968; x_wconf 86' lang='lat' dir='ltr'>nonnullis</span> 
     </span>
     <span class='ocr_line' id='line_1_8' title="bbox 161 994 1507 1075; baseline -0.005 -11"><span class='ocrx_word' id='word_1_68' title='bbox 161 1000 273 1065; x_wconf 89' lang='lat' dir='ltr'>tabulis</span> <span class='ocrx_word' id='word_1_69' title='bbox 295 997 473 1061; x_wconf 88' lang='lat' dir='ltr'>universalit</span> <span class='ocrx_word' id='word_1_70' title='bbox 460 1004 506 1059; x_wconf 91' lang='lat' dir='ltr'>ter</span> <span class='ocrx_word' id='word_1_71' title='bbox 529 995 648 1075; x_wconf 80' lang='lat' dir='ltr'>excerpi</span> <span class='ocrx_word' id='word_1_72' title='bbox 680 1014 769 1074; x_wconf 91' lang='lat' dir='ltr'>posse</span> <span class='ocrx_word' id='word_1_73' title='bbox 793 1011 897 1073; x_wconf 87' lang='lat' dir='ltr'>spero;</span> <span class='ocrx_word' id='word_1_74' title='bbox 932 995 986 1055; x_wconf 88' lang='lat' dir='ltr'>sed</span> <span class='ocrx_word' id='word_1_75' title='bbox 1005 995 1050 1056; x_wconf 91' lang='lat' dir='ltr'>ita</span> <span class='ocrx_word' id='word_1_76' title='bbox 1073 1003 1160 1056; x_wconf 86' lang='lat' dir='ltr'>erunt</span> <span class='ocrx_word' id='word_1_77' title='bbox 1184 994 1396 1058; x_wconf 86' lang='lat' dir='ltr'>extricandae:</span> <span class='ocrx_word' id='word_1_78' title='bbox 1422 1014 1507 1057; x_wconf 92' lang='lat' dir='ltr'>cum-</span> 
     </span>
     <span class='ocr_line' id='line_1_9' title="bbox 160 1083 1530 1170; baseline -0.001 -19"><span class='ocrx_word' id='word_1_79' title='bbox 160 1089 316 1170; x_wconf 88' lang='lat' dir='ltr'>parabitnr</span> <span class='ocrx_word' id='word_1_80' title='bbox 339 1089 421 1149; x_wconf 88' lang='lat' dir='ltr'>locus</span> <span class='ocrx_word' id='word_1_81' title='bbox 435 1085 517 1149; x_wconf 90' lang='lat' dir='ltr'>Solis</span> <span class='ocrx_word' id='word_1_82' title='bbox 541 1105 594 1147; x_wconf 89' lang='lat' dir='ltr'>sen</span> <span class='ocrx_word' id='word_1_83' title='bbox 609 1085 719 1146; x_wconf 89' lang='lat' dir='ltr'>Terrae</span> <span class='ocrx_word' id='word_1_84' title='bbox 744 1103 810 1145; x_wconf 89' lang='lat' dir='ltr'>cnm</span> <span class='ocrx_word' id='word_1_85' title='bbox 834 1083 899 1145; x_wconf 90' lang='lat' dir='ltr'>loco</span> <span class='ocrx_word' id='word_1_86' title='bbox 923 1083 1031 1146; x_wconf 87' lang='lat' dir='ltr'>sideris</span> <span class='ocrx_word' id='word_1_87' title='bbox 1055 1083 1272 1162; x_wconf 77' lang='grc' dir='ltr'><strong><em>ἀπαραλλακτῳ</em></strong></span> <span class='ocrx_word' id='word_1_88' title='bbox 1296 1104 1350 1164; x_wconf 92' lang='lat' dir='ltr'>pro</span> <span class='ocrx_word' id='word_1_89' title='bbox 1368 1083 1530 1152; x_wconf 63' lang='lat' dir='ltr'>habendo,</span> 
     </span>
     <span class='ocr_line' id='line_1_10' title="bbox 162 1172 1507 1255; baseline -0.004 -13"><span class='ocrx_word' id='word_1_90' title='bbox 162 1177 402 1243; x_wconf 86' lang='lat' dir='ltr'>commutationis</span> <span class='ocrx_word' id='word_1_91' title='bbox 416 1176 536 1255; x_wconf 90' lang='lat' dir='ltr'>angulo,</span> <span class='ocrx_word' id='word_1_92' title='bbox 561 1174 641 1236; x_wconf 89' lang='lat' dir='ltr'>circa</span> <span class='ocrx_word' id='word_1_93' title='bbox 660 1193 747 1254; x_wconf 89' lang='lat' dir='ltr'>quem</span> <span class='ocrx_word' id='word_1_94' title='bbox 762 1173 818 1233; x_wconf 91' lang='lat' dir='ltr'>duo</span> <span class='ocrx_word' id='word_1_95' title='bbox 837 1172 936 1233; x_wconf 90' lang='lat' dir='ltr'>latera</span> <span class='ocrx_word' id='word_1_96' title='bbox 950 1181 1021 1235; x_wconf 92' lang='lat' dir='ltr'>sunt</span> <span class='ocrx_word' id='word_1_97' title='bbox 1035 1174 1198 1235; x_wconf 88' lang='lat' dir='ltr'>distantiae</span> <span class='ocrx_word' id='word_1_98' title='bbox 1212 1174 1323 1235; x_wconf 92' lang='lat' dir='ltr'>Terrae</span> <span class='ocrx_word' id='word_1_99' title='bbox 1343 1181 1375 1235; x_wconf 90' lang='lat' dir='ltr'>et</span> <span class='ocrx_word' id='word_1_100' title='bbox 1398 1174 1507 1237; x_wconf 89' lang='lat' dir='ltr'>sideris</span> 
     </span>
     <span class='ocr_line' id='line_1_11' title="bbox 162 1261 1508 1346; baseline -0.004 -15"><span class='ocrx_word' id='word_1_101' title='bbox 162 1267 285 1331; x_wconf 89' lang='lat' dir='ltr'>aSole.</span> <span class='ocrx_word' id='word_1_102' title='bbox 331 1266 390 1328; x_wconf 90' lang='lat' dir='ltr'>Per</span> <span class='ocrx_word' id='word_1_103' title='bbox 420 1264 600 1327; x_wconf 89' lang='lat' dir='ltr'>solutionem</span> <span class='ocrx_word' id='word_1_104' title='bbox 628 1263 720 1342; x_wconf 90' lang='lat' dir='ltr'>igitur</span> <span class='ocrx_word' id='word_1_105' title='bbox 752 1261 893 1341; x_wconf 86' lang='lat' dir='ltr'>trianguli</span> <span class='ocrx_word' id='word_1_106' title='bbox 925 1262 1013 1342; x_wconf 89' lang='lat' dir='ltr'>hujus</span> <span class='ocrx_word' id='word_1_107' title='bbox 1047 1264 1114 1343; x_wconf 89' lang='lat' dir='ltr'>(per</span> <span class='ocrx_word' id='word_1_108' title='bbox 1145 1263 1450 1346; x_wconf 89' lang='lat' dir='ltr'>prosthaphaeresin,</span> <span class='ocrx_word' id='word_1_109' title='bbox 1480 1264 1508 1326; x_wconf 90' lang='lat' dir='ltr'>si</span> 
     </span>
     <span class='ocr_line' id='line_1_12' title="bbox 162 1344 1508 1438; baseline -0.007 -18"><span class='ocrx_word' id='word_1_110' title='bbox 162 1359 277 1438; x_wconf 79' lang='lat' dir='ltr'>placet,</span> <span class='ocrx_word' id='word_1_111' title='bbox 301 1375 366 1417; x_wconf 91' lang='lat' dir='ltr'>cnm</span> <span class='ocrx_word' id='word_1_112' title='bbox 398 1373 462 1416; x_wconf 89' lang='lat' dir='ltr'>earu</span> <span class='ocrx_word' id='word_1_113' title='bbox 490 1353 511 1414; x_wconf 88' lang='lat' dir='ltr'><strong>J</strong></span> <span class='ocrx_word' id='word_1_114' title='bbox 517 1352 674 1416; x_wconf 74' lang='lat' dir='ltr'>ortelius</span> <span class='ocrx_word' id='word_1_115' title='bbox 709 1351 881 1413; x_wconf 79' lang='lat' dir='ltr'>facillimam</span> <span class='ocrx_word' id='word_1_116' title='bbox 908 1351 1072 1414; x_wconf 90' lang='lat' dir='ltr'>reddiderit</span> <span class='ocrx_word' id='word_1_117' title='bbox 1093 1358 1184 1426; x_wconf 83' lang='lat' dir='ltr'>(comp.</span> <span class='ocrx_word' id='word_1_118' title='bbox 1204 1360 1260 1411; x_wconf 84' lang='lat' dir='ltr'>vol.</span> <span class='ocrx_word' id='word_1_119' title='bbox 1280 1361 1314 1420; x_wconf 90' lang='lat'>11,</span> <span class='ocrx_word' id='word_1_120' title='bbox 1333 1377 1359 1426; x_wconf 83' lang='lat' dir='ltr'>p.</span> <span class='ocrx_word' id='word_1_121' title='bbox 1378 1344 1441 1424; x_wconf 69' lang='grc'>439)</span> <span class='ocrx_word' id='word_1_122' title='bbox 1475 1361 1508 1416; x_wconf 82' lang='lat' dir='ltr'>et</span> 
     </span>
     <span class='ocr_line' id='line_1_13' title="bbox 166 1440 1506 1525; baseline -0.002 -17"><span class='ocrx_word' id='word_1_123' title='bbox 166 1445 367 1509; x_wconf 90' lang='lat' dir='ltr'>inventionem</span> <span class='ocrx_word' id='word_1_124' title='bbox 392 1443 493 1524; x_wconf 90' lang='lat' dir='ltr'>anguli</span> <span class='ocrx_word' id='word_1_125' title='bbox 517 1443 555 1504; x_wconf 92' lang='lat' dir='ltr'>ad</span> <span class='ocrx_word' id='word_1_126' title='bbox 583 1442 706 1503; x_wconf 89' lang='lat' dir='ltr'>Terram</span> <span class='ocrx_word' id='word_1_127' title='bbox 733 1440 861 1502; x_wconf 88' lang='lat' dir='ltr'>habetur</span> <span class='ocrx_word' id='word_1_128' title='bbox 888 1441 1053 1520; x_wconf 87' lang='lat' dir='ltr'>parallaxis</span> <span class='ocrx_word' id='word_1_129' title='bbox 1081 1441 1293 1521; x_wconf 86' lang='lat' dir='ltr'>longitudinis,</span> <span class='ocrx_word' id='word_1_130' title='bbox 1323 1462 1376 1525; x_wconf 91' lang='lat' dir='ltr'>per</span> <span class='ocrx_word' id='word_1_131' title='bbox 1398 1444 1506 1505; x_wconf 89' lang='lat' dir='ltr'>inven-</span> 
     </span>
    </p>

    <p class='ocr_par' dir='ltr' id='par_1_5' title="bbox 120 1530 1560 2863">
     <span class='ocr_line' id='line_1_14' title="bbox 143 1530 1560 1614; baseline 0.002 -18"><span class='ocrx_word' id='word_1_132' title='bbox 143 1536 277 1598; x_wconf 68' lang='lat' dir='ltr'>tionem</span> <span class='ocrx_word' id='word_1_133' title='bbox 300 1552 371 1597; x_wconf 90' lang='lat' dir='ltr'>vero</span> <span class='ocrx_word' id='word_1_134' title='bbox 389 1531 553 1595; x_wconf 89' lang='lat' dir='ltr'>distantiae</span> <span class='ocrx_word' id='word_1_135' title='bbox 569 1531 676 1593; x_wconf 89' lang='lat' dir='ltr'>sideris</span> <span class='ocrx_word' id='word_1_136' title='bbox 696 1550 715 1591; x_wconf 95' lang='lat' dir='ltr'>a</span> <span class='ocrx_word' id='word_1_137' title='bbox 732 1531 835 1602; x_wconf 89' lang='lat' dir='ltr'>Terra,</span> <span class='ocrx_word' id='word_1_138' title='bbox 861 1530 939 1610; x_wconf 92' lang='lat' dir='ltr'>quod</span> <span class='ocrx_word' id='word_1_139' title='bbox 956 1537 1002 1592; x_wconf 88' lang='lat' dir='ltr'>est</span> <span class='ocrx_word' id='word_1_140' title='bbox 1030 1531 1110 1594; x_wconf 89' lang='lat' dir='ltr'>latus</span> <span class='ocrx_word' id='word_1_141' title='bbox 1134 1532 1266 1608; x_wconf 90' lang='lat' dir='ltr'>tertium,</span> <span class='ocrx_word' id='word_1_142' title='bbox 1291 1532 1413 1614; x_wconf 84' lang='lat' dir='ltr'>ejusque</span> <span class='ocrx_word' id='word_1_143' title='bbox 1442 1552 1508 1596; x_wconf 93' lang='lat' dir='ltr'>cum</span> <span class='ocrx_word' id='word_1_144' title='bbox 1557 1590 1560 1599; x_wconf 95' lang='lat'>.</span> 
     </span>
     <span class='ocr_line' id='line_1_15' title="bbox 163 1618 1508 1701; baseline -0.003 -14"><span class='ocrx_word' id='word_1_145' title='bbox 163 1624 231 1687; x_wconf 89' lang='lat' dir='ltr'>sinu</span> <span class='ocrx_word' id='word_1_146' title='bbox 253 1621 457 1685; x_wconf 86' lang='lat' dir='ltr'>inclinationis</span> <span class='ocrx_word' id='word_1_147' title='bbox 480 1640 571 1701; x_wconf 89' lang='lat' dir='ltr'>supra</span> <span class='ocrx_word' id='word_1_148' title='bbox 594 1627 735 1700; x_wconf 88' lang='lat' dir='ltr'>excerpto</span> <span class='ocrx_word' id='word_1_149' title='bbox 759 1618 1013 1699; x_wconf 88' lang='lat' dir='ltr'>comparationem</span> <span class='ocrx_word' id='word_1_150' title='bbox 1041 1621 1168 1684; x_wconf 90' lang='lat' dir='ltr'>latitudo</span> <span class='ocrx_word' id='word_1_151' title='bbox 1191 1622 1388 1701; x_wconf 89' lang='lat' dir='ltr'>parallactica</span> <span class='ocrx_word' id='word_1_152' title='bbox 1411 1622 1508 1685; x_wconf 92' lang='lat' dir='ltr'>habe-</span> 
     </span>
     <span class='ocr_line' id='line_1_16' title="bbox 165 1706 1511 1793; baseline -0.002 -17"><span class='ocrx_word' id='word_1_153' title='bbox 165 1714 255 1776; x_wconf 89' lang='lat' dir='ltr'>bitur.</span> <span class='ocrx_word' id='word_1_154' title='bbox 304 1711 437 1792; x_wconf 90' lang='lat' dir='ltr'>Cumque</span> <span class='ocrx_word' id='word_1_155' title='bbox 462 1710 608 1774; x_wconf 88' lang='lat' dir='ltr'>distantia</span> <span class='ocrx_word' id='word_1_156' title='bbox 628 1708 709 1772; x_wconf 88' lang='lat' dir='ltr'>Solis</span> <span class='ocrx_word' id='word_1_157' title='bbox 729 1717 760 1771; x_wconf 91' lang='lat' dir='ltr'>et</span> <span class='ocrx_word' id='word_1_158' title='bbox 774 1709 885 1770; x_wconf 89' lang='lat' dir='ltr'>Terrae</span> <span class='ocrx_word' id='word_1_159' title='bbox 909 1728 967 1770; x_wconf 93' lang='lat' dir='ltr'>non</span> <span class='ocrx_word' id='word_1_160' title='bbox 992 1709 1079 1772; x_wconf 89' lang='lat' dir='ltr'>detur</span> <span class='ocrx_word' id='word_1_161' title='bbox 1101 1729 1219 1793; x_wconf 87' lang='lat' dir='ltr'>semper</span> <span class='ocrx_word' id='word_1_162' title='bbox 1241 1711 1272 1773; x_wconf 91' lang='lat' dir='ltr'>in</span> <span class='ocrx_word' id='word_1_163' title='bbox 1294 1712 1431 1792; x_wconf 89' lang='lat' dir='ltr'>partibus</span> <span class='ocrx_word' id='word_1_164' title='bbox 1453 1706 1511 1774; x_wconf 88' lang='lat' dir='ltr'>iis-</span> 
     </span>
     <span class='ocr_line' id='line_1_17' title="bbox 166 1797 1512 1885; baseline 0 -21"><span class='ocrx_word' id='word_1_165' title='bbox 166 1804 234 1865; x_wconf 92' lang='lat' dir='ltr'>dem</span> <span class='ocrx_word' id='word_1_166' title='bbox 257 1797 373 1885; x_wconf 77' lang='lat' dir='ltr'>(omnia</span> <span class='ocrx_word' id='word_1_167' title='bbox 395 1820 425 1861; x_wconf 93' lang='lat' dir='ltr'>n.</span> <span class='ocrx_word' id='word_1_168' title='bbox 451 1800 489 1861; x_wconf 92' lang='lat' dir='ltr'>ad</span> <span class='ocrx_word' id='word_1_169' title='bbox 520 1819 622 1861; x_wconf 89' lang='lat' dir='ltr'>verum</span> <span class='ocrx_word' id='word_1_170' title='bbox 646 1797 728 1861; x_wconf 88' lang='lat' dir='ltr'>Solis</span> <span class='ocrx_word' id='word_1_171' title='bbox 759 1799 855 1860; x_wconf 90' lang='lat' dir='ltr'>locum</span> <span class='ocrx_word' id='word_1_172' title='bbox 888 1799 1059 1860; x_wconf 90' lang='lat' dir='ltr'>necessario</span> <span class='ocrx_word' id='word_1_173' title='bbox 1089 1801 1254 1879; x_wconf 87' lang='lat' dir='ltr'>redigenda</span> <span class='ocrx_word' id='word_1_174' title='bbox 1283 1809 1370 1876; x_wconf 89' lang='lat' dir='ltr'>sunt,</span> <span class='ocrx_word' id='word_1_175' title='bbox 1405 1801 1512 1865; x_wconf 92' lang='lat' dir='ltr'>obser-</span> 
     </span>
     <span class='ocr_line' id='line_1_18' title="bbox 166 1887 1513 1973; baseline 0.001 -22"><span class='ocrx_word' id='word_1_176' title='bbox 166 1890 336 1954; x_wconf 88' lang='lat' dir='ltr'>vationibus</span> <span class='ocrx_word' id='word_1_177' title='bbox 358 1890 522 1965; x_wconf 89' lang='lat' dir='ltr'>testibus),</span> <span class='ocrx_word' id='word_1_178' title='bbox 548 1889 624 1951; x_wconf 87' lang='lat' dir='ltr'>dnae</span> <span class='ocrx_word' id='word_1_179' title='bbox 649 1895 735 1950; x_wconf 81' lang='lat' dir='ltr'>emat</span> <span class='ocrx_word' id='word_1_180' title='bbox 759 1906 829 1967; x_wconf 90' lang='lat' dir='ltr'>ergo</span> <span class='ocrx_word' id='word_1_181' title='bbox 858 1887 1124 1967; x_wconf 89' lang='lat' dir='ltr'>multiplicationes</span> <span class='ocrx_word' id='word_1_182' title='bbox 1147 1909 1201 1971; x_wconf 93' lang='lat' dir='ltr'>pro</span> <span class='ocrx_word' id='word_1_183' title='bbox 1222 1890 1352 1970; x_wconf 79' lang='lat' dir='ltr'>angulo,</span> <span class='ocrx_word' id='word_1_184' title='bbox 1377 1911 1436 1953; x_wconf 88' lang='lat' dir='ltr'>una</span> <span class='ocrx_word' id='word_1_185' title='bbox 1458 1910 1513 1973; x_wconf 91' lang='lat' dir='ltr'>pro</span> 
     </span>
     <span class='ocr_line' id='line_1_19' title="bbox 165 1975 1514 2065; baseline 0 -22"><span class='ocrx_word' id='word_1_186' title='bbox 165 1982 272 2049; x_wconf 90' lang='lat' dir='ltr'>latere,</span> <span class='ocrx_word' id='word_1_187' title='bbox 297 1999 425 2061; x_wconf 91' lang='lat' dir='ltr'>uuapro</span> <span class='ocrx_word' id='word_1_188' title='bbox 450 1978 673 2065; x_wconf 86' lang='lat' dir='ltr'>comparatione</span> <span class='ocrx_word' id='word_1_189' title='bbox 697 1978 763 2057; x_wconf 88' lang='lat' dir='ltr'>ejus</span> <span class='ocrx_word' id='word_1_190' title='bbox 787 1995 852 2038; x_wconf 88' lang='lat' dir='ltr'>cnm</span> <span class='ocrx_word' id='word_1_191' title='bbox 870 1975 936 2038; x_wconf 89' lang='lat' dir='ltr'>siun</span> <span class='ocrx_word' id='word_1_192' title='bbox 959 1976 1171 2041; x_wconf 89' lang='lat' dir='ltr'>inclinationis.</span> <span class='ocrx_word' id='word_1_193' title='bbox 1210 1980 1261 2041; x_wconf 90' lang='lat' dir='ltr'>Ita</span> <span class='ocrx_word' id='word_1_194' title='bbox 1281 1987 1408 2060; x_wconf 91' lang='lat' dir='ltr'>quatuor</span> <span class='ocrx_word' id='word_1_195' title='bbox 1426 1988 1514 2043; x_wconf 90' lang='lat' dir='ltr'>eruut</span> 
     </span>
     <span class='ocr_line' id='line_1_20' title="bbox 165 2065 1512 2150; baseline -0.001 -18"><span class='ocrx_word' id='word_1_196' title='bbox 165 2069 433 2150; x_wconf 84' lang='lat' dir='ltr'>multiplicationes</span> <span class='ocrx_word' id='word_1_197' title='bbox 465 2087 519 2147; x_wconf 90' lang='lat' dir='ltr'>pro</span> <span class='ocrx_word' id='word_1_198' title='bbox 555 2067 714 2148; x_wconf 89' lang='lat' dir='ltr'>cujuslibet</span> <span class='ocrx_word' id='word_1_199' title='bbox 751 2066 893 2144; x_wconf 90' lang='lat' dir='ltr'>planetae</span> <span class='ocrx_word' id='word_1_200' title='bbox 919 2065 995 2127; x_wconf 92' lang='lat' dir='ltr'>loco.</span> <span class='ocrx_word' id='word_1_201' title='bbox 1051 2067 1118 2130; x_wconf 91' lang='lat' dir='ltr'>Nou</span> <span class='ocrx_word' id='word_1_202' title='bbox 1146 2076 1249 2148; x_wconf 92' lang='lat' dir='ltr'>potest</span> <span class='ocrx_word' id='word_1_203' title='bbox 1277 2068 1379 2150; x_wconf 90' lang='lat' dir='ltr'>itaque</span> <span class='ocrx_word' id='word_1_204' title='bbox 1409 2089 1512 2132; x_wconf 84' lang='lat' dir='ltr'>carere</span> 
     </span>
     <span class='ocr_line' id='line_1_21' title="bbox 164 2154 1512 2239; baseline -0.001 -17"><span class='ocrx_word' id='word_1_205' title='bbox 164 2158 269 2222; x_wconf 86' lang='lat' dir='ltr'>tabula</span> <span class='ocrx_word' id='word_1_206' title='bbox 299 2159 416 2221; x_wconf 91' lang='lat' dir='ltr'>siunnm</span> <span class='ocrx_word' id='word_1_207' title='bbox 447 2157 579 2219; x_wconf 86' lang='lat' dir='ltr'>calculus</span> <span class='ocrx_word' id='word_1_208' title='bbox 611 2156 680 2217; x_wconf 88' lang='lat' dir='ltr'>iste.</span> <span class='ocrx_word' id='word_1_209' title='bbox 731 2154 789 2216; x_wconf 85' lang='lat' dir='ltr'>Est</span> <span class='ocrx_word' id='word_1_210' title='bbox 821 2155 897 2216; x_wconf 90' lang='lat' dir='ltr'>alius</span> <span class='ocrx_word' id='word_1_211' title='bbox 933 2155 1038 2217; x_wconf 89' lang='lat' dir='ltr'>modus</span> <span class='ocrx_word' id='word_1_212' title='bbox 1069 2176 1107 2218; x_wconf 91' lang='lat' dir='ltr'>ex</span> <span class='ocrx_word' id='word_1_213' title='bbox 1136 2157 1295 2238; x_wconf 86' lang='lat' dir='ltr'>triangulis</span> <span class='ocrx_word' id='word_1_214' title='bbox 1334 2158 1512 2239; x_wconf 88' lang='lat' dir='ltr'>sphaericis,</span> 
     </span>
     <span class='ocr_line' id='line_1_22' title="bbox 162 2243 1512 2330; baseline 0 -20"><span class='ocrx_word' id='word_1_215' title='bbox 162 2248 293 2330; x_wconf 89' lang='lat' dir='ltr'>trajecto</span> <span class='ocrx_word' id='word_1_216' title='bbox 317 2248 407 2327; x_wconf 91' lang='lat' dir='ltr'>plano</span> <span class='ocrx_word' id='word_1_217' title='bbox 431 2248 531 2319; x_wconf 91' lang='lat' dir='ltr'>tertio,</span> <span class='ocrx_word' id='word_1_218' title='bbox 555 2252 587 2309; x_wconf 93' lang='lat' dir='ltr'>nt</span> <span class='ocrx_word' id='word_1_219' title='bbox 607 2244 775 2325; x_wconf 91' lang='lat' dir='ltr'>eclipticam</span> <span class='ocrx_word' id='word_1_220' title='bbox 799 2251 883 2305; x_wconf 91' lang='lat' dir='ltr'>secet</span> <span class='ocrx_word' id='word_1_221' title='bbox 896 2243 927 2306; x_wconf 94' lang='lat' dir='ltr'>in</span> <span class='ocrx_word' id='word_1_222' title='bbox 943 2244 1045 2318; x_wconf 88' lang='lat' dir='ltr'>Terra,</span> <span class='ocrx_word' id='word_1_223' title='bbox 1071 2245 1197 2308; x_wconf 89' lang='lat' dir='ltr'>orbitam</span> <span class='ocrx_word' id='word_1_224' title='bbox 1221 2247 1362 2326; x_wconf 88' lang='lat' dir='ltr'>planetae</span> <span class='ocrx_word' id='word_1_225' title='bbox 1385 2247 1512 2329; x_wconf 88' lang='lat' dir='ltr'>inipso.</span> 
     </span>
     <span class='ocr_line' id='line_1_23' title="bbox 163 2333 1513 2418; baseline 0 -18"><span class='ocrx_word' id='word_1_226' title='bbox 163 2339 249 2400; x_wconf 88' lang='lat' dir='ltr'>Haec</span> <span class='ocrx_word' id='word_1_227' title='bbox 272 2336 407 2399; x_wconf 90' lang='lat' dir='ltr'>tabulam</span> <span class='ocrx_word' id='word_1_228' title='bbox 429 2334 517 2414; x_wconf 91' lang='lat' dir='ltr'>primi</span> <span class='ocrx_word' id='word_1_229' title='bbox 545 2334 664 2397; x_wconf 90' lang='lat' dir='ltr'>mobilis</span> <span class='ocrx_word' id='word_1_230' title='bbox 686 2333 919 2412; x_wconf 88' lang='lat' dir='ltr'>Regiomontani</span> <span class='ocrx_word' id='word_1_231' title='bbox 943 2333 997 2406; x_wconf 92' lang='lat' dir='ltr'>(ad</span> <span class='ocrx_word' id='word_1_232' title='bbox 1020 2334 1154 2397; x_wconf 92' lang='lat' dir='ltr'>laborem</span> <span class='ocrx_word' id='word_1_233' title='bbox 1182 2336 1386 2411; x_wconf 88' lang='lat' dir='ltr'>minuendum)</span> <span class='ocrx_word' id='word_1_234' title='bbox 1419 2338 1513 2418; x_wconf 85' lang='lat' dir='ltr'>usqne</span> 
     </span>
     <span class='ocr_line' id='line_1_24' title="bbox 164 2420 1513 2507; baseline 0.001 -19"><span class='ocrx_word' id='word_1_235' title='bbox 164 2427 203 2488; x_wconf 92' lang='lat' dir='ltr'>ad</span> <span class='ocrx_word' id='word_1_236' title='bbox 230 2420 288 2488; x_wconf 78' lang='grc' dir='ltr'>10ο</span> <span class='ocrx_word' id='word_1_237' title='bbox 310 2444 364 2507; x_wconf 92' lang='lat' dir='ltr'>per</span> <span class='ocrx_word' id='word_1_238' title='bbox 386 2423 505 2505; x_wconf 90' lang='lat' dir='ltr'>singula</span> <span class='ocrx_word' id='word_1_239' title='bbox 528 2424 643 2487; x_wconf 92' lang='lat' dir='ltr'>minuta</span> <span class='ocrx_word' id='word_1_240' title='bbox 667 2430 824 2485; x_wconf 83' lang='lat' dir='ltr'>extensam</span> <span class='ocrx_word' id='word_1_241' title='bbox 849 2421 1018 2500; x_wconf 84' lang='lat' dir='ltr'>desiderat,</span> <span class='ocrx_word' id='word_1_242' title='bbox 1041 2442 1100 2502; x_wconf 91' lang='lat' dir='ltr'>qua</span> <span class='ocrx_word' id='word_1_243' title='bbox 1123 2425 1256 2487; x_wconf 89' lang='lat' dir='ltr'>reductio</span> <span class='ocrx_word' id='word_1_244' title='bbox 1281 2426 1320 2488; x_wconf 93' lang='lat' dir='ltr'>ad</span> <span class='ocrx_word' id='word_1_245' title='bbox 1344 2426 1513 2507; x_wconf 88' lang='lat' dir='ltr'>eclipticam</span> 
     </span>
     <span class='ocr_line' id='line_1_25' title="bbox 164 2510 1515 2595; baseline 0.001 -18"><span class='ocrx_word' id='word_1_246' title='bbox 164 2523 196 2577; x_wconf 90' lang='lat' dir='ltr'>et</span> <span class='ocrx_word' id='word_1_247' title='bbox 219 2514 349 2577; x_wconf 90' lang='lat' dir='ltr'>latitudo</span> <span class='ocrx_word' id='word_1_248' title='bbox 383 2514 553 2595; x_wconf 88' lang='lat' dir='ltr'>expeditur,</span> <span class='ocrx_word' id='word_1_249' title='bbox 590 2515 643 2574; x_wconf 90' lang='lat' dir='ltr'>sed</span> <span class='ocrx_word' id='word_1_250' title='bbox 673 2510 864 2574; x_wconf 88' lang='lat' dir='ltr'>nihilominus</span> <span class='ocrx_word' id='word_1_251' title='bbox 894 2512 1020 2593; x_wconf 87' lang='lat' dir='ltr'>angulus</span> <span class='ocrx_word' id='word_1_252' title='bbox 1052 2533 1090 2574; x_wconf 89' lang='lat' dir='ltr'>ex</span> <span class='ocrx_word' id='word_1_253' title='bbox 1122 2514 1266 2577; x_wconf 88' lang='lat' dir='ltr'>lateribus</span> <span class='ocrx_word' id='word_1_254' title='bbox 1295 2516 1515 2579; x_wconf 79' lang='lat' dir='ltr'>rectilineis-et</span> 
     </span>
     <span class='ocr_line' id='line_1_26' title="bbox 164 2587 1512 2685; baseline 0.001 -19"><span class='ocrx_word' id='word_1_255' title='bbox 164 2604 380 2685; x_wconf 89' lang='lat' dir='ltr'>comprehenso</span> <span class='ocrx_word' id='word_1_256' title='bbox 413 2603 601 2683; x_wconf 89' lang='lat' dir='ltr'>quaerendus</span> <span class='ocrx_word' id='word_1_257' title='bbox 633 2610 699 2676; x_wconf 76' lang='grc' dir='ltr'><strong>θεῖς</strong></span> <span class='ocrx_word' id='word_1_258' title='bbox 732 2601 834 2679; x_wconf 90' lang='lat' dir='ltr'>itaque</span> <span class='ocrx_word' id='word_1_259' title='bbox 867 2598 988 2676; x_wconf 91' lang='lat' dir='ltr'>dubito,</span> <span class='ocrx_word' id='word_1_260' title='bbox 1018 2587 1296 2683; x_wconf 86' lang='lat' dir='ltr'>compendiosiome</span> <span class='ocrx_word' id='word_1_261' title='bbox 1321 2605 1362 2667; x_wconf 90' lang='lat' dir='ltr'>sit</span> <span class='ocrx_word' id='word_1_262' title='bbox 1385 2606 1512 2669; x_wconf 82' lang='lat' dir='ltr'>futurus</span> 
     </span>
     <span class='ocr_line' id='line_1_27' title="bbox 120 2690 1514 2776; baseline -0.001 -18"><span class='ocrx_word' id='word_1_263' title='bbox 120 2724 128 2734; x_wconf 70' lang='lat'>=</span> <span class='ocrx_word' id='word_1_264' title='bbox 163 2693 288 2758; x_wconf 90' lang='lat' dir='ltr'>Utinam</span> <span class='ocrx_word' id='word_1_265' title='bbox 311 2693 429 2774; x_wconf 91' lang='lat' dir='ltr'>quidem</span> <span class='ocrx_word' id='word_1_266' title='bbox 453 2693 561 2754; x_wconf 90' lang='lat' dir='ltr'>tertius</span> <span class='ocrx_word' id='word_1_267' title='bbox 594 2690 703 2771; x_wconf 90' lang='lat' dir='ltr'>aliquis</span> <span class='ocrx_word' id='word_1_268' title='bbox 737 2690 873 2760; x_wconf 88' lang='lat' dir='ltr'>daretur,</span> <span class='ocrx_word' id='word_1_269' title='bbox 903 2690 954 2770; x_wconf 91' lang='lat' dir='ltr'>qni</span> <span class='ocrx_word' id='word_1_270' title='bbox 978 2697 1010 2751; x_wconf 88' lang='lat' dir='ltr'>et</span> <span class='ocrx_word' id='word_1_271' title='bbox 1032 2693 1214 2755; x_wconf 87' lang='lat' dir='ltr'>universalis</span> <span class='ocrx_word' id='word_1_272' title='bbox 1240 2700 1322 2755; x_wconf 86' lang='lat' dir='ltr'>esset</span> <span class='ocrx_word' id='word_1_273' title='bbox 1350 2702 1514 2776; x_wconf 88' lang='lat' dir='ltr'>possetque</span> 
     </span>
     <span class='ocr_line' id='line_1_28' title="bbox 164 2778 1513 2863; baseline 0.001 -18"><span class='ocrx_word' id='word_1_274' title='bbox 164 2782 299 2845; x_wconf 82' lang='lat' dir='ltr'>adhiberi</span> <span class='ocrx_word' id='word_1_275' title='bbox 324 2782 361 2843; x_wconf 92' lang='lat' dir='ltr'>ad</span> <span class='ocrx_word' id='word_1_276' title='bbox 386 2801 501 2844; x_wconf 89' lang='lat' dir='ltr'>ornnem</span> <span class='ocrx_word' id='word_1_277' title='bbox 524 2781 708 2861; x_wconf 89' lang='lat' dir='ltr'>apheliorum</span> <span class='ocrx_word' id='word_1_278' title='bbox 724 2780 836 2840; x_wconf 89' lang='lat' dir='ltr'>Terrae</span> <span class='ocrx_word' id='word_1_279' title='bbox 860 2784 892 2839; x_wconf 88' lang='lat' dir='ltr'>et</span> <span class='ocrx_word' id='word_1_280' title='bbox 915 2778 1023 2841; x_wconf 89' lang='lat' dir='ltr'>sideris</span> <span class='ocrx_word' id='word_1_281' title='bbox 1047 2781 1233 2845; x_wconf 88' lang='lat' dir='ltr'>distantiam.</span> <span class='ocrx_word' id='word_1_282' title='bbox 1270 2782 1349 2846; x_wconf 91' lang='lat' dir='ltr'>Nam</span> <span class='ocrx_word' id='word_1_283' title='bbox 1369 2802 1424 2863; x_wconf 89' lang='lat' dir='ltr'>ego</span> <span class='ocrx_word' id='word_1_284' title='bbox 1440 2804 1513 2847; x_wconf 90' lang='lat' dir='ltr'>saue</span> 
     </span>
    </p>

    <p class='ocr_par' dir='ltr' id='par_1_6' title="bbox 163 2867 1514 3042">
     <span class='ocr_line' id='line_1_29' title="bbox 163 2867 1512 2974; baseline 0 -38"><span class='ocrx_word' id='word_1_285' title='bbox 163 2891 222 2936; x_wconf 91' lang='lat' dir='ltr'>non</span> <span class='ocrx_word' id='word_1_286' title='bbox 246 2869 343 2946; x_wconf 84' lang='lat' dir='ltr'>video,</span> <span class='ocrx_word' id='word_1_287' title='bbox 369 2871 514 2974; x_wconf 85' lang='lat' dir='ltr'>quomodo</span> <span class='ocrx_word' id='word_1_288' title='bbox 537 2870 752 2933; x_wconf 91' lang='lat' dir='ltr'>instituendum</span> <span class='ocrx_word' id='word_1_289' title='bbox 776 2867 937 2971; x_wconf 82' lang='lat' dir='ltr'>negotium,</span> <span class='ocrx_word' id='word_1_290' title='bbox 962 2876 995 2929; x_wconf 91' lang='lat' dir='ltr'>ut</span> <span class='ocrx_word' id='word_1_291' title='bbox 1015 2872 1155 2950; x_wconf 89' lang='lat' dir='ltr'>scrupula</span> <span class='ocrx_word' id='word_1_292' title='bbox 1176 2872 1412 2952; x_wconf 90' lang='lat' dir='ltr'>proportionalia</span> <span class='ocrx_word' id='word_1_293' title='bbox 1436 2874 1512 2936; x_wconf 90' lang='lat' dir='ltr'>reti-</span> 
     </span>
     <span class='ocr_line' id='line_1_30' title="bbox 164 2957 1514 3042; baseline 0.001 -20"><span class='ocrx_word' id='word_1_294' title='bbox 164 2979 298 3023; x_wconf 86' lang='lat' dir='ltr'>neamus.</span> <span class='ocrx_word' id='word_1_295' title='bbox 336 2959 435 3022; x_wconf 90' lang='lat' dir='ltr'>Primo</span> <span class='ocrx_word' id='word_1_296' title='bbox 455 2961 544 3035; x_wconf 90' lang='lat' dir='ltr'>enim,</span> <span class='ocrx_word' id='word_1_297' title='bbox 567 2981 594 3022; x_wconf 82' lang='grc' dir='ltr'>ει</span> <span class='ocrx_word' id='word_1_298' title='bbox 586 2958 691 3021; x_wconf 90' lang='lat' dir='ltr'>sidus</span> <span class='ocrx_word' id='word_1_299' title='bbox 707 2957 784 3020; x_wconf 89' lang='lat' dir='ltr'>est</span> <span class='ocrx_word' id='word_1_300' title='bbox 775 2977 805 3019; x_wconf 88' lang='lat' dir='ltr'>ru</span> <span class='ocrx_word' id='word_1_301' title='bbox 822 2957 901 3019; x_wconf 89' lang='lat' dir='ltr'>linea</span> <span class='ocrx_word' id='word_1_302' title='bbox 924 2957 1061 3037; x_wconf 89' lang='lat' dir='ltr'>apsidum</span> <span class='ocrx_word' id='word_1_303' title='bbox 1076 2961 1196 3036; x_wconf 86' lang='lat' dir='ltr'>Terrae,</span> <span class='ocrx_word' id='word_1_304' title='bbox 1222 2961 1372 3024; x_wconf 89' lang='lat' dir='ltr'>anomalia</span> <span class='ocrx_word' id='word_1_305' title='bbox 1394 2962 1514 3042; x_wconf 90' lang='lat' dir='ltr'>quidem</span> 
     </span>
    </p>

    <p class='ocr_par' dir='ltr' id='par_1_7' title="bbox 80 3046 1515 3576">
     <span class='ocr_line' id='line_1_31' title="bbox 80 3046 1515 3130; baseline 0.001 -18"><span class='ocrx_word' id='word_1_306' title='bbox 80 3079 86 3097; x_wconf 59' lang='grc' dir='ltr'>ι</span> <span class='ocrx_word' id='word_1_307' title='bbox 164 3049 406 3113; x_wconf 88' lang='lat' dir='ltr'>commutationis</span> <span class='ocrx_word' id='word_1_308' title='bbox 429 3050 459 3111; x_wconf 93' lang='lat' dir='ltr'>iu</span> <span class='ocrx_word' id='word_1_309' title='bbox 483 3057 608 3130; x_wconf 91' lang='lat' dir='ltr'>utroque</span> <span class='ocrx_word' id='word_1_310' title='bbox 633 3047 820 3110; x_wconf 89' lang='lat' dir='ltr'>semicirculo</span> <span class='ocrx_word' id='word_1_311' title='bbox 845 3046 981 3126; x_wconf 89' lang='lat' dir='ltr'>aequalis</span> <span class='ocrx_word' id='word_1_312' title='bbox 1005 3057 1067 3122; x_wconf 89' lang='lat' dir='ltr'>est,</span> <span class='ocrx_word' id='word_1_313' title='bbox 1092 3057 1124 3111; x_wconf 94' lang='lat' dir='ltr'>ut</span> <span class='ocrx_word' id='word_1_314' title='bbox 1147 3051 1173 3112; x_wconf 92' lang='lat' dir='ltr'>si</span> <span class='ocrx_word' id='word_1_315' title='bbox 1197 3049 1281 3113; x_wconf 89' lang='lat' dir='ltr'>sidus</span> <span class='ocrx_word' id='word_1_316' title='bbox 1305 3050 1346 3112; x_wconf 86' lang='lat' dir='ltr'>sit</span> <span class='ocrx_word' id='word_1_317' title='bbox 1369 3051 1441 3113; x_wconf 91' lang='lat' dir='ltr'>alibi</span> <span class='ocrx_word' id='word_1_318' title='bbox 1466 3053 1515 3125; x_wconf 93' lang='lat' dir='ltr'>(nt</span> 
     </span>
     <span class='ocr_line' id='line_1_32' title="bbox 166 3135 1515 3219; baseline 0.003 -20"><span class='ocrx_word' id='word_1_319' title='bbox 166 3148 191 3212; x_wconf 70' lang='lat' dir='ltr'>d</span> <span class='ocrx_word' id='word_1_320' title='bbox 216 3157 369 3219; x_wconf 89' lang='lat' dir='ltr'>apogaens</span> <span class='ocrx_word' id='word_1_321' title='bbox 392 3138 422 3199; x_wconf 93' lang='lat' dir='ltr'>in</span> <span class='ocrx_word' id='word_1_322' title='bbox 448 3143 482 3214; x_wconf 63' lang='lat'>52,</span> <span class='ocrx_word' id='word_1_323' title='bbox 507 3157 573 3200; x_wconf 91' lang='lat' dir='ltr'>cum</span> <span class='ocrx_word' id='word_1_324' title='bbox 597 3135 637 3216; x_wconf 74' lang='grc' dir='ltr'>Θ</span> <span class='ocrx_word' id='word_1_325' title='bbox 663 3137 703 3199; x_wconf 90' lang='lat' dir='ltr'>sit</span> <span class='ocrx_word' id='word_1_326' title='bbox 726 3136 756 3196; x_wconf 92' lang='lat' dir='ltr'>in</span> <span class='ocrx_word' id='word_1_327' title='bbox 776 3138 834 3209; x_wconf 69' lang='grc' dir='ltr'>Θ),</span> <span class='ocrx_word' id='word_1_328' title='bbox 854 3136 920 3219; x_wconf 76' lang='lat' dir='ltr'>jam</span> <span class='ocrx_word' id='word_1_329' title='bbox 945 3136 1023 3198; x_wconf 92' lang='lat' dir='ltr'>alter</span> <span class='ocrx_word' id='word_1_330' title='bbox 1045 3139 1248 3201; x_wconf 87' lang='lat' dir='ltr'>semicirculus</span> <span class='ocrx_word' id='word_1_331' title='bbox 1273 3141 1515 3203; x_wconf 87' lang='lat' dir='ltr'>commutationis</span> 
     </span>
     <span class='ocr_line' id='line_1_33' title="bbox 164 3224 1512 3310; baseline 0.001 -18"><span class='ocrx_word' id='word_1_332' title='bbox 164 3229 195 3293; x_wconf 92' lang='lat' dir='ltr'>in</span> <span class='ocrx_word' id='word_1_333' title='bbox 219 3230 300 3291; x_wconf 91' lang='lat' dir='ltr'>latus</span> <span class='ocrx_word' id='word_1_334' title='bbox 323 3229 432 3308; x_wconf 86' lang='lat' dir='ltr'>vergit.</span> <span class='ocrx_word' id='word_1_335' title='bbox 479 3227 520 3289; x_wconf 87' lang='lat' dir='ltr'>Et</span> <span class='ocrx_word' id='word_1_336' title='bbox 542 3246 579 3289; x_wconf 94' lang='lat' dir='ltr'>ue</span> <span class='ocrx_word' id='word_1_337' title='bbox 604 3227 707 3288; x_wconf 91' lang='lat' dir='ltr'>labore</span> <span class='ocrx_word' id='word_1_338' title='bbox 732 3224 800 3288; x_wconf 92' lang='lat' dir='ltr'>hnic</span> <span class='ocrx_word' id='word_1_339' title='bbox 824 3225 868 3286; x_wconf 92' lang='lat' dir='ltr'>rei</span> <span class='ocrx_word' id='word_1_340' title='bbox 884 3224 1041 3290; x_wconf 90' lang='lat' dir='ltr'>subvenire</span> <span class='ocrx_word' id='word_1_341' title='bbox 1064 3229 1223 3308; x_wconf 91' lang='lat' dir='ltr'>possimus,</span> <span class='ocrx_word' id='word_1_342' title='bbox 1247 3229 1339 3292; x_wconf 85' lang='lat' dir='ltr'>efficit</span> <span class='ocrx_word' id='word_1_343' title='bbox 1361 3230 1512 3310; x_wconf 90' lang='lat' dir='ltr'>aphelinm</span> 
     </span>
     <span class='ocr_line' id='line_1_34' title="bbox 166 3314 1514 3400; baseline 0.001 -20"><span class='ocrx_word' id='word_1_344' title='bbox 166 3318 278 3380; x_wconf 90' lang='lat' dir='ltr'>Terrae</span> <span class='ocrx_word' id='word_1_345' title='bbox 302 3316 361 3378; x_wconf 91' lang='lat' dir='ltr'>alio</span> <span class='ocrx_word' id='word_1_346' title='bbox 386 3325 468 3380; x_wconf 89' lang='lat' dir='ltr'>motu</span> <span class='ocrx_word' id='word_1_347' title='bbox 492 3325 669 3397; x_wconf 90' lang='lat' dir='ltr'>promotum,</span> <span class='ocrx_word' id='word_1_348' title='bbox 694 3334 782 3397; x_wconf 91' lang='lat' dir='ltr'>quam</span> <span class='ocrx_word' id='word_1_349' title='bbox 806 3314 925 3394; x_wconf 90' lang='lat' dir='ltr'>aphelia</span> <span class='ocrx_word' id='word_1_350' title='bbox 947 3315 1146 3395; x_wconf 85' lang='lat' dir='ltr'>planetarum,</span> <span class='ocrx_word' id='word_1_351' title='bbox 1171 3325 1205 3379; x_wconf 90' lang='lat' dir='ltr'>ut</span> <span class='ocrx_word' id='word_1_352' title='bbox 1222 3319 1270 3380; x_wconf 90' lang='lat' dir='ltr'>vel</span> <span class='ocrx_word' id='word_1_353' title='bbox 1294 3320 1514 3400; x_wconf 89' lang='lat' dir='ltr'>appropinquet</span> 
     </span>
     <span class='ocr_line' id='line_1_35' title="bbox 165 3405 1511 3491; baseline 0.002 -23"><span class='ocrx_word' id='word_1_354' title='bbox 165 3408 214 3470; x_wconf 88' lang='lat' dir='ltr'>vel</span> <span class='ocrx_word' id='word_1_355' title='bbox 237 3407 361 3469; x_wconf 90' lang='lat' dir='ltr'>recedat</span> <span class='ocrx_word' id='word_1_356' title='bbox 385 3415 416 3468; x_wconf 89' lang='lat' dir='ltr'>et</span> <span class='ocrx_word' id='word_1_357' title='bbox 439 3407 673 3489; x_wconf 87' lang='lat' dir='ltr'>qualemcunque</span> <span class='ocrx_word' id='word_1_358' title='bbox 707 3406 833 3466; x_wconf 81' lang='lat' dir='ltr'>formam</span> <span class='ocrx_word' id='word_1_359' title='bbox 866 3405 1071 3491; x_wconf 78' lang='lat' dir='ltr'>scrupulorum</span> <span class='ocrx_word' id='word_1_360' title='bbox 1100 3407 1369 3487; x_wconf 87' lang='lat' dir='ltr'>proportionalium</span> <span class='ocrx_word' id='word_1_361' title='bbox 1398 3408 1511 3471; x_wconf 86' lang='lat' dir='ltr'>turbet.</span> 
     </span>
     <span class='ocr_line' id='line_1_36' title="bbox 165 3492 1513 3576; baseline 0 -16"><span class='ocrx_word' id='word_1_362' title='bbox 165 3497 389 3560; x_wconf 86' lang='lat' dir='ltr'>Potesttamen</span> <span class='ocrx_word' id='word_1_363' title='bbox 404 3496 443 3558; x_wconf 89' lang='lat' dir='ltr'>ad</span> <span class='ocrx_word' id='word_1_364' title='bbox 458 3515 547 3558; x_wconf 93' lang='lat' dir='ltr'>unum</span> <span class='ocrx_word' id='word_1_365' title='bbox 562 3495 695 3557; x_wconf 89' lang='lat' dir='ltr'>seculum</span> <span class='ocrx_word' id='word_1_366' title='bbox 710 3493 786 3555; x_wconf 91' lang='lat' dir='ltr'>ratio</span> <span class='ocrx_word' id='word_1_367' title='bbox 801 3492 879 3568; x_wconf 90' lang='lat' dir='ltr'>iniri,</span> <span class='ocrx_word' id='word_1_368' title='bbox 898 3494 999 3573; x_wconf 90' lang='lat' dir='ltr'>posita</span> <span class='ocrx_word' id='word_1_369' title='bbox 1014 3497 1118 3557; x_wconf 90' lang='lat' dir='ltr'>eadem</span> <span class='ocrx_word' id='word_1_370' title='bbox 1132 3515 1333 3576; x_wconf 90' lang='lat' dir='ltr'>apogaeorum</span> <span class='ocrx_word' id='word_1_371' title='bbox 1347 3495 1513 3576; x_wconf 87' lang='lat' dir='ltr'>distantia:</span> 
     </span>
    </p>
   </div>
   <div class='ocr_carea' id='block_1_3' title="bbox 67 3583 1514 3671">
    <p class='ocr_par' dir='ltr' id='par_1_8' title="bbox 67 3583 1514 3671">
     <span class='ocr_line' id='line_1_37' title="bbox 67 3583 1514 3671; baseline 0.003 -25"><span class='ocrx_word' id='word_1_372' title='bbox 67 3656 71 3663; x_wconf 30' lang='grc' dir='ltr'>Ι</span> <span class='ocrx_word' id='word_1_373' title='bbox 100 3664 103 3671; x_wconf 27' lang='grc' dir='ltr'>Ι</span> <span class='ocrx_word' id='word_1_374' title='bbox 167 3586 244 3668; x_wconf 91' lang='lat' dir='ltr'>qnod</span> <span class='ocrx_word' id='word_1_375' title='bbox 260 3585 327 3648; x_wconf 91' lang='lat' dir='ltr'>aliis</span> <span class='ocrx_word' id='word_1_376' title='bbox 346 3585 594 3648; x_wconf 90' lang='lat' dir='ltr'>considerandum</span> <span class='ocrx_word' id='word_1_377' title='bbox 608 3593 641 3646; x_wconf 93' lang='lat' dir='ltr'>et</span> <span class='ocrx_word' id='word_1_378' title='bbox 663 3583 849 3645; x_wconf 87' lang='lat' dir='ltr'>efficiendum</span> <span class='ocrx_word' id='word_1_379' title='bbox 865 3583 1010 3664; x_wconf 89' lang='lat' dir='ltr'>relinquo.</span> <span class='ocrx_word' id='word_1_380' title='bbox 1045 3584 1119 3646; x_wconf 86' lang='lat' dir='ltr'>lllihi</span> <span class='ocrx_word' id='word_1_381' title='bbox 1142 3585 1261 3647; x_wconf 88' lang='lat' dir='ltr'>videtur</span> <span class='ocrx_word' id='word_1_382' title='bbox 1280 3585 1328 3647; x_wconf 90' lang='lat' dir='ltr'>vel</span> <span class='ocrx_word' id='word_1_383' title='bbox 1347 3587 1514 3667; x_wconf 89' lang='lat' dir='ltr'>ingeniosis</span> 
     </span>
    </p>
   </div>
   <div class='ocr_carea' id='block_1_4' title="bbox 166 3672 1512 3755">
    <p class='ocr_par' dir='ltr' id='par_1_9' title="bbox 166 3672 1512 3755">
     <span class='ocr_line' id='line_1_38' title="bbox 166 3672 1512 3755; baseline 0.002 -20"><span class='ocrx_word' id='word_1_384' title='bbox 166 3676 215 3737; x_wconf 87' lang='lat' dir='ltr'>vel</span> <span class='ocrx_word' id='word_1_385' title='bbox 238 3673 398 3738; x_wconf 88' lang='lat' dir='ltr'>servilibus</span> <span class='ocrx_word' id='word_1_386' title='bbox 415 3674 449 3736; x_wconf 80' lang='lat' dir='ltr'>&#39;et</span> <span class='ocrx_word' id='word_1_387' title='bbox 462 3673 634 3755; x_wconf 91' lang='lat' dir='ltr'>praeceptis</span> <span class='ocrx_word' id='word_1_388' title='bbox 658 3672 791 3753; x_wconf 91' lang='lat' dir='ltr'>alligatis</span> <span class='ocrx_word' id='word_1_389' title='bbox 814 3672 942 3752; x_wconf 91' lang='lat' dir='ltr'>ingeniis</span> <span class='ocrx_word' id='word_1_390' title='bbox 957 3672 1036 3735; x_wconf 90' lang='lat' dir='ltr'>idem</span> <span class='ocrx_word' id='word_1_391' title='bbox 1050 3672 1145 3747; x_wconf 90' lang='lat' dir='ltr'>labor,</span> <span class='ocrx_word' id='word_1_392' title='bbox 1169 3675 1233 3737; x_wconf 89' lang='lat' dir='ltr'>sive</span> <span class='ocrx_word' id='word_1_393' title='bbox 1256 3681 1384 3755; x_wconf 89' lang='lat' dir='ltr'>quatuor</span> <span class='ocrx_word' id='word_1_394' title='bbox 1405 3676 1512 3738; x_wconf 92' lang='lat' dir='ltr'>multi-</span> 
     </span>
    </p>
   </div>
   <div class='ocr_carea' id='block_1_5' title="bbox 49 3760 1513 3867">
    <p class='ocr_par' dir='ltr' id='par_1_10' title="bbox 49 3760 1513 3867">
     <span class='ocr_line' id='line_1_39' title="bbox 49 3760 1513 3867; baseline 0.001 -42"><span class='ocrx_word' id='word_1_395' title='bbox 49 3761 51 3765; x_wconf 61' lang='grc'><strong>”</strong></span> <span class='ocrx_word' id='word_1_396' title='bbox 166 3763 273 3846; x_wconf 91' lang='lat' dir='ltr'>plicat</span> <span class='ocrx_word' id='word_1_397' title='bbox 265 3782 349 3826; x_wconf 89' lang='lat' dir='ltr'>rones</span> <span class='ocrx_word' id='word_1_398' title='bbox 372 3764 524 3867; x_wconf 90' lang='lat' dir='ltr'>simplices</span> <span class='ocrx_word' id='word_1_399' title='bbox 543 3762 707 3844; x_wconf 81' lang='lat' dir='ltr'>jubeantur</span> <span class='ocrx_word' id='word_1_400' title='bbox 722 3763 831 3837; x_wconf 81' lang='lat' dir='ltr'>facere,</span> <span class='ocrx_word' id='word_1_401' title='bbox 855 3760 919 3823; x_wconf 91' lang='lat' dir='ltr'>sive</span> <span class='ocrx_word' id='word_1_402' title='bbox 938 3762 1053 3823; x_wconf 89' lang='lat' dir='ltr'>toties</span> <span class='ocrx_word' id='word_1_403' title='bbox 1044 3781 1102 3824; x_wconf 87' lang='lat' dir='ltr'>mro</span> <span class='ocrx_word' id='word_1_404' title='bbox 1118 3764 1231 3845; x_wconf 89' lang='lat' dir='ltr'>pluries</span> <span class='ocrx_word' id='word_1_405' title='bbox 1254 3764 1393 3844; x_wconf 82' lang='lat' dir='ltr'>logistica</span> <span class='ocrx_word' id='word_1_406' title='bbox 1408 3766 1513 3828; x_wconf 90' lang='lat' dir='ltr'>multi·</span> 
     </span>
    </p>
   </div>
   <div class='ocr_carea' id='block_1_6' title="bbox 79 3850 1576 4928">
    <p class='ocr_par' dir='ltr' id='par_1_11' title="bbox 79 3850 1576 4829">
     <span class='ocr_line' id='line_1_40' title="bbox 165 3850 1515 3945; baseline 0.001 -31"><span class='ocrx_word' id='word_1_407' title='bbox 165 3853 282 3945; x_wconf 79' lang='lat' dir='ltr'>plicare</span> <span class='ocrx_word' id='word_1_408' title='bbox 305 3854 476 3934; x_wconf 83' lang='lat' dir='ltr'>computa</span> <span class='ocrx_word' id='word_1_409' title='bbox 468 3873 498 3915; x_wconf 88' lang='lat' dir='ltr'>ru</span> <span class='ocrx_word' id='word_1_410' title='bbox 521 3871 735 3915; x_wconf 90' lang='lat' dir='ltr'>excessnmu</span> <span class='ocrx_word' id='word_1_411' title='bbox 701 3854 750 3926; x_wconf 93' lang='lat' dir='ltr'>(ut</span> <span class='ocrx_word' id='word_1_412' title='bbox 737 3851 811 3912; x_wconf 90' lang='lat' dir='ltr'>tde</span> <span class='ocrx_word' id='word_1_413' title='bbox 835 3850 1148 3930; x_wconf 88' lang='lat' dir='ltr'>prosthaphaeresium</span> <span class='ocrx_word' id='word_1_414' title='bbox 1178 3853 1368 3934; x_wconf 90' lang='lat' dir='ltr'>compendio,</span> <span class='ocrx_word' id='word_1_415' title='bbox 1401 3854 1431 3916; x_wconf 95' lang='lat' dir='ltr'>in</span> <span class='ocrx_word' id='word_1_416' title='bbox 1457 3874 1515 3936; x_wconf 93' lang='lat' dir='ltr'>quo</span> 
     </span>
     <span class='ocr_line' id='line_1_41' title="bbox 169 3934 1576 4023; baseline 0.001 -18"><span class='ocrx_word' id='word_1_417' title='bbox 169 3934 299 4005; x_wconf 91' lang='lat' dir='ltr'>nondum</span> <span class='ocrx_word' id='word_1_418' title='bbox 331 3943 515 4005; x_wconf 90' lang='lat' dir='ltr'>exercitatus</span> <span class='ocrx_word' id='word_1_419' title='bbox 547 3962 630 4016; x_wconf 90' lang='lat' dir='ltr'>snm,</span> <span class='ocrx_word' id='word_1_420' title='bbox 662 3941 735 4004; x_wconf 90' lang='lat' dir='ltr'>nihil</span> <span class='ocrx_word' id='word_1_421' title='bbox 760 3940 891 4014; x_wconf 89' lang='lat' dir='ltr'>dicam),</span> <span class='ocrx_word' id='word_1_422' title='bbox 920 3948 954 4003; x_wconf 91' lang='lat' dir='ltr'>nt</span> <span class='ocrx_word' id='word_1_423' title='bbox 975 3940 1020 4002; x_wconf 91' lang='lat' dir='ltr'>ita</span> <span class='ocrx_word' id='word_1_424' title='bbox 1047 3961 1106 4004; x_wconf 91' lang='lat' dir='ltr'>nou</span> <span class='ocrx_word' id='word_1_425' title='bbox 1129 3961 1310 4023; x_wconf 89' lang='lat' dir='ltr'>magnopere</span> <span class='ocrx_word' id='word_1_426' title='bbox 1344 3942 1515 4007; x_wconf 89' lang='lat' dir='ltr'>desiderare</span> <span class='ocrx_word' id='word_1_427' title='bbox 1570 3988 1576 3999; x_wconf 73' lang='lat'>.</span> 
     </span>
     <span class='ocr_line' id='line_1_42' title="bbox 170 4027 1516 4136; baseline 0.003 -43"><span class='ocrx_word' id='word_1_428' title='bbox 170 4031 331 4114; x_wconf 87' lang='lat' dir='ltr'>debeamus</span> <span class='ocrx_word' id='word_1_429' title='bbox 354 4033 494 4113; x_wconf 89' lang='lat' dir='ltr'>scrupula</span> <span class='ocrx_word' id='word_1_430' title='bbox 515 4030 763 4115; x_wconf 87' lang='lat' dir='ltr'>proportionalia.</span> <span class='ocrx_word' id='word_1_431' title='bbox 801 4029 906 4091; x_wconf 83' lang='lat' dir='ltr'>Eume</span> <span class='ocrx_word' id='word_1_432' title='bbox 926 4027 1056 4106; x_wconf 88' lang='lat' dir='ltr'>Christe,</span> <span class='ocrx_word' id='word_1_433' title='bbox 1081 4030 1107 4092; x_wconf 90' lang='lat' dir='ltr'>si</span> <span class='ocrx_word' id='word_1_434' title='bbox 1130 4031 1204 4094; x_wconf 91' lang='lat' dir='ltr'>bene</span> <span class='ocrx_word' id='word_1_435' title='bbox 1228 4032 1405 4136; x_wconf 79' lang='lat' dir='ltr'>perpendas,</span> <span class='ocrx_word' id='word_1_436' title='bbox 1431 4053 1516 4097; x_wconf 89' lang='lat' dir='ltr'>com-</span> 
     </span>
     <span class='ocr_line' id='line_1_43' title="bbox 169 4115 1516 4203; baseline 0.002 -21"><span class='ocrx_word' id='word_1_437' title='bbox 169 4121 279 4203; x_wconf 84' lang='lat' dir='ltr'>pandio</span> <span class='ocrx_word' id='word_1_438' title='bbox 302 4120 503 4202; x_wconf 89' lang='lat' dir='ltr'>negliguntur.</span> <span class='ocrx_word' id='word_1_439' title='bbox 549 4121 783 4201; x_wconf 88' lang='lat' dir='ltr'>Perpendamus.</span> <span class='ocrx_word' id='word_1_440' title='bbox 825 4118 925 4180; x_wconf 90' lang='lat' dir='ltr'>Primo</span> <span class='ocrx_word' id='word_1_441' title='bbox 949 4115 1054 4199; x_wconf 78' lang='lat' dir='ltr'>perd,</span> <span class='ocrx_word' id='word_1_442' title='bbox 1079 4118 1172 4184; x_wconf 81' lang='lat' dir='ltr'>bvel</span> <span class='ocrx_word' id='word_1_443' title='bbox 1195 4116 1215 4184; x_wconf 89' lang='grc'><strong>6</strong></span> <span class='ocrx_word' id='word_1_444' title='bbox 1239 4121 1333 4184; x_wconf 84' lang='grc' dir='ltr'><strong>εθιίθε</strong></span> <span class='ocrx_word' id='word_1_445' title='bbox 1357 4129 1406 4185; x_wconf 84' lang='grc' dir='ltr'><strong>θεῖ</strong></span> <span class='ocrx_word' id='word_1_446' title='bbox 1427 4123 1516 4186; x_wconf 91' lang='lat' dir='ltr'>colli-</span> 
     </span>
     <span class='ocr_line' id='line_1_44' title="bbox 171 4208 1516 4297; baseline 0.003 -26"><span class='ocrx_word' id='word_1_447' title='bbox 171 4210 270 4290; x_wconf 90' lang='lat' dir='ltr'>genda</span> <span class='ocrx_word' id='word_1_448' title='bbox 293 4211 442 4274; x_wconf 89' lang='lat' dir='ltr'>anomalia</span> <span class='ocrx_word' id='word_1_449' title='bbox 466 4209 725 4274; x_wconf 89' lang='lat' dir='ltr'>commutationis:</span> <span class='ocrx_word' id='word_1_450' title='bbox 759 4208 847 4288; x_wconf 89' lang='lat' dir='ltr'>hujus</span> <span class='ocrx_word' id='word_1_451' title='bbox 872 4208 978 4269; x_wconf 92' lang='lat' dir='ltr'>loco</span> <span class='ocrx_word' id='word_1_452' title='bbox 967 4227 1029 4288; x_wconf 83' lang='lat' dir='ltr'>Jam</span> <span class='ocrx_word' id='word_1_453' title='bbox 1051 4209 1118 4271; x_wconf 92' lang='lat' dir='ltr'>loca</span> <span class='ocrx_word' id='word_1_454' title='bbox 1141 4211 1252 4273; x_wconf 90' lang='lat' dir='ltr'>Terrae</span> <span class='ocrx_word' id='word_1_455' title='bbox 1275 4219 1307 4273; x_wconf 90' lang='lat' dir='ltr'>et</span> <span class='ocrx_word' id='word_1_456' title='bbox 1329 4211 1437 4274; x_wconf 88' lang='lat' dir='ltr'>sideris</span> <span class='ocrx_word' id='word_1_457' title='bbox 1460 4233 1516 4297; x_wconf 91' lang='lat' dir='ltr'>pro</span> 
     </span>
     <span class='ocr_line' id='line_1_45' title="bbox 171 4294 1518 4383; baseline 0.001 -21"><span class='ocrx_word' id='word_1_458' title='bbox 171 4319 204 4362; x_wconf 88' lang='lat' dir='ltr'>re</span> <span class='ocrx_word' id='word_1_459' title='bbox 227 4305 300 4362; x_wconf 84' lang='lat' dir='ltr'>nata</span> <span class='ocrx_word' id='word_1_460' title='bbox 323 4294 539 4364; x_wconf 84' lang='lat' dir='ltr'>subtrahuntur</span> <span class='ocrx_word' id='word_1_461' title='bbox 562 4320 581 4360; x_wconf 91' lang='lat' dir='ltr'>a</span> <span class='ocrx_word' id='word_1_462' title='bbox 604 4319 637 4361; x_wconf 91' lang='lat' dir='ltr'>se</span> <span class='ocrx_word' id='word_1_463' title='bbox 659 4295 773 4360; x_wconf 86' lang='lat' dir='ltr'>ulntno.</span> <span class='ocrx_word' id='word_1_464' title='bbox 820 4297 936 4359; x_wconf 87' lang='lat' dir='ltr'>Deinde</span> <span class='ocrx_word' id='word_1_465' title='bbox 960 4307 1109 4361; x_wconf 92' lang='lat' dir='ltr'>commuta</span> <span class='ocrx_word' id='word_1_466' title='bbox 1090 4299 1152 4361; x_wconf 92' lang='lat' dir='ltr'>atio</span> <span class='ocrx_word' id='word_1_467' title='bbox 1177 4300 1353 4381; x_wconf 90' lang='lat' dir='ltr'>aequanda;</span> <span class='ocrx_word' id='word_1_468' title='bbox 1375 4302 1465 4364; x_wconf 94' lang='lat' dir='ltr'>hoc</span> <span class='ocrx_word' id='word_1_469' title='bbox 1451 4322 1518 4383; x_wconf 82' lang='lat' dir='ltr'>Jam</span> 
     </span>
     <span class='ocr_line' id='line_1_46' title="bbox 89 4386 1516 4472; baseline 0.001 -21"><span class='ocrx_word' id='word_1_470' title='bbox 89 4411 94 4423; x_wconf 95' lang='lat'><strong>·</strong></span> <span class='ocrx_word' id='word_1_471' title='bbox 171 4388 359 4470; x_wconf 90' lang='lat' dir='ltr'>praestitum.</span> <span class='ocrx_word' id='word_1_472' title='bbox 406 4389 508 4452; x_wconf 90' lang='lat' dir='ltr'>Tertio</span> <span class='ocrx_word' id='word_1_473' title='bbox 532 4409 599 4451; x_wconf 91' lang='lat' dir='ltr'>cum</span> <span class='ocrx_word' id='word_1_474' title='bbox 623 4387 773 4450; x_wconf 91' lang='lat' dir='ltr'>anomalia</span> <span class='ocrx_word' id='word_1_475' title='bbox 796 4386 926 4448; x_wconf 88' lang='lat' dir='ltr'>eccentri</span> <span class='ocrx_word' id='word_1_476' title='bbox 950 4389 1138 4469; x_wconf 90' lang='lat' dir='ltr'>excerpenda</span> <span class='ocrx_word' id='word_1_477' title='bbox 1161 4390 1300 4469; x_wconf 89' lang='lat' dir='ltr'>scrupula</span> <span class='ocrx_word' id='word_1_478' title='bbox 1323 4397 1355 4453; x_wconf 92' lang='lat' dir='ltr'>et</span> <span class='ocrx_word' id='word_1_479' title='bbox 1376 4389 1516 4472; x_wconf 85' lang='lat' dir='ltr'>logistice</span> 
     </span>
     <span class='ocr_line' id='line_1_47' title="bbox 79 4475 1519 4563; baseline 0.005 -27"><span class='ocrx_word' id='word_1_480' title='bbox 79 4520 83 4535; x_wconf 84' lang='lat'>.</span> <span class='ocrx_word' id='word_1_481' title='bbox 173 4478 354 4558; x_wconf 91' lang='lat' dir='ltr'>operandum</span> <span class='ocrx_word' id='word_1_482' title='bbox 376 4498 430 4560; x_wconf 92' lang='lat' dir='ltr'>pro</span> <span class='ocrx_word' id='word_1_483' title='bbox 452 4486 539 4558; x_wconf 90' lang='lat' dir='ltr'>parte</span> <span class='ocrx_word' id='word_1_484' title='bbox 570 4475 806 4559; x_wconf 90' lang='lat' dir='ltr'>proportionali;</span> <span class='ocrx_word' id='word_1_485' title='bbox 837 4483 943 4557; x_wconf 89' lang='lat' dir='ltr'>quarto</span> <span class='ocrx_word' id='word_1_486' title='bbox 971 4495 1038 4538; x_wconf 87' lang='lat' dir='ltr'>curu</span> <span class='ocrx_word' id='word_1_487' title='bbox 1066 4479 1298 4541; x_wconf 89' lang='lat' dir='ltr'>commutatione</span> <span class='ocrx_word' id='word_1_488' title='bbox 1330 4481 1519 4563; x_wconf 86' lang='lat' dir='ltr'>excerpenda</span> 
     </span>
     <span class='ocr_line' id='line_1_48' title="bbox 172 4565 1516 4651; baseline 0.004 -23"><span class='ocrx_word' id='word_1_489' title='bbox 172 4567 373 4644; x_wconf 86' lang='lat' dir='ltr'>commutatio,</span> <span class='ocrx_word' id='word_1_490' title='bbox 398 4576 430 4630; x_wconf 95' lang='lat' dir='ltr'>et</span> <span class='ocrx_word' id='word_1_491' title='bbox 453 4568 556 4649; x_wconf 88' lang='lat' dir='ltr'>quinto</span> <span class='ocrx_word' id='word_1_492' title='bbox 580 4585 722 4628; x_wconf 79' lang='lat' dir='ltr'>excessus</span> <span class='ocrx_word' id='word_1_493' title='bbox 747 4585 812 4626; x_wconf 92' lang='lat' dir='ltr'>curn</span> <span class='ocrx_word' id='word_1_494' title='bbox 841 4565 960 4645; x_wconf 89' lang='lat' dir='ltr'>gemina</span> <span class='ocrx_word' id='word_1_495' title='bbox 983 4568 1156 4646; x_wconf 90' lang='lat' dir='ltr'>operatione</span> <span class='ocrx_word' id='word_1_496' title='bbox 1189 4567 1330 4648; x_wconf 89' lang='lat' dir='ltr'>logistica</span> <span class='ocrx_word' id='word_1_497' title='bbox 1352 4589 1405 4650; x_wconf 88' lang='lat' dir='ltr'>pro</span> <span class='ocrx_word' id='word_1_498' title='bbox 1429 4577 1516 4651; x_wconf 85' lang='lat' dir='ltr'>parte</span> 
     </span>
     <span class='ocr_line' id='line_1_49' title="bbox 139 4653 1519 4741; baseline 0.001 -22"><span class='ocrx_word' id='word_1_499' title='bbox 139 4693 140 4696; x_wconf 61' lang='lat'><em>=</em></span> <span class='ocrx_word' id='word_1_500' title='bbox 171 4656 402 4739; x_wconf 89' lang='lat' dir='ltr'>proportionali,</span> <span class='ocrx_word' id='word_1_501' title='bbox 437 4665 525 4719; x_wconf 90' lang='lat' dir='ltr'>sexto</span> <span class='ocrx_word' id='word_1_502' title='bbox 548 4676 602 4738; x_wconf 93' lang='lat' dir='ltr'>per</span> <span class='ocrx_word' id='word_1_503' title='bbox 626 4655 829 4736; x_wconf 89' lang='lat' dir='ltr'>operationem</span> <span class='ocrx_word' id='word_1_504' title='bbox 862 4653 1032 4734; x_wconf 91' lang='lat' dir='ltr'>logisticam</span> <span class='ocrx_word' id='word_1_505' title='bbox 1055 4676 1126 4737; x_wconf 89' lang='lat' dir='ltr'>pars</span> <span class='ocrx_word' id='word_1_506' title='bbox 1150 4658 1186 4719; x_wconf 91' lang='lat' dir='ltr'>de</span> <span class='ocrx_word' id='word_1_507' title='bbox 1210 4677 1334 4720; x_wconf 90' lang='lat' dir='ltr'>excessu</span> <span class='ocrx_word' id='word_1_508' title='bbox 1368 4660 1519 4741; x_wconf 88' lang='lat' dir='ltr'>scrupulis</span> 
     </span>
     <span class='ocr_line' id='line_1_50' title="bbox 173 4744 1520 4829; baseline 0.005 -23"><span class='ocrx_word' id='word_1_509' title='bbox 173 4763 339 4826; x_wconf 89' lang='lat' dir='ltr'>congruens</span> <span class='ocrx_word' id='word_1_510' title='bbox 362 4746 547 4829; x_wconf 89' lang='lat' dir='ltr'>inquirenda,</span> <span class='ocrx_word' id='word_1_511' title='bbox 572 4755 635 4808; x_wconf 90' lang='lat' dir='ltr'>tum</span> <span class='ocrx_word' id='word_1_512' title='bbox 657 4744 827 4807; x_wconf 91' lang='lat' dir='ltr'>addendum</span> <span class='ocrx_word' id='word_1_513' title='bbox 847 4752 901 4805; x_wconf 92' lang='lat' dir='ltr'>aut</span> <span class='ocrx_word' id='word_1_514' title='bbox 924 4745 1166 4822; x_wconf 90' lang='lat' dir='ltr'>subtrahendum,</span> <span class='ocrx_word' id='word_1_515' title='bbox 1190 4755 1224 4809; x_wconf 91' lang='lat' dir='ltr'>nt</span> <span class='ocrx_word' id='word_1_516' title='bbox 1242 4747 1306 4827; x_wconf 88' lang='lat' dir='ltr'>jam</span> <span class='ocrx_word' id='word_1_517' title='bbox 1324 4747 1397 4812; x_wconf 92' lang='lat' dir='ltr'>nihil</span> <span class='ocrx_word' id='word_1_518' title='bbox 1421 4749 1520 4812; x_wconf 89' lang='lat' dir='ltr'>dicam</span> 
     </span>
    </p>

    <p class='ocr_par' dir='ltr' id='par_1_12' title="bbox 174 4832 1520 4928">
     <span class='ocr_line' id='line_1_51' title="bbox 174 4832 1520 4928; baseline 0.003 -31"><span class='ocrx_word' id='word_1_519' title='bbox 174 4833 211 4897; x_wconf 94' lang='lat' dir='ltr'>de</span> <span class='ocrx_word' id='word_1_520' title='bbox 233 4835 369 4928; x_wconf 83' lang='lat' dir='ltr'>pluribus</span> <span class='ocrx_word' id='word_1_521' title='bbox 393 4835 618 4922; x_wconf 90' lang='lat' dir='ltr'>operationibus</span> <span class='ocrx_word' id='word_1_522' title='bbox 643 4841 675 4895; x_wconf 88' lang='lat' dir='ltr'>et</span> <span class='ocrx_word' id='word_1_523' title='bbox 697 4833 823 4907; x_wconf 82' lang='lat' dir='ltr'>cautelis</span> <span class='ocrx_word' id='word_1_524' title='bbox 836 4832 885 4907; x_wconf 59' lang='lat' dir='ltr'>‚ad</span> <span class='ocrx_word' id='word_1_525' title='bbox 909 4834 1083 4898; x_wconf 90' lang='lat' dir='ltr'>latitudines</span> <span class='ocrx_word' id='word_1_526' title='bbox 1107 4836 1341 4900; x_wconf 88' lang='lat' dir='ltr'>constituendas.</span> <span class='ocrx_word' id='word_1_527' title='bbox 1388 4838 1448 4901; x_wconf 90' lang='lat' dir='ltr'>Pro</span> <span class='ocrx_word' id='word_1_528' title='bbox 1471 4838 1520 4901; x_wconf 89' lang='lat' dir='ltr'>his</span> 
     </span>
    </p>
   </div>
   <div class='ocr_carea' id='block_1_7' title="bbox 0 0 1693 5504">
    <p class='ocr_par' dir='ltr' id='par_1_13' title="bbox 0 0 1693 5504">
     <span class='ocr_line' id='line_1_52' title="bbox 0 0 1693 5504; baseline 0 0"><span class='ocrx_word' id='word_1_529' title='bbox 0 0 1693 5504; x_wconf 95' lang='lat' dir='ltr'> </span> 
     </span>
    </p>
   </div>
  </div>
 </body>
</html>
