3354 5504
535 301 717 367 ruscum
752 302 926 372 111111
1338 289 1436 403 Ι39171·

59 478 140 544 Solis
156 480 244 564 eique
258 478 436 560 conjunctae
453 481 650 563 magneticae,
672 484 780 547 insitae
801 484 858 565 ipsi
876 484 1025 567 11111111,
1049 487 1187 562 utsupra
1210 474 1403 563 explicaturi.

60 571 93 634 Si
117 589 192 651 ergo
212 584 268 655 per
291 589 359 632 sese
384 571 512 634 officium
545 573 658 635 faciunt
686 574 811 636 virtutes
842 572 1048 655 magneticae,
1071 570 1141 651 quid
1168 588 1244 651 opus
1271 567 1332 631 illis
1356 575 1413 659 est*

60 660 171 723 mentis
202 658 386 721 directorio?
421 661 468 723 Ac
499 661 557 723 etsi
590 662 626 723 de
656 664 826 743 magnetica
848 665 894 738 vi,
925 662 999 744 ipsis
1032 659 1204 741 corporibus
1226 656 1431 738 planetariis,

8 746 13 839 l
61 749 161 824 insita,
184 747 291 812 incerti
309 749 472 811 mansimus
495 752 744 832 contemplatione
763 754 830 815 axis
845 751 984 826 Telluris,
1009 751 1058 834 qni
1074 749 1211 833 diversus¹
1229 724 1432 809 1111111111*

64 838 199 920 apsidum
223 836 323 901 Solis:
353 847 386 900 at
408 839 483 902 haec
506 841 668 903 difficultas
695 843 832 923 utrinqne
860 841 1022 905 communis
1045 846 1102 903 est
1147 836 1236 901 Nam?
1250 842 1284 898 et
1305 843 1404 896 mente

63 927 160 1008 posita
189 935 291 990 tamen
319 928 416 989 coacti
440 949 540 991 sumus
564 931 721 992 admittere
744 933 835 994 talem
859 952 959 1006 axem,
985 930 1102 1011 qualem
1124 927 1155 988 in
1177 924 1298 987 Tellure
1322 923 1404 986 desi-

65 1017 211 1093 deramus,
236 1034 293 1096 quo
308 1017 457 1079 mediante
473 1038 558 1080 mens
577 1020 783 1101 apprehendat
805 1021 1009 1084 fortitudinem
1033 1016 1135 1098 anguli
1153 1035 1206 1077 seu
1221 1015 1285 1094 ejus
1309 1013 1420 1076 111111·-

9 1158 12 1189 ἷ
64 1125 190 1169 versum.
238 1105 352 1170 Contra
378 1108 571 1169 vehementer
599 1118 684 1188 urget
706 1130 761 1172 nos
790 1110 1033 1185 verisimilitudo,
1061 1115 1096 1169 ut
1117 1103 1305 1167 librationem
1327 1103 1405 1189 hanc

9 1196 13 1245 '¹
65 1197 260 1274 planetarum,
284 1213 359 1275 quae
374 1196 449 1258 citra
473 1200 706 1261 controversiam
726 1200 809 1281 leges
828 1207 953 1262 naturae
976 1199 1120 1280 sequitur,
1142 1202 1267 1256 naturae
1288 1190 1405 1255 adscri-

67 1285 166 1347 bamus
189 1284 376 1358 insolidum,
400 1288 661 1368 quomodocunque
685 1309 722 1350 ea
736 1289 810 1351 insit
833 1288 1005 1370 corporibus
1027 1288 1224 1368 planetarum.
1259 1283 1405 1363 Adeoque

70 1383 97 1436 et
115 1375 216 1456 ipsam
238 1374 315 1436 hanc
338 1376 631 1455 comprehensionem
654 1379 828 1441 sensitivam
849 1378 931 1441 Solis
955 1385 985 1439 et
1007 1379 1144 1451 fixarum,
1163 1391 1252 1459 quam
1274 1369 1407 1432 molliter

70 1482 117 1543 ego
141 1462 259 1545 accipio
281 1465 432 1544 mentique
456 1466 595 1545 planetae
619 1465 767 1549 indulgeo,
792 1468 893 1530 nescio
917 1488 956 1529 an
974 1465 1157 1530 sufficienter·
1176 1458 1406 1541 111111111-

9 1624 12 1631 ,
71 1553 157 1635 sopho
181 1552 446 1632 comprobaverim.
1088 1558 1094 1565 '
1127 1604 1156 1615 ,.

9 1642 11 1649 ’
147 1641 280 1709 Accedit
302 1649 333 1703 et
350 1642 417 1718 hoo,
440 1644 518 1725 quod
540 1643 571 1705 in
594 1645 669 1725 ipsis
691 1646 781 1707 etiam
804 1646 911 1719 modis,
935 1663 1008 1725 quos
1030 1641 1123 1704 menti
1144 1637 1404 1722 praescripsimus,

9 1798 16 1819 ‚
74 1731 204 1806 omnium,
230 1730 279 1812 qui
302 1740 429 1812 possunt
447 1752 524 1807 esse,
547 1734 785 1814 probatissimos,
807 1735 954 1816 implicari
976 1733 1095 1794 videtur
1113 1725 1406 1810 qnaedmrr²·incerti·

10 1859 12 1867 ι
72 1822 133 1884 tudo
156 1819 357 1901 geumetrica;
390 1841 466 1902 qnae
489 1824 590 1884 nescio
614 1844 651 1885 an
674 1843 733 1886 non
756 1844 775 1885 1
796 1825 862 1887 Deo
885 1825 951 1904 ipso
975 1821 1158 1902 repudietur,
1188 1817 1238 1899 qui
1259 1815 1405 1883 hactenus

10 1904 14 1983 f
73 1928 182 1992 semper
204 1909 441 1973 demonstrativa
469 1913 520 1973 via
543 1932 719 1992 progressus
738 1932 805 1975 esse
828 1912 1066 1995 deprehenditur.
1113 1909 1192 1972 Nam
1216 1905 1242 1969 si
1271 1906 1404 1987 planeta,

10 2064 14 2089 Ι,
71 2007 149 2082 prout
172 1999 212 2060 ad
226 1999 328 2062 Solem
351 2001 461 2080 partim
475 2000 567 2063 insita
590 2003 619 2063 vi
642 2002 933 2083 appropinquaverit,
955 2002 986 2061 in
1009 1999 1100 2062 alium
1114 2004 1145 2058 et
1167 1997 1258 2058 alium
1276 1995 1403 2075 gradmn

10 2112 16 2119 ·
72 2087 184 2153 virtutis
213 2106 251 2150 ex
273 2088 345 2151 Sole
373 2090 555 2153 adventitiae
589 2091 671 2153 venit
693 2094 741 2165 (ut
764 2092 880 2174 quidem
903 2091 1010 2164 venit),
1041 2096 1072 2150 et
1099 2086 1124 2149 11
1148 2086 1259 2147 diversi
1291 2081 1420 2164 gradus'

10 2164 15 2189 ¹
71 2179 215 2260 reciproce
238 2177 333 2260 ipsius
350 2179 439 2241 etiam
461 2181 599 2260 planetae
622 2181 681 2242 vim
704 2179 957 2262 appropinquandi
980 2178 1102 2240 intendo
1150 2175 1241 2239 ··'dum
1263 2173 1404 2253 angulum

10 2304 12 2309 ·
72 2273 193 2349 sugent,
225 2265 276 2349 qui
298 2268 402 2347 regula
422 2270 542 2349 ponitur
571 2271 865 2352 appropinquationis
893 2289 945 2331 seu
968 2266 1116 2329 auctionis
1139 2256 1277 2326 diametri
1299 2261 1403 2325 Solis:

73 2357 151 2420 nisus
173 2354 316 2436 planetae
330 2358 466 2438 proprius
489 2357 616 2439 deniqne
640 2359 769 2439 sibiipsi
792 2362 843 2422 liet
858 2379 896 2421 ex
918 2366 1004 2439 parte
1023 2373 1170 2426 mensura,
1196 2361 1227 2415 et
1250 2352 1280 2414 in
1302 2351 1404 2413 inten-

70 2446 143 2509 tione
172 2443 314 2526 planetae
346 2446 433 2508 simul
465 2448 546 2528 prins
570 2455 601 2509 et
623 2449 772 2528 posterius
779 2470 788 2525 ;
821 2468 886 2510 cum
910 2449 950 2510 sit
971 2465 1025 2527 per
1053 2451 1156 2526 partes
1187 2439 1352 2522 inaequalis
1376 2445 1407 2502 11

71 2535 102 2598 ob
124 2534 184 2597 hoe
207 2533 304 2614 ipsum
327 2554 466 2597 mensura
489 2537 657 2616 indiguerit.
696 2537 763 2610 Quo
786 2544 874 2619 pacto
893 2557 953 2599 non
975 2531 1220 2605 demonstrative,
1245 2530 1299 2593 sed
1321 2527 1407 2610 qnasi

68 2643 118 2706 per
141 2622 279 2704 regulam
302 2624 371 2686 falsi
395 2626 513 2688 dabitur
545 2627 711 2707 exploratio
741 2627 998 2708 temperandarum
1021 2623 1129 2686 virium
1159 2621 1312 2701 utriusque
1333 2616 1406 2699 ,vit-

70 2714 151 2789 tutie,
174 2720 210 2774 ut
231 2713 335 2775 eodem
357 2721 491 2795 tempore
515 2735 582 2777 sese
606 2717 767 2796 expediant
789 2718 892 2779 eodem
916 2713 1048 2795 corporis
1072 2713 1262 2774 circumactu.

152 2800 223 2866 Nisi
246 2801 324 2864 forte
339 2803 405 2882 quis
419 2823 457 2866 ex
478 2805 535 2866 hac
559 2804 625 2885 ipsa
643 2824 782 2868 mensura
796 2805 1002 2885 dysonsqucp
1017 2819 1209 2883 progressum
1223 2796 1407 2879 apheliorum

68 2890 256 2956 occasionem
286 2891 420 2954 invenire
443 2894 590 2973 suspicari
612 2895 693 2956 velit.
740 2895 801 2959 Sed
830 2914 885 2957 nos
913 2911 1004 2974 supra
1026 2910 1091 2971 cap.
1115 2888 1250 2952 XXXV.
1275 2886 1307 2948 in
1336 2905 1406 2948 sns-
1459 2948 1465 2959 .

67 3000 161 3064 penso
183 2977 370 3062 reliquimus,
403 3003 440 3044 an
469 3003 527 3045 non
558 2983 614 3045 hoc
646 3002 740 3064 genus
768 2991 901 3046 motuum
933 2983 970 3045 ab
1002 2980 1063 3042 alia
1090 2998 1196 3052 eausa,
1230 2975 1346 3038 scilicet
1367 2974 1406 3037 ab

68 3066 251 3149 1111111111,
280 3069 381 3150 possit
402 3071 546 3146 existere;
579 3080 625 3148 ut,
655 3074 734 3137 sient
755 3075 851 3136 ferrea
874 3071 986 3135 tabella
1017 3069 1077 3131 vim
1098 3065 1247 3147 magnetis
1274 3062 1407 3144 lingulae

68 3160 183 3223 ferreae
213 3158 379 3240 intercipit,
411 3162 455 3223 sic
480 3162 667 3243 planetarum
691 3181 816 3244 corpora
847 3162 905 3225 sibi
934 3167 1034 3223 mutuo
1057 3156 1148 3219 etiam
1180 3175 1251 3218 suas
1279 3152 1407 3215 virtutes

67 3247 253 3330 magneticas
275 3249 426 3329 proprias,
450 3250 556 3331 quibus
579 3252 617 3312 ad
639 3252 742 3315 Solem
764 3258 910 3327 annuunt,
933 3248 1134 3329 intercipiant.
1178 3246 1257 3309 Nam
1279 3260 1316 3305 ne
1339 3258 1426 3323 cum.⁴

68 3336 169 3402 Soleri
182 3335 294 3399 virtute
315 3337 373 3400 hoc
395 3340 489 3416 fieret,
510 3359 547 3402 ne
570 3341 688 3422 inquam
703 3341 822 3403 Solaria
840 3342 945 3414 virtus,
969 3335 1133 3401 communis
1148 3330 1293 3408 omnibns,
1308 3330 1406 3395 inter·

69 3427 219 3510 ciperetnr
240 3426 290 3488 nni
314 3426 471 3508 interjectu
485 3429 624 3504 alterins,
649 3430 839 3492 distinximus
862 3431 939 3492 inter
956 3426 1119 3491 essentiam
1142 3421 1275 3504 corporis
1290 3416 1408 3484 Solsris

68 3524 99 3580 et
128 3515 373 3598 planetariorum.
430 3516 505 3580 Cum
537 3518 628 3599 igitur
659 3538 717 3581 non
748 3518 972 3582 distinxerimus
1012 3518 1089 3578 inter
1121 3531 1246 3594 corpora
1276 3510 1408 3592 ipsorum

67 3605 265 3688 planetarum,
288 3605 407 3669 videtur
428 3608 485 3669 hoc
508 3607 538 3669 in
561 3627 653 3670 causa
674 3607 810 3690 relinqui.
844 3607 950 3689 Neque
972 3624 1044 3669 sene
1062 3603 1196 3684 expediri
1216 3599 1325 3681 potuit,
1346 3596 1424 3662 nisi·

69 3693 257 3777 deprehensa
278 3695 437 3758 verissima
459 3696 656 3778 dispositione
685 3696 845 3778 magnetici
869 3695 1002 3779 corporis
1023 3694 1177 3776 planetae,
1208 3709 1267 3771 qna
1288 3686 1407 3752 libratio

69 3781 303 3848 administretur.

158 3869 221 3934 Sed
244 3879 278 3935 nt
299 3873 538 3937 ratiocinationis
560 3874 600 3937 sit
622 3875 803 3956 exemplum:
833 3872 874 3937 sit
894 3870 1053 3955 dispositio
1067 3868 1238 3952 magnetica
1257 3867 1406 3953 plsnetae,

71 3962 190 4046 qualem
211 3961 302 4042 paulo
324 3970 395 4026 ante
418 3983 483 4026 cum
506 3964 784 4041 introduxissemus,
807 3973 915 4046 postea
936 3965 973 4027 de
995 3961 1115 4026 Tellure
1144 3956 1326 4039 negavimus.
1372 3957 1409 4019 ln

71 4070 107 4115 ea
128 4069 191 4114 non
212 4050 305 4114 habet
326 4053 423 4115 locum
446 4052 685 4135 impedimentum
709 4055 746 4117 ab
769 4051 945 4132 ἀηιφραξει.
990 4053 1068 4114 Nam
1086 4049 1156 4131 quia
1176 4045 1407 4127 virtutisumag-

70 4138 188 4205 neticse
212 4140 335 4204 euectus
358 4142 424 4217 fuit,
447 4143 487 4204 ad
501 4143 603 4206 Solem
624 4143 746 4205 tendere
770 4150 801 4206 et
822 4143 926 4206 aSole
949 4143 1062 4222 ingere,
1085 4137 1260 4217 interimque
1274 4128 1408 4198 chrectas

71 4238 173 4294 tenere
197 4228 288 4293 fibras
311 4230 391 4294 sedis
414 4232 614 4312 magneticae;
638 4232 664 4294 si
683 4252 753 4313 ergo
770 4233 847 4294 alins
869 4233 1000 4312 planeta,
1024 4229 1127 4292 Solem
1148 4227 1226 4290 inter
1248 4232 1279 4286 et
1300 4224 1407 4304 plane-

37 4327 133 4419 ‚am
156 4317 373 4396 interveniens,
403 4320 530 4402 impedit
559 4323 637 4384 hanc
658 4322 917 4402 adnavigationem
941 4321 979 4383 ad
1002 4319 1104 4382 Solem
1133 4317 1181 4379 vel
1203 4316 1321 4395 fugam,
1347 4333 1407 4377 non

71 4407 215 4492 impedito
238 4408 384 4472 communi
406 4419 488 4473 motu
510 4428 548 4472 ex
571 4411 658 4475 Sole:
682 4412 778 4474 mihus
802 4411 891 4490 igitur
909 4411 993 4490 justo
1012 4405 1205 4487 adnavigabit
1226 4403 1274 4465 vel
1303 4402 1407 4485 fugiet,

71 4506 102 4562 et
124 4497 170 4561 sic
192 4498 355 4562 mutabitur
377 4499 517 4562 circuitus
540 4499 702 4583 amplitudo
725 4520 791 4562 eum
819 4500 970 4581 periodico
993 4506 1125 4578 tempore
1155 4512 1304 4557 successu·
1318 4511 1407 4555 secu-

72 4588 170 4652 lorum
209 4587 373 4670 iterumque
403 4589 567 4669 corrigetur
598 4589 755 4653 contrariis
778 4587 1037 4669 eclipsationibus3
1070 4594 1103 4648 at
1124 4605 1182 4647 non
1210 4581 1409 4646 transferetur

71 4675 225 4761 aphelinm
248 4696 285 4740 ex
306 4677 363 4740 hac
386 4677 504 4761 quidem
518 4675 692 4759 ἀηιφραξοι.
729 4678 824 4758 Igitur
847 4697 939 4741 causa
960 4684 1059 4739 motus
1073 4673 1257 4756 apheliornm
1279 4691 1299 4732 a
1320 4670 1407 4735 nobis

71 4766 157 4852 prins
179 4766 276 4829 allata
299 4767 395 4830 adhuc
418 4767 485 4830 sola
506 4776 628 4850 regnat,
658 4769 721 4831 sine
745 4769 828 4830 socia
850 4767 898 4829 vel
921 4767 1046 4830 aemula.
1091 4763 1137 4826 At
1158 4779 1251 4844 neque
1274 4759 1407 4824 simone

70 4856 227 4926 librationi
248 4856 336 4922 modo
351 4857 432 4922 dioto
444 4858 627 4942 praesideat,
645 4856 801 4943 quicquam
815 4856 935 4924 nocebit
956 4853 1133 4938 1111111111.
1170 4853 1312 4918 Uteretnr
1326 4850 1406 4916 enirn
