3354 5504
266 277 330 348 308
750 277 790 332 Da
808 276 916 330 Motibus
934 275 1027 331 Stellae
1044 277 1132 332 Martio

935 392 959 439 iu·
1227 425 1233 433 .

354 459 397 522 Et
418 459 546 540 primum
569 457 648 540 quod
671 456 794 532 attinet,
826 456 1064 521 consrderatione
1089 446 1296 538 dignnnttst,
1327 478 1366 520 an
1389 457 1469 520 sicut
1492 476 1617 539 opacum

267 550 395 612 altemm
419 548 507 612 alteri
529 549 628 609 lumen
650 545 734 609 Solis
758 546 919 626 intercipit,
944 547 987 609 sic
1011 549 1102 610 etiam
1125 545 1250 610 mobilia
1272 567 1305 609 se
1328 546 1457 610 invicem
1480 548 1513 610 in
1536 556 1632 611 motu·

265 632 439 720 impediant,
464 638 515 701 nbi
529 636 651 699 easdem
674 655 740 698 cnm
756 637 828 699 Sole
848 635 945 697 lineas
969 636 1141 700 inciderint:
1166 644 1200 699 ut
1221 637 1266 698 ita
1288 636 1340 699 lux
1354 637 1444 717 plane
1466 637 1511 700 sit
1532 638 1617 699 vehi-

267 729 366 791 culum
385 728 434 789 vel
457 730 686 791 instrumentum
700 725 821 788 virtutis
845 726 988 787 metricis.
1028 726 1136 790 Videri
1160 727 1238 788 enim
1260 726 1368 806 possit,
1393 735 1426 788 ut
1449 726 1508 789 hoc
1523 747 1617 809 quan-

266 825 331 883 tum
362 816 427 880 fieri
463 823 569 899 posset
601 822 774 889 caveretur,
812 815 1022 877 inclinationes
1060 823 1178 879 mutuas
1210 814 1445 879 eccentricorum
1478 817 1618 889 omnium,

268 906 514 989 deviationesqne
538 907 575 967 ab
600 904 739 985 ecliptica
762 913 794 965 et
816 905 1068 999 transpositiones
1091 900 1412 986 nodorum,tade0qne
1436 914 1468 967 et
1490 926 1617 987 propor-

268 996 369 1065 tiones
385 1016 541 1077 corpomm
564 995 791 1074 umbrarumque
814 994 845 1056 in
862 990 976 1056 connm'
991 994 1214 1058 attenuationes
1237 1015 1256 1055 a
1277 994 1344 1058 Deo
1367 994 1523 1058 adhibitas
1537 1004 1638 1058 esser*

212 1154 218 1165 ,
270 1105 393 1168 cumque
421 1106 481 1149 non
508 1086 597 1166 plane
626 1083 733 1146 evitari
761 1084 909 1164 potuerit,
943 1086 1013 1166 quin
1045 1086 1145 1148 sidera
1176 1084 1326 1147 interdum
1352 1083 1384 1145 in
1407 1084 1532 1148 easdem
1555 1104 1617 1148 cum

268 1175 340 1240 Sole
364 1174 460 1238 lineas
483 1174 666 1248 inciderent,
698 1173 830 1255 proclive
855 1180 903 1234 cst
926 1175 1087 1255 suspicari,
1120 1154 1402 1251 indeffflrdissimos
1425 1173 1498 1236 illos
1522 1182 1618 1238 motus

268 1283 468 1349 apogaeomm
491 1273 522 1326 et
544 1264 690 1325 nodomm
713 1264 778 1343 (qui
803 1271 873 1325 snnt
895 1264 981 1343 qnasi
1009 1264 1156 1345 quaedam
1183 1250 1389 1325 alienationes
1417 1264 1619 1346 epicyclorum

267 1376 287 1421 a
307 1355 491 1434 temporibus
514 1352 728 1424 restitutoriis)
753 1352 897 1432 originem
920 1372 1005 1414 snam
1028 1353 1168 1415 traxisse.

355 1443 417 1508 Sed
440 1443 647 1525 respondetur,
670 1441 766 1523 primo
789 1462 848 1504 non
872 1441 1052 1505 turbandam
1075 1462 1142 1505 esse
1166 1440 1338 1521 analogiam
1366 1440 1445 1504 inter
1467 1441 1567 1506 lucem
1589 1451 1618 1506 et

265 1534 408 1597 virtutem
430 1533 600 1607 motricem,
633 1540 745 1594 temere
769 1531 902 1595 confusis
930 1531 1175 1613 proprietatibus.
1221 1532 1289 1594 Lux
1318 1548 1411 1610 opaco
1446 1531 1617 1613 impeditur,

263 1642 390 1707 corpore
413 1643 473 1684 non
494 1621 664 1703 impeditur,
689 1630 813 1702 propter
834 1621 892 1683 hoc
914 1620 1021 1702 ipsum,
1046 1622 1116 1703 quia
1139 1622 1191 1684 lux
1209 1628 1267 1696 est,
1289 1639 1344 1683 nec
1368 1621 1398 1681 in
1422 1639 1534 1702 corpus
1557 1623 1618 1702 agit

266 1711 322 1777 aed
350 1712 383 1777 in
405 1712 591 1793 superficiem
618 1710 668 1772 vel
691 1711 787 1792 qnasi.
834 1709 943 1772 Virtus
974 1712 1004 1773 in
1028 1730 1136 1792 corpus
1163 1710 1229 1791 agit
1254 1707 1321 1772 aine
1345 1709 1432 1791 opaci
1460 1719 1615 1792 respectu:

265 1800 355 1885 opaci
385 1802 479 1884 igitur
512 1800 691 1865 correlatum
724 1819 790 1862 cum
815 1819 875 1863 non
907 1799 956 1875 sit,
989 1820 1084 1882 neque
1116 1800 1154 1862 ab
1186 1818 1280 1880 opaco
1312 1798 1503 1878 impedietur.
1552 1801 1616 1874 Quo

266 1889 386 1956 nomine
409 1892 506 1955 lucem
530 1912 548 1952 a
572 1890 682 1952 virtute
705 1896 844 1951 movente
867 1908 943 1969 pene
968 1910 1157 1971 separarem,
1190 1888 1250 1951 nisi
1270 1886 1435 1951 invenirem
1456 1888 1490 1951 in
1513 1898 1618 1953 natura

220 2008 227 2023 .
267 1980 421 2063 exempla,
450 1999 526 2062 quae
550 1979 626 2042 lucis
649 1978 744 2042 radiis
767 1978 857 2041 etiam
880 1979 1034 2060 impeditis
1057 1979 1218 2042 efficaciam
1241 1956 1548 2060 armeniidinqunnt
1569 1980 1616 2054 ibi,

269 2089 412 2154 quorsum
433 2068 589 2151 pervenire
605 2067 807 2149 prohibentur.
848 2068 910 2132 Sed
933 2071 969 2130 de
994 2070 1070 2133 lucis
1086 2089 1152 2132 cum
1175 2067 1286 2130 virtute
1308 2066 1433 2130 motrice
1452 2067 1616 2132 sociatione

267 2180 328 2224 non
350 2159 509 2242 praecipue
532 2159 581 2220 hic
605 2165 721 2237 satago.
1096 2220 1102 2247 Ι

353 2248 547 2329 Accipiamus
572 2256 671 2309 autem
686 2248 726 2309 ad
749 2245 948 2327 suspicionem
962 2247 1040 2309 hanc
1063 2245 1273 2327 impeditomm
1296 2251 1430 2308 motuum
1446 2247 1615 2310 diluendam

268 2337 436 2420 exemplum
463 2339 591 2400 altemm
614 2336 771 2417 magnetis.
817 2336 892 2416 Ejus
915 2338 1011 2398 virtus
1039 2336 1113 2397 nihil
1141 2334 1301 2416 impeditur
1324 2334 1444 2414 objectu
1472 2338 1613 2400 materiae

269 2428 357 2503 (sane
381 2428 451 2509 quia
473 2427 676 2489 immateriale
699 2428 761 2501 est)
786 2427 840 2488 sed
863 2425 974 2489 transit
996 2425 1124 2487 laminas
1141 2432 1312 2506 argenteas,
1335 2443 1474 2505 cupreas,
1499 2446 1613 2502 aureas,

267 2517 392 2593 vitreas,
417 2536 538 2592 osseas,
563 2515 696 2596 ligneas,
720 2515 871 2596 trahitque
896 2516 1006 2578 sermm
1029 2523 1100 2596 post
1122 2514 1193 2576 illas
1216 2513 1342 2576 latitans
1365 2514 1561 2579 nibilominus
1582 2536 1615 2578 ac

269 2608 295 2671 si
310 2606 410 2668 nullae
427 2607 610 2668 interessent
620 2606 759 2667 laminae.
786 2605 952 2684 Impeditur
962 2605 1081 2688 quidem
1098 2603 1256 2684 interjectu
1272 2604 1469 2691 magneticae¹¹
1476 2605 1615 2680 tabellae,

271 2697 326 2760 sed
349 2716 441 2758 causa
464 2696 494 2757 in
516 2703 635 2776 promtu
658 2704 719 2769 est;
752 2694 866 2756 tabella
890 2714 955 2757 cnm
985 2696 1050 2775 ipso
1074 2702 1213 2773 magnete
1243 2693 1329 2773 paria
1357 2693 1440 2771 facit.
1489 2693 1616 2776 Superat
1644 2732 1651 2755 ι

269 2786 361 2866 igitur
392 2783 567 2848 fortitudine
600 2783 791 2846 remotiorem
822 2791 892 2864 post
924 2805 956 2846 se
989 2784 1169 2845 latitantem
1215 2784 1263 2845 Ac
1291 2783 1349 2844 etsi
1378 2783 1614 2847 etiamaierreac

269 2874 400 2937 tabellae
424 2874 583 2954 interjectu
607 2872 777 2952 impeditur,
801 2881 902 2934 tamen
920 2882 951 2935 et
973 2874 1047 2936 haec
1066 2880 1115 2934 est
1136 2882 1260 2935 naturae
1279 2873 1467 2951 magneticae
1487 2883 1520 2936 et
1537 2893 1614 2937 com-

268 2965 346 3027 bibit
369 2964 511 3026 virtutem
535 2963 683 3042 magnetis
708 2962 798 3036 illico,
823 2982 916 3043 eaque
940 2962 1026 3044 qnasi
1048 2963 1170 3043 propria
1192 2962 1293 3025 utitur.

358 3055 402 3116 Ut
423 3053 515 3133 igitur
535 3071 644 3132 negare
668 3052 830 3132 possimus,
854 3061 954 3114 motus
974 3053 1104 3114 siderum
1128 3051 1265 3133 impediri
1288 3050 1472 3115 centralibus
1495 3052 1616 3116 duorum

272 3141 545 3223 conjunctionibus,
578 3161 702 3203 necesse
731 3150 778 3203 est
807 3141 922 3217 dicere,
959 3142 1041 3204 Solis
1064 3150 1201 3203 naturam
1227 3141 1296 3220 plus
1319 3140 1438 3205 differre
1462 3162 1483 3203 a
1504 3142 1616 3204 naturis

272 3233 403 3295 siderum
427 3239 610 3303 ceterorum,
638 3250 727 3312 qnam
750 3230 851 3292 differt
869 3239 977 3293 natura
999 3231 1147 3311 magnetis
1171 3252 1190 3292 a
1212 3239 1321 3292 natura
1344 3231 1433 3292 ferri:
1468 3249 1526 3294 nec
1547 3222 1581 3295 rit
1600 3250 1617 3293 a

272 3330 410 3401 magnete
445 3321 556 3382 ferrum
589 3321 714 3383 eandem
749 3320 846 3383 subito
879 3321 1020 3383 virtutem
1051 3319 1207 3394 combibit,
1241 3319 1285 3381 sic
1315 3340 1333 3380 a
1364 3319 1436 3382 Sole
1469 3310 1615 3401 planffl.

273 3412 380 3474 Utrum
396 3419 496 3472 antem
510 3410 641 3490 aliquam
653 3410 885 3491 qualemcunque
897 3410 1076 3485 combibant,
1092 3410 1196 3471 differo
1207 3410 1236 3473 in
1247 3417 1338 3489 capnt
1347 3410 1445 3471 LVII.
1459 3410 1616 3491 explicare.

361 3499 449 3572 Quod
481 3507 581 3561 autem
612 3499 901 3561 verisimilitudinem
934 3500 1045 3562 attinet
1068 3518 1177 3561 causae
1208 3506 1307 3562 motus
1337 3516 1555 3578 apogaeomm,
1587 3519 1618 3562 ea

218 3604 226 3615 ··
274 3588 349 3652 nihil
372 3589 482 3670 probat
503 3588 541 3650 de
564 3588 675 3651 virtute
698 3590 755 3650 hac
771 3590 919 3653 communi
935 3589 1034 3652 Solari
1058 3608 1111 3668 per
1133 3586 1303 3671 ἀντιφραξιν
1326 3587 1479 3668 impedita.
1516 3589 1618 3652 Potest

275 3678 353 3741 enim
375 3687 474 3742 motus
497 3697 698 3759 apogaeomm
727 3679 818 3741 aliam
854 3687 957 3760 utpote
987 3678 1145 3741 animalem
1167 3679 1279 3742 babere
1303 3696 1434 3739 causam.
1482 3679 1564 3741 Vide
1585 3679 1617 3743 do

273 3768 331 3831 hac
354 3787 386 3830 re
409 3769 567 3830 obscuram
590 3769 720 3850 aliquam
744 3769 912 3850 opinionem
934 3768 1013 3830 infra
1036 3787 1100 3849 cap.
1124 3768 1223 3831 LVlI.
1567 3755 1579 3777 ⁴

362 3857 451 3921 Adde
475 3858 553 3940 quod
581 3857 606 3919 si
634 3857 703 3919 hinc
731 3859 859 3921 oriretur
882 3878 1083 3939 apogaeorum
1106 3865 1219 3934 motus,
1252 3856 1330 3939 quod
1353 3864 1453 3920 motus
1482 3856 1617 3938 planetae

277 3947 359 4010 circa
382 3947 485 4010 Solem
513 3947 544 4008 in
567 3945 735 4027 ἀντιφραξει
766 3949 877 4027 speciei
900 3948 1033 4011 motricis
1057 3968 1094 4010 ex
1117 3947 1189 4011 Sole
1213 3947 1379 4011 emanantis
1407 3930 1615 4027 impediriitur:

166 4092 173 4102 .
278 4038 482 4099 retardaretur
504 4036 595 4116 igitur
610 4044 708 4099 motus
732 4038 936 4118 longitudinis,
960 4047 1012 4100 aut
1034 4037 1242 4118 progrediente
1258 4044 1341 4098 motu
1364 4035 1536 4098 latitudiuis
1551 4039 1616 4119 (quo

278 4120 370 4207 pacto
389 4127 613 4195 retrocederent
635 4129 785 4208 apogaea)
809 4136 861 4190 ant
889 4147 981 4209 aeque
1008 4128 1177 4190 retardato:
1212 4127 1256 4189 ita
1283 4126 1451 4189 consistent
1478 4144 1616 4208 apogaea,

279 4235 346 4278 cum
369 4214 594 4278 observationes
617 4224 775 4291 testentur,
805 4217 871 4298 ipsa
892 4218 1041 4299 progredi.

368 4306 477 4369 Sedet
498 4306 555 4367 hoc
578 4326 643 4386 cap.
668 4308 765 4370 LVII.
790 4308 913 4382 dicetur,
937 4314 1035 4369 utrum
1058 4306 1144 4370 salvo
1169 4314 1251 4370 motu
1274 4324 1312 4367 ex
1327 4304 1400 4370 Sole
1424 4303 1616 4386 impediantur

280 4402 379 4460 motus
401 4396 531 4460 siderum
553 4395 666 4478 proprii
688 4417 722 4478 τῃ
744 4394 919 4478 ἅκιφραξει.

864 4747 1045 4759 *-
