3354 5504
165 269 229 338 130
582 269 680 321 Herae
698 265 801 330 Kepleri
816 264 967 331 suorumque
983 269 1101 319 mu.

162 457 285 525 stratur,
304 450 369 531 ipse
384 447 504 511 circulis
516 447 674 527 exprimat.
713 447 778 508 Tus
793 445 871 508 enim
887 446 962 508 haec
977 443 1098 507 libratio
1115 442 1298 507 mechanicis
1313 439 1509 525 opportunis-

161 543 239 603 sima
256 547 313 613 est,
339 558 405 601 curn
423 557 483 600 una
503 536 605 598 tidelia
623 536 680 598 duo
693 536 825 615 parietes
848 535 978 597 dealbet
1017 533 1098 605 Quid
1121 533 1237 614 igitur?
1273 535 1354 597 Num
1369 534 1508 598 deseram

161 630 279 694 infinita
290 648 359 691 mea
375 632 542 690 commenta
565 644 655 705 super
677 625 777 687 causis
794 624 941 708 physicis,
963 632 1102 685 naturrarn
1120 623 1272 686 coelorum
1294 623 1393 686 amei
1411 622 1509 686 trien·

160 719 224 800 guli
254 739 326 780 area
355 718 394 779 ad
425 724 494 778 tuas
516 714 693 776 librationes
724 715 890 787 traducam,
913 714 1084 786 affirmans,
1115 721 1198 775 tuam
1228 711 1410 794 hypothesin
1441 731 1510 775 asse

161 807 320 886 genuinam
343 815 375 867 et
396 804 574 867 rationalem
596 813 772 884 propterea,
796 804 874 885 qnod
898 802 1041 883 simplex,
1064 821 1161 873 meam
1185 804 1284 864 fictam
1303 810 1340 863 et
1361 821 1382 863 a
1402 809 1511 865 natura

161 898 301 971 alienam,
324 903 484 976 propterea
504 894 583 975 quod
600 913 673 954 area
690 893 833 972 trianguli
855 891 977 954 metitur
991 899 1138 983 tempera,
1161 892 1288 972 angulus
1310 910 1382 954 vero
1396 911 1509 972 aequa·

162 989 275 1050 tionem
299 983 455 1066 opticam?
499 983 569 1045 Non
592 981 712 1056 faciam,
735 1002 795 1045 non
818 981 897 1043 enim
918 981 976 1043 hoc
998 988 1082 1042 esset
1103 981 1320 1062 philosophari.
1363 979 1509 1045 Gratulor

161 1076 234 1138 mihi
255 1073 372 1155 potius,
404 1081 487 1134 tuam
514 1071 591 1133 hauc
623 1071 812 1134 librationem
843 1072 990 1133 hactenus
1022 1069 1195 1145 delituisse,
1228 1070 1326 1151 quoad
1349 1070 1386 1132 de
1409 1066 1510 1134 causis

159 1164 294 1246 physicis
317 1183 366 1225 res
380 1163 538 1242 explorata
559 1169 616 1223 est.
653 1162 732 1223 Nam
756 1162 854 1223 fateor
876 1160 1013 1240 ingenue,
1038 1158 1063 1221 si
1086 1167 1119 1221 tu
1141 1160 1355 1241 praevenisses
1376 1159 1435 1222 hac
1457 1166 1511 1223 tua

162 1254 258 1316 forma
279 1251 437 1313 libratoria
450 1269 547 1312 meam
569 1249 737 1331 physicam,
760 1249 961 1331 vidissemque
976 1249 1041 1328 ejus
1055 1266 1234 1312 consensum
1247 1268 1315 1317 oum
1331 1247 1511 1323 observatis,

161 1362 208 1405 mc
230 1360 380 1422 nunquam
402 1340 432 1401 in
456 1334 564 1402 causas
586 1348 720 1402 motuum
737 1338 908 1402 iucasnrum
922 1340 1025 1411 luisse.
1063 1339 1143 1401 Nam
1156 1338 1224 1420 quis
1237 1357 1361 1420 quaeso,
1374 1330 1511 1401 'versans

161 1432 260 1493 animo
282 1429 459 1491 librationes
482 1448 592 1510 easque
615 1429 721 1491 videns
744 1429 912 1492 consentire
936 1427 1120 1501 observatis,
1144 1427 1226 1508 quis,
1259 1427 1395 1508 inquam,
1428 1425 1512 1490 aliud

162 1519 310 1601 suscipiat
331 1518 543 1598 indagandum,
567 1538 656 1599 qnam
679 1537 801 1580 eausam
823 1518 912 1599 hujus
935 1516 1115 1592 librationis,
1138 1517 1225 1598 quasi
1247 1516 1404 1580 verissime
1428 1515 1511 1579 acci-

162 1608 271 1671 deret?
317 1607 394 1680 Quis
417 1627 475 1670 non
509 1608 577 1669 hinc
607 1607 664 1669 sibi
694 1608 905 1671 adamantinos
927 1605 1123 1672 eucentricus
1144 1607 1202 1670 DE
1233 1614 1265 1667 et
1292 1605 1352 1670 GH
1379 1623 1511 1686 axesque

163 1696 347 1760 fortissimos
361 1698 421 1759 AD
436 1706 468 1759 et
479 1696 541 1760 AG
556 1697 761 1777 persuadeat?
798 1696 876 1769 Quis
897 1705 993 1778 putet,
1018 1694 1080 1757 ista
1102 1696 1203 1758 omnia
1215 1695 1293 1758 effici
1308 1713 1399 1776 posse
1414 1695 1512 1758 torma

152 1786 369 1850 diversissima
383 1786 543 1849 virtmibus
556 1787 755 1867 magneticis?
778 1787 885 1868 Itaque
896 1785 1079 1866 complector
1092 1784 1191 1848 auimo
1202 1783 1352 1865 ingentem
1366 1785 1511 1859 dolorem,

46 1942 50 1951 ,
162 1877 211 1960 qui
233 1875 308 1938 mihi
330 1876 440 1937 fuisset
462 1876 593 1938 oriturus
616 1896 707 1957 super
728 1875 895 1939 miserrimo
918 1875 1036 1949 labore,
1069 1874 1236 1955 inquirendi
1260 1894 1369 1937 causas
1399 1893 1510 1959 rernm,¹
1538 1923 1541 1939 .

162 1985 238 2049 qnae
267 1985 326 2026 non
355 1973 426 2026 sunt
452 1965 483 2026 iu
505 1985 604 2028 rerum
627 1975 749 2040 natura,
783 1967 837 2028 sed
866 1965 1005 2027 videntur
1031 1983 1114 2037 esse,
1147 1963 1340 2026 librationum
1371 1962 1511 2031 nimirum

162 2053 322 2131 eccentrici
354 2054 477 2136 ejusque
504 2055 642 2116 diametri
674 2057 752 2118 fixae
783 2057 813 2118 in
842 2073 965 2136 corpore
988 2053 1087 2128 Solis,
1119 2072 1155 2115 ac
1183 2053 1210 2114 si
1236 2052 1304 2135 quis
1332 2054 1451 2116 clavum
1482 2053 1513 2131 in

161 2143 308 2226 parietem
338 2141 500 2223 impactum
523 2144 640 2206 crebris
668 2146 706 2206 ad
739 2145 836 2206 latera
858 2142 1099 2207 contorsiouibus
1122 2150 1154 2205 et
1181 2141 1399 2205 retorsionibus
1431 2142 1511 2206 nite·

163 2241 245 2297 retur
276 2231 416 2294 evellere.
461 2233 507 2295 At
538 2231 632 2296 eheu!
665 2254 724 2296 uon
756 2244 847 2297 vacat
878 2234 1031 2312 indulgere
1060 2230 1175 2294 doloris
1206 2230 1430 2312 imaginationi,
1463 2230 1513 2314 qui

161 2329 343 2404 praeventus
366 2328 398 2383 et
419 2321 588 2385 declinatus
606 2322 670 2403 jam
694 2332 760 2384 est:
785 2344 874 2387 verus
896 2343 943 2385 me
966 2323 1052 2384 dolor
1074 2321 1199 2402 corripit
1222 2340 1312 2402 super
1334 2304 1512 2402 impenden-
1536 2348 1539 2354 ·

162 2411 253 2486 tibus,
276 2430 331 2491 pro
348 2430 384 2472 eo
400 2430 457 2491 quo
472 2411 529 2473 tibi
551 2413 762 2492 gratulandum
786 2423 860 2475 erat.
898 2414 1011 2476 Natam
1025 2410 1071 2471 ais
1093 2411 1149 2472 tibi
1172 2410 1262 2474 liliam
1287 2429 1324 2472 ex
1346 2411 1513 2491 geometria

162 2500 283 2563 matre?
319 2500 407 2560 Vidi:
432 2500 559 2580 pulchra
578 2510 635 2577 est,
660 2511 694 2565 at
715 2505 859 2565 meretrix
873 2501 1007 2583 pessima
1030 2501 1130 2562 futura
1152 2509 1209 2576 est,
1233 2500 1401 2563 abductura
1422 2518 1512 2582 quam

164 2589 301 2672 plurimis
323 2587 400 2650 meis
423 2589 541 2652 filiabus
569 2611 606 2652 ex
630 2601 725 2654 matre
749 2593 876 2674 physica
898 2591 1047 2670 susceptis
1079 2588 1205 2652 maritos
1235 2608 1315 2651 snos.
1362 2590 1514 2652 'lhadncet

162 2688 216 2743 tua
238 2678 415 2760 hypothesis
436 2679 476 2740 ad
500 2699 532 2741 se
556 2681 685 2742 lectores
704 2690 736 2743 et
756 2681 963 2763 philosophos,
986 2678 1072 2742 dabit
1085 2679 1197 2758 effugia
1218 2678 1355 2743 hostibus
1369 2679 1513 2761 physicae

163 2764 316 2843 coelestis,
338 2767 477 2847 patronis
491 2768 638 2844 inscitiae,
663 2771 837 2833 architectis
860 2771 1024 2832 solidorum
1038 2767 1164 2842 orbium,
1186 2768 1370 2832 mechanicis
1388 2769 1513 2844 emnia,

164 2856 270 2938 quibus
294 2875 326 2918 se
349 2857 538 2919 redimente
561 2858 688 2921 vinculis
711 2859 1006 2922 demonstrationum·
1026 2876 1160 2920 mearum
1181 2858 1393 2939 physicarum,
1427 2859 1514 2940 inque

162 2946 334 3010 libertatem
348 2946 432 3009 Deos
450 2946 616 3010 fabricandi
632 2967 700 3010 sese
714 2949 869 3031 recipient.
899 2949 1059 3013 Redibitur
1075 2946 1113 3007 ad
1133 2946 1360 3027 intelligentias,
1379 2948 1514 3030 duaeque

164 3034 391 3098 collocabuntur
422 3035 460 3096 ad
484 3036 559 3099 dnos
590 3038 717 3100 circulos
746 3040 826 3101 circu
849 3047 984 3101 centrum
1014 3040 1057 3112 B,
1089 3035 1196 3117 quibus
1219 3037 1368 3100 adiciatur
1397 3037 1513 3102 isthaec

163 3124 295 3186 libratio.

252 3214 356 3294 Neque
379 3219 481 3276 tamen
504 3214 569 3276 sine
590 3216 731 3279 molestia
753 3215 837 3278 illam
859 3216 1034 3279 adolescere
1057 3207 1166 3297 patiar.
1201 3215 1334 3277 Primum
1357 3215 1512 3292 fateberis,

164 3309 206 3376 te,
229 3309 389 3384 postquam
402 3303 546 3366 audivisti
561 3305 598 3366 de
621 3305 672 3367 via
686 3305 804 3369 Martis·
816 3305 907 3383 ovali,
926 3305 1065 3389 coepisse
1080 3303 1213 3383 cogitare
1232 3304 1269 3365 de
1291 3304 1512 3369 librationibus.

166 3391 208 3477 Et
230 3397 300 3452 ante
323 3391 439 3473 aliquot
462 3393 580 3474 quidem
610 3414 705 3457 annos
734 3392 812 3458 hane
833 3395 965 3459 Martiae
986 3393 1055 3458 viae
1084 3393 1319 3457 contractionem
1348 3393 1387 3456 ad
1415 3395 1513 3460 latera

166 3479 288 3541 nimiam
312 3499 331 3539 a
351 3499 400 3541 me
432 3482 628 3545 constitutum
650 3484 814 3567 coarguisti
843 3504 881 3547 ex
903 3482 1172 3548 observationibus
1218 3483 1325 3564 Itaque
1356 3502 1512 3550 excessum

166 3586 231 3630 cum
255 3565 503 3648 deprehenderis,
535 3591 597 3633 rem
626 3573 726 3654 ipsam
746 3574 967 3647 mammertus
988 3573 1164 3655 complexus
1186 3591 1220 3634 es
1243 3571 1352 3637 animo.
1398 3575 1513 3638 Postea

165 3676 255 3739 quam
270 3657 427 3717 emendavi
442 3658 589 3740 ego'istus
608 3662 762 3742 ingressus
776 3663 816 3732 ad
836 3663 935 3727 latera
948 3661 1095 3745 simulque
1112 3661 1259 3743 genuinas
1275 3682 1384 3724 canses
1401 3663 1511 3739 inveni,

165 3755 197 3808 tu
216 3763 343 3807 versans
358 3765 454 3809 meam
469 3749 647 3829 hypothesin
664 3768 785 3815 rursum
798 3771 992 3835 prorsumque
1007 3760 1040 3815 et
1061 3770 1127 3815 cnm
1143 3751 1403 3814 observationibus
1427 3772 1511 3817 corn-

164 3854 288 3916 parans,
311 3841 441 3897 testatus
457 3856 501 3911 es,
526 3839 607 3901 illam
629 3841 817 3905 consentire:
841 3842 937 3906 sulam
952 3861 1110 3905 causarum
1133 3840 1398 3905 incredibilitatem
1420 3862 1511 3925 aegre

166 3923 277 3996 tulisti,
303 3921 488 4005 circulosque
511 3926 690 3991 desiderasti
714 3950 767 4011 pro
792 3930 887 4007 areis,
919 3940 954 3994 ut
976 3932 1071 3993 forma
1092 3926 1280 3993 Ptolemaios
1301 3924 1511 4013 hypothesium

165 4012 344 4095 persisteret
365 4014 532 4090 incolumis,
556 4019 652 4099 quoad
669 4020 732 4099 ejus
747 4022 810 4081 fieri
831 4029 945 4100 posset.
983 4022 1032 4083 Ex
1045 4019 1206 4103 hypothesi
1231 4019 1321 4099 igitur
1343 4039 1412 4082 mea
1429 4031 1511 4086 tuam

168 4102 349 4178 efformasti3
380 4111 482 4166 centro
513 4106 592 4169 enim
622 4109 779 4170 eccentrici
801 4111 827 4172 B
850 4110 889 4171 ad
911 4111 991 4172 latus
1014 4113 1133 4173 detorto
1156 4128 1210 4190 per
1233 4108 1424 4173 librationem
1446 4111 1510 4189 BG,

166 4199 200 4254 ut
221 4200 498 4272 repraesentaretur
513 4196 679 4258 contractio
695 4197 812 4258 itineris
826 4198 985 4278 planetarii
1001 4202 1094 4275 DFH,
1119 4199 1197 4279 qnod
1212 4197 1295 4260 varie
1311 4200 1374 4262 fieri
1398 4210 1509 4284 potest.
1534 4203 1538 4211 '

167 4281 274 4344 deinde
287 4299 342 4361 per
364 4283 420 4344 hoc
444 4291 577 4345 centrum
592 4285 617 4347 C
635 4294 666 4347 et
678 4305 732 4365 per
748 4305 855 4365 corpus
871 4288 953 4350 Solis
967 4291 996 4351 A
1012 4291 1109 4369 ejecta
1123 4288 1203 4350 linea
1218 4287 1356 4368 apsidum
1370 4291 1441 4369 Ac,
1456 4292 1508 4355 snb

167 4377 359 4451 conspectum
390 4372 474 4434 venit
505 4373 632 4453 angulus
662 4375 766 4449 BAC,
800 4375 923 4438 idonens
956 4378 1042 4440 alteri
1072 4377 1151 4457 parti
1182 4377 1389 4459 aequationis,
1421 4401 1508 4467 quem

168 4459 286 4523 sciebas
308 4479 356 4521 me
379 4479 432 4540 pcr
455 4461 597 4541 trianguli
618 4482 718 4525 aream
742 4465 860 4547 salvare
889 4464 1085 4548 cupiebasque
1109 4465 1198 4529 aliter
1221 4466 1379 4531 salvatam.
1427 4472 1509 4534 llaec

167 4550 267 4630 itaque
292 4547 386 4610 series
409 4548 590 4611 inventionis
613 4559 741 4614 testetur
764 4554 801 4614 de
824 4574 922 4616 rerum
944 4561 1060 4615 natura.
1089 4556 1201 4631 Mihi,
1232 4564 1266 4618 nt
1288 4557 1365 4634 dixi,
1392 4560 1508 4643 impos·

168 4637 255 4716 sibile
276 4639 407 4699 futurum
421 4648 495 4714 erat,
520 4657 557 4701 ex
571 4647 624 4701 tua
636 4660 733 4702 meam
757 4643 891 4716 educere,
917 4643 972 4705 tibi
986 4644 1084 4726 facile,
1108 4664 1224 4707 exinea
1244 4655 1327 4708 tuam
1341 4650 1508 4725 efformare,

167 4747 233 4788 cum
255 4727 309 4788 illo
324 4726 433 4789 affectu
446 4749 543 4803 meam
566 4736 723 4805 tractares,
747 4752 805 4813 quo
823 4733 860 4793 de
874 4732 945 4794 dixi.
984 4732 1032 4794 Ex
1055 4735 1223 4796 observatis
1247 4754 1317 4798 vero
1341 4737 1427 4820 ipsis,
1451 4758 1509 4803 non

166 4824 329 4901 praeeunte
358 4834 425 4880 mea
453 4816 631 4903 hypothesi,
654 4821 756 4883 nescio
779 4842 818 4885 an
840 4820 895 4883 tibi
927 4821 1059 4904 proclive
1083 4824 1213 4888 futurum
1236 4826 1335 4902 fuerit,
1366 4827 1398 4892 iu
1426 4822 1509 4895 tuam
