3354 5504
662 256 724 309 Pars
746 259 835 309 Prima.
874 259 954 326 caput
971 259 1005 313 11.
1313 282 1316 287 ’
1448 258 1510 328 179

157 437 277 512 motrix,
303 455 429 519 quaese
449 435 517 515 ipsa
537 436 600 498 sine
625 456 748 517 corpore
764 438 834 500 inB
854 439 1040 501 concentrico
1061 440 1179 519 aequali
1200 439 1306 502 virium
1319 440 1508 504 contentione
1618 430 1621 435 ’

157 527 321 588 circumeat
345 527 426 588 circa
449 545 554 605 corpus
579 527 607 587 in
632 528 677 601 A,
712 530 911 608 aequalesque
937 530 974 590 ab
999 547 1034 589 eo
1063 537 1182 591 tueatur
1205 529 1365 591 distantias
1373 550 1382 605 ;
1412 530 1511 593 altera

158 617 251 677 virtus
269 618 310 677 sit
325 617 354 678 in
372 616 436 694 ipso
453 614 477 676 C
495 635 617 695 corpore
633 618 783 695 planetae,
803 637 877 698 quae
895 618 1036 679 virtutem
1060 616 1264 698 incorpoream
1281 618 1308 679 in
1327 619 1353 681 B
1369 619 1509 681 animad-
1561 667 1567 675 .

158 715 275 766 vertere
305 725 449 784 suamque
479 707 518 765 acl
550 724 616 765 eam
646 708 898 786 propinquitatem
931 707 1092 768 aestimare
1126 716 1161 783 et
1188 708 1283 778 tueri,
1321 707 1447 787 deniqne
1479 717 1511 771 et

159 814 223 856 earn
252 795 408 856 circumire
439 794 637 874 aequabiliter
665 797 771 875 possit.
818 796 948 857 Rursum
970 797 1071 874 itaque
1100 795 1175 858 baec
1204 798 1299 859 virtus
1323 797 1351 857 in
1375 797 1507 876 pluribus
1616 802 1620 813 '

160 884 364 963 occupabitur.
412 881 473 944 Sed
507 892 537 943 et
567 903 619 962 per
652 903 684 944 se
718 886 907 960 incredibile,
941 885 1082 947 virtutem
1115 887 1244 965 aliquam
1277 884 1528 948 immateriatam¹

159 973 288 1034 residere
313 973 417 1033 innon
442 991 575 1052 corpore,
600 973 710 1035 moveri
734 975 762 1035 in
789 976 852 1035 loco
877 983 908 1035 et
931 974 1277 1055 tempore,'necta1nen
1301 974 1411 1038 habere
1434 977 1508 1038 snb·

156 1064 284 1143 jectum,
315 1083 348 1122 se
376 1063 473 1142 ipsam
506 1062 625 1142 inquam
657 1082 776 1124 movere
807 1064 844 1124 de
873 1065 937 1124 loeo
968 1064 997 1124 in
1030 1064 1138 1126 locum.
1190 1064 1291 1144 Atque
1320 1081 1377 1143 ego
1405 1063 1510 1127 horum

161 1151 355 1213 absurdarum
383 1152 568 1212 assumtione
593 1152 650 1212 hoc
678 1171 748 1230 ago,
779 1160 813 1213 ut
842 1153 961 1213 tandem
990 1151 1154 1227 obtineam,
1183 1172 1241 1215 non
1268 1171 1358 1232 posse
1387 1153 1448 1215 lieri
1477 1161 1510 1216 ut

161 1242 253 1301 omnis
278 1250 410 1302 motuum
431 1261 523 1302 carisa
546 1242 593 1301 vel
617 1242 645 1301 in
679 1261 800 1321 corpore
828 1245 967 1321 planetae
996 1241 1043 1301 vel
1072 1242 1148 1302 alias
1172 1241 1201 1303 iu
1226 1242 1297 1303 orbe
1331 1242 1395 1321 ejus
1419 1243 1508 1304 inha-
1666 1306 1670 1312 ,

161 1330 247 1403 bitet,
274 1332 411 1410 viamque
437 1339 551 1391 struem
576 1331 614 1390 nd
640 1332 750 1391 turmas
775 1340 905 1392 motuum
930 1331 1006 1392 alias
1031 1330 1181 1391 faciliores
1204 1332 1442 1410 persuadendas.
1623 1326 1626 1331 ’

244 1421 331 1481 Haec
364 1419 512 1498 explicati
544 1415 742 1494 ὖποθετικως,
776 1421 801 1481 si
835 1439 940 1499 nempe
969 1420 1152 1481 astronomia
1176 1421 1212 1482 de
1236 1420 1438 1481 schematibus
1461 1419 1508 1481 his

161 1517 300 1578 testetur,
325 1509 403 1588 quod
427 1509 485 1568 iter
508 1509 648 1588 planetae
672 1509 713 1569 sit
737 1511 807 1570 talis
831 1511 981 1589 perfectus
1005 1508 1132 1570 circulus
1157 1510 1359 1583 eccentricus;
1384 1529 1458 1590 quae
1483 1507 1510 1569 si
1610 1568 1615 1578 ,

120 1612 126 1629 ·
161 1599 224 1679 quid
250 1599 331 1658 aliud
356 1598 512 1670 invenerit,
537 1599 757 1676 speculationes
781 1618 895 1680 quoque
919 1598 1061 1680 physicae
1079 1599 1288 1661 mutabuntur.

245 1688 281 1749 ln
306 1688 362 1748 liae
386 1687 478 1766 igitur
501 1687 709 1768 hypothesium
734 1688 965 1769 aequipqlleutia
988 1695 1184 1751 cantantum
1207 1694 1386 1770 apparentes
1407 1684 1508 1763 anguli

164 1777 196 1837 ad
220 1779 261 1851 A,
288 1802 315 1850 α,
343 1777 396 1837 sed
421 1777 491 1855 ipsa
511 1778 602 1838 etiam
626 1777 784 1838 verissima
806 1779 993 1857 planetarum
1016 1775 1124 1839 itinera
1146 1797 1199 1858 per
1213 1796 1316 1841 auram
1336 1775 1509 1837 aetheream

162 1875 280 1928 manent
304 1866 410 1927 eadem
435 1866 580 1948 utrinque.
629 1863 755 1935 Qualem
781 1867 857 1928 eninr
882 1875 913 1928 et
936 1874 1076 1948 quantum
1101 1886 1202 1928 arcum
1233 1870 1357 1949 planeta
1388 1862 1507 1926 conficit

162 1975 193 2017 ex
222 1954 246 2018 C
272 1955 301 2015 in
325 1955 352 2015 Ε
378 1955 458 2016 circa
481 1957 620 2034 angulum
645 1954 742 2030 ΘΑΕ,
772 1956 863 2017 talum
893 1965 925 2017 et
948 1964 1063 2018 tantum
1087 1957 1206 2019 conticit
1229 1958 1320 2021 etiam
1345 1973 1381 2016 ex
1403 1977 1418 2034 y
1439 1951 1468 2014 in
1493 1972 1508 2012 s

163 2045 235 2107 circa
259 2046 417 2126 aequalem
440 2067 498 2122 yae
523 2046 673 2125 ungulum.

629 2662 632 2667 ·
732 2632 853 2732 Caput
878 2631 944 2706 III.

167 2793 215 2856 De
241 2790 489 2874 aequipollentia
516 2803 545 2856 et
572 2795 805 2876 conspiratione
838 2794 1036 2858 diversarum
1065 2795 1221 2858 sisiacum
1254 2803 1283 2859 et
1314 2796 1512 2858 diversatum
1560 2804 1564 2811 '

202 2885 380 2965 queantitate
402 2884 619 2965 hypothesium
641 2884 686 2946 ad
708 2885 935 2965 efformandum
957 2884 1057 2946 auum
1074 2891 1104 2947 et
1121 2885 1206 2946 idem
1224 2882 1375 2966 planetae
1396 2885 1467 2949 iter.
1554 2902 1557 2909 ’

247 3024 392 3105 Sequitur
414 3034 448 3088 ut
472 3026 637 3099 ostendam,
663 3025 808 3106 quomodo
833 3025 912 3087 idem
935 3024 982 3087 hic
1006 3026 1145 3105 planetae
1161 3033 1270 3102 motus,
1292 3024 1321 3087 in
1336 3044 1369 3087 se
1387 3042 1512 3087 manens
1550 3102 1559 3111 .

167 3115 314 3193 aequalis,
345 3115 436 3176 aliam
466 3124 566 3176 tamen
599 3123 689 3194 atque
721 3115 812 3175 sliam
835 3115 966 3196 speciem
989 3134 1061 3195 prae
1086 3134 1119 3176 se
1144 3115 1221 3176 serre
1243 3114 1357 3195 possit,
1380 3120 1412 3176 et
1434 3131 1511 3196 qun·
1558 3120 1577 3177 ¹.
1629 3150 1632 3155 ‹
1660 3176 1673 3199 ,Ι

168 3205 249 3264 nodo
274 3205 324 3265 hic
349 3204 454 3265 ambae
481 3206 591 3265 formae
616 3204 846 3283 aequipolleant.
1561 3216 1572 3283 ᾗ
1661 3274 1666 3283 ,

250 3292 465 3357 camaena
480 3318 494 3373 γ
510 3299 574 3367 (lig.
588 3299 630 3350 50.
646 3299 702 3367 51),
717 3294 893 3371 iutequallis
905 3314 976 3356 nero
990 3286 1063 3367 Ac,
1077 3316 1110 3372 ys
1124 3290 1317 3373 aequalibus,
1333 3290 1515 3371 scribantur
1561 3302 1566 3313 '
1639 3336 1655 3347 -.

166 3382 276 3447 circuli
301 3382 365 3457 CD,
390 3380 434 3458 εζ,
458 3386 571 3466 quibus
593 3392 731 3464 aqontur
754 3382 820 3454 CA,
838 3408 872 3463 sy
891 3405 949 3466 per
972 3390 1078 3446 castra
1098 3379 1278 3464 parallelas
1299 3380 1345 3445 ael
1365 3381 1512 3445 iuriam:

166 3485 254 3558 atque
278 3474 323 3534 acl
345 3473 617 3536 basineliaeutur
640 3473 752 3535 ductae
769 3494 830 3556 per
853 3480 960 3536 cent-ra
982 3471 1078 3548 aliae,
1093 3473 1159 3543 AB,
1178 3475 1224 3550 γᾶ,
1246 3468 1464 3553 temptant),
1480 3464 1520 3549 γζ
1546 3470 1564 3547 ’;
1613 3486 1617 3493 ·
1643 3478 1652 3501 ³

103 3608 104 3613 η
166 3565 271 3627 itidem
290 3562 480 3645 parallelae.
522 3563 691 3626 Scribatur
713 3565 809 3625 etiam
832 3564 910 3624 eall
934 3559 1093 3644 epicyolus
1113 3558 1280 3624 emanatio
1294 3559 1360 3635 ΒΕ,
1382 3558 1514 3623 ttidan·
1641 3588 1647 3595 ·

165 3675 217 3735 qne
241 3673 282 3715 ea·
305 3653 333 3712 D
356 3650 522 3715 interuallo
546 3650 674 3734 aequali
696 3650 766 3725 DG,
791 3660 819 3713 et
842 3650 1010 3714 collocetur
1029 3652 1159 3732 planeto
1182 3649 1216 3711 in
1237 3646 1265 3710 Ε
1287 3656 1318 3715 et
1337 3644 1380 3723 G,
1402 3644 1515 3712 otuu
1641 3662 1646 3669 '

165 3743 261 3806 etAB
286 3742 352 3803 sint
368 3740 557 3824 parallelae.
594 3740 712 3802 Eidem
733 3740 896 3803 interuallo
913 3740 966 3801 ΒΕ
990 3739 1123 3824 aequale
1146 3739 1353 3802 couniantur
1373 3738 1411 3802 iu
1426 3734 1515 3801 ttaea
1609 3730 1654 3777 ⁸*

165 3837 209 3913 ly,
235 3830 323 3912 quod
345 3832 386 3893 sit
407 3833 461 3910 γβ,
492 3834 527 3893 in
550 3839 662 3912 partes
692 3831 758 3912 ipsi
781 3835 797 3890 t
827 3830 1022 3893 contrarias:
1052 3838 1084 3899 et
1102 3834 1305 3893 counedatur
1327 3823 1359 3890 G
1381 3846 1452 3891 aaa
1472 3827 1514 3901 A,
1556 3852 1562 3865 ·
1637 3830 1655 3887 ·.’

165 3918 270 3995 teum
300 3921 327 3996 β.
382 3919 643 4003 Aeqaipollebunt
671 3920 771 4000 iqitur
800 3920 983 4003 hypotheses
1006 3938 1069 4003 par
1096 3917 1312 4001 promissum
1340 3922 1454 4001 caput:
1485 3920 1516 3979 et
1613 3980 1617 3989 ,

165 4012 249 4075 eaelo
272 4012 309 4071 in
332 4008 361 4069 A
383 4012 451 4085 etit
473 4011 647 4082 comtituto,
672 4008 819 4090 aequales
842 4015 933 4070 crura
947 4005 1046 4080 EAG,
1062 4002 1141 4085 δβζ;
1165 4005 1313 4088 aequales
1335 4009 1431 4071 mam
1444 4004 1534 4081 EA,
1562 4052 1565 4061 .
1607 4018 1613 4029 '
1652 4004 1656 4009 ’

164 4103 210 4178 op,
234 4101 310 4161 item
335 4095 405 4171 GA,
429 4095 485 4176 ζβ;
509 4099 642 4178 denique
672 4118 767 4160 aretas
789 4097 846 4159 EG
871 4105 900 4160 et
923 4094 965 4170 δζ
989 4092 1145 4179 aequales
1194 4095 1362 4161 sirinano
1378 4096 1453 4183 juon
1475 4114 1515 4159 eto

163 4192 195 4263 B,
213 4189 249 4262 C,
267 4188 296 4248 D
320 4187 480 4271 epieqolus
502 4189 616 4260 minor,
640 4186 804 4250 interuallo
823 4187 875 4253 BI,
894 4186 953 4259 CF,
971 4186 1047 4247 DH:
1070 4193 1099 4249 et
1122 4186 1321 4250 continuetur
1342 4186 1400 4249 Ac
1423 4183 1458 4246 in
1471 4182 1517 4245 Fi
1538 4200 1547 4209 ··

163 4284 284 4363 situque
302 4276 459 4360 paralleli
482 4275 542 4350 CF,
567 4277 619 4350 ΒΙ,
644 4276 721 4336 Dll:
753 4285 781 4338 et
804 4275 972 4339 collocetur
1000 4274 1092 4337 sidus
1114 4276 1150 4337 in
1171 4276 1201 4343 1,
1225 4277 1264 4350 F,
1288 4277 1326 4337 H.
1371 4277 1514 4338 Rursum
1636 4336 1641 4347 ,

162 4371 259 4451 iqitur
280 4387 339 4448 per
363 4387 430 4449 cap.
455 4367 505 4429 ΙΙ.
530 4365 669 4429 circuita
692 4366 762 4425 IFH
786 4365 930 4447 aequalis
952 4367 1012 4427 erit
1035 4364 1152 4427 arculo
1177 4361 1224 4436 ὅζ.
1271 4367 1392 4428 Areum
1414 4362 1514 4443 iqitur

162 4461 200 4520 Il*
224 4456 357 4519 amende
380 4477 420 4519 eu
436 4463 553 4539 pusiolo
579 4461 604 4529 t,
628 4457 869 4519 attaminatur
891 4457 926 4516 in
949 4474 980 4528 s;
1005 4461 1035 4516 et
1057 4456 1096 4516 ab
1120 4476 1213 4536 sper
1235 4476 1249 4533 y
1271 4455 1333 4517 duc
1357 4476 1399 4531 sy,
1421 4459 1456 4513 ut
1479 4473 1513 4531 sy

159 4551 200 4613 at
220 4543 399 4628 parallelos
420 4547 488 4628 ipsi
504 4544 578 4622 CA:
604 4554 633 4608 et
654 4542 818 4607 interuallo
841 4543 892 4606 CF
916 4542 1048 4626 aequale
1072 4545 1280 4607 consuluntur
1301 4545 1337 4606 iu
1360 4541 1446 4605 liaeo
1469 4562 1512 4618 ιγ,

160 4637 245 4721 quod
267 4637 311 4697 sit
333 4659 387 4714 γα,
411 4637 448 4697 in
468 4643 580 4719 partes
611 4635 676 4716 ipsi
699 4657 711 4694 s
735 4635 931 4696 contrarias:
961 4640 990 4695 et
1012 4641 1215 4697 connectatur
1237 4632 1253 4692 Ι
1277 4641 1306 4695 et
1327 4633 1356 4693 H
1380 4651 1450 4696 oum
1471 4631 1512 4705 A,

158 4728 207 4791 sic
230 4730 248 4788 t
271 4733 301 4787 et
325 4722 342 4796 ζ
367 4745 437 4787 cum
460 4749 488 4785 α.
535 4727 679 4787 Rttrsum
707 4726 805 4806 iqitur
837 4720 1088 4805 aequipollebuat
1119 4722 1301 4804 qupotbeses
1326 4740 1388 4805 per
1412 4739 1512 4804 prae-

158 4817 292 4880 missum
315 4823 426 4899 caput:
454 4822 483 4879 et
507 4812 596 4878 oculo
619 4814 654 4876 in
675 4814 706 4876 A
728 4819 758 4876 et
779 4837 800 4875 α
823 4814 1003 4889 constituto,
1032 4811 1178 4897 aequales
1200 4818 1292 4875 mitat
1311 4810 1417 4915 pau,
1442 4804 1512 4887 sal.

1242 4915 1301 4972 12*
