3354 5504
161 280 226 354 318
641 290 682 343 no
699 290 807 345 uonna
825 291 918 344 sarra
936 292 1025 381 unua

162 468 258 533 munis
281 487 319 530 ex
341 377 429 544 {bra
452 469 521 549 quia
544 469 629 557 bila-p
718 471 782 533 ario
803 469 925 553 ponitur
942 473 1047 534 eadem
1069 471 1199 537 munnio
1214 478 1246 535 et
1268 469 1405 534 remissio
1429 469 1511 533 ima-

162 559 278 661 ginaria
290 565 398 660 ’mqtus
422 552 579 661 epicpclii
599 556 664 663 ””·”
769 558 967 673 Quint:
990 560 1052 622 veri
1072 559 1247 666 Wifielj
1271 566 1434 642 quaesunt
1458 560 1511 664 in:

162 648 355 711 credibilior!
386 666 496 733 quamr
608 678 650 722 ,’,-.
685 648 985 732 Γωοιιιωιιροιιε
1014 670 1080 713 cnm
1110 652 1237 734 epreyolr
1269 651 1317 712 vel
1349 657 1513 712 eccentrrcr

58 770 66 786 ·
162 737 332 817 cognitione
348 737 473 816 conjunc
495 748 498 753 '
553 728 602 813 J't.
644 738 760 818 Itaque,
785 759 859 821 quae
874 741 915 802 ibi
930 741 1084 822 disputata
1102 749 1173 803 sunt
1190 749 1304 816 contra,
1329 739 1377 802 hio
1392 738 1511 801 iutelli-

163 834 271 906 gantur
294 827 438 904 repetita;
462 810 538 906 pene
560 844 590 887 n.
615 828 784 891 coincidunt
806 830 984 894 sententiae.

240 915 295 978 'Et
318 923 417 975 tamen
442 916 471 977 iu
486 917 610 995 penuria
632 918 764 979 melioris
788 919 955 980 sententiae
980 920 1008 981 iu
1032 936 1176 999 praesens
1192 917 1278 979 nobis
1293 923 1342 978 est
1365 914 1511 997 aequies-

56 1018 59 1027 ’
163 1005 287 1067 cendum
317 1003 361 1064 in.
380 1003 445 1067 hac.
491 1003 576 1075 Quae
616 1025 672 1086 qno
705 1008 792 1093 plura
823 1009 954 1070 absurda
990 1007 1130 1081 involvit,
1163 1006 1220 1068 hoc
1253 1005 1397 1068 libentius
1427 1004 1512 1067 inira

250 1170 255 1177 ’
276 1093 316 1154 ΙΙ.
337 1092 480 1176 physicus
496 1095 603 1176 aliquis
629 1096 778 1173 admittet,
798 1092 874 1179 quod
899 1096 1198 1161 observationes
1221 1095 1425 1169 testabuntur,
1449 1095 1513 1156 iter

249 1180 303 1245 lae
327 1201 384 1246 nou
409 1203 475 1245 esse
498 1185 649 1247 circulum.
989 1248 992 1255 ,

242 1295 245 1299 ·
277 1317 289 1347 ,.
335 1270 456 1334 Dictum
479 1282 527 1334 est
557 1275 701 1335 hactenns
725 1275 761 1335 de
789 1294 941 1344 mensura,
972 1293 1047 1353 quae
1073 1274 1198 1336 formam
1220 1273 1308 1353 hujus
1336 1264 1511 1334 librationis

161 1381 194 1424 re
290 1430 293 1435 ,
325 1372 422 1423 restat
437 1371 470 1424 nt
485 1373 516 1424 et
530 1382 697 1424 mensuram
712 1360 800 1443 hujus
823 1384 989 1435 mensurae,
1014 1363 1130 1425 scilicet
1145 1362 1324 1444 quantitatis
1340 1380 1394 1423 seu
1408 1368 1508 1423 motus

160 1471 196 1532 pe
262 1530 265 1535 ’
357 1450 547 1531 inquiramus.
581 1454 645 1514 Nee
671 1453 747 1514 enim
771 1453 846 1515 satis
864 1463 926 1526 est,
950 1452 1027 1514 scire
1051 1452 1215 1531 planetam,
1239 1458 1382 1532 quantum
1406 1450 1509 1512 absis-

163 1551 227 1601 tere
254 1534 368 1600 ¹debeat
391 1562 410 1601 a
433 1541 519 1603 Sole:
554 1543 621 1622 quin
647 1550 677 1602 et
700 1542 755 1602 hoe
787 1542 960 1622 requiritur,
996 1550 1029 1603 ut
1051 1543 1146 1615 sciat,
1178 1541 1247 1622 quid
1279 1540 1395 1602 faciens
1423 1540 1509 1619 justo

108 1688 112 1695 .
162 1624 321 1691 intervallo
346 1629 486 1691 absistat.
933 1672 935 1677 -

251 1715 346 1788 Quem
378 1719 467 1798 igitur
494 1719 556 1781 ista
586 1719 750 1800 suppositio
778 1717 893 1781 itineris
924 1720 1057 1798 perfecte
1087 1719 1242 1781 circularis
1265 1737 1301 1781 eo
1324 1715 1445 1797 adegit,
1477 1722 1511 1778 ut

162 1819 290 1869 mentem
307 1808 336 1868 in
359 1809 482 1887 planeta
498 1809 669 1880 collocaret,
695 1827 769 1889 qnae
786 1808 853 1869 buie
877 1807 1027 1870 librationi
1051 1809 1246 1889 praesideret,
1271 1809 1298 1870 is
1313 1806 1395 1868 alind
1410 1805 1510 1867 dicere

158 1917 215 1957 nou
239 1897 359 1975 poterit,
386 1918 474 1978 qnam
497 1899 562 1966 hoc,
587 1899 734 1978 respicere
759 1906 887 1959 mentem
911 1899 1051 1977 planetae
1067 1899 1105 1959 ad
1129 1898 1267 1959 diametri
1291 1895 1373 1959 Solis
1398 1894 1509 1974 empli-

159 1986 293 2047 tudinem
318 1996 501 2048 crescentem
525 1996 558 2049 et
570 1984 802 2062 decrescentem,
827 1997 858 2048 et
881 1988 935 2049 hoc
959 2007 1043 2049 usam
1067 1988 1152 2066 signo
1175 1987 1353 2066 intelligere,
1379 1991 1509 2064 quantas

159 2074 271 2137 aSole
297 2076 428 2136 ell'ecerit
459 2077 591 2156 quolibet
619 2086 751 2157 tempore
775 2076 906 2155 corporis
935 2078 979 2138 sui
1011 2077 1183 2139 distantias.
1231 2074 1311 2146 Quia
1338 2082 1371 2136 ut
1399 2081 1508 2134 nautae

159 2166 216 2224 nori
261 2175 367 2224 essunt
390 2150 698 2249 intelligdrlffrbffiipso
722 2166 805 2239 mari,
831 2174 971 2246 quantum
996 2167 1139 2228 undarum
1163 2165 1294 2246 spatium
1315 2162 1508 2236 confecerint,

159 2273 194 2313 en
219 2248 249 2330 q¹
278 2253 297 2314 d
328 2255 384 2316 iter
408 2256 481 2317 illud
502 2244 663 2339 ffl'sit
691 2256 862 2317 distinctum
892 2255 1050 2329 limitibus,
1084 2257 1139 2317 sed
1168 2257 1213 2316 vel
1245 2273 1282 2315 ex
1311 2251 1509 2315 diuturnitate

160 2340 378 2420 navigationis,
412 2345 438 2405 si
468 2332 629 2407 reulbset
658 2345 737 2405 nuda
763 2352 937 2406 constantes
967 2345 1146 2414 manserint,
1180 2351 1213 2405 et
1240 2343 1327 2404 navis
1359 2358 1508 2421 uunquam

161 2431 325 2510 quieverit,
425 2433 566 2493 exuenti
591 2434 682 2513 plaga
705 2443 736 2494 et
759 2433 966 2495 altitudinibus
989 2435 1048 2514 poli
1073 2434 1213 2507 diversiS,
1248 2433 1356 2493 velex
1380 2430 1507 2492 omnium

128 2528 131 2532 '
162 2520 267 2580 horum
298 2542 316 2581 a
383 2523 546 2602 aliquorum
570 2523 677 2583 saltem
706 2523 813 2602 juncta
836 2523 1090 2597 consideratione3
1122 2524 1168 2583 vel
1193 2523 1218 2582 si
1242 2521 1299 2582 diis
1323 2520 1439 2600 placet,
1472 2536 1508 2578 ex

163 2610 324 2671 notularum
348 2611 556 2674 nonnullarum
579 2613 848 2691 coagmentatione,
872 2612 1027 2691 pinnarum
1052 2631 1106 2690 npe
1130 2612 1159 2672 iu
1184 2612 1278 2672 undas
1303 2609 1506 2679 demissarum,

164 2699 326 2777 agitanda;
359 2700 525 2780 cujusmodi
547 2700 773 2763 instrumentum
802 2701 870 2761 vani
896 2702 1013 2780 quidam
1047 2701 1209 2762 mechanici
1233 2701 1428 2779 profitentur,
1461 2695 1508 2776 qui

163 2789 266 2849 oceani
290 2791 426 2851 fluetibus
450 2788 628 2852 continentis
657 2791 785 2870 quietem
810 2791 1043 2852 transscribunt:
1069 2791 1195 2851 eundem
1217 2791 1305 2868 plane
1329 2787 1508 2849 admodum

161 2877 302 2956 planetae
326 2899 408 2940 mens
439 2879 534 2940 locum
563 2897 615 2939 sen
646 2879 775 2958 spatium
800 2898 903 2941 versus
927 2878 1028 2941 Solem
1058 2880 1224 2941 coniectum
1254 2876 1354 2939 metiri
1382 2896 1417 2938 se
1445 2876 1509 2955 ipsa

163 2985 222 3031 sou
245 2985 264 3046 p
317 2979 357 3043 st,
381 2989 447 3031 cunr
469 2987 544 3048 pura
567 2969 685 3029 intersit
704 2988 777 3029 aura
792 2969 941 3043 aetherea,
967 2969 1055 3029 nullis
1079 2969 1223 3029 distincta
1245 2968 1355 3045 signis3
1381 2966 1436 3027 sed
1459 2975 1509 3025 aut

164 3067 263 3133 tempo
302 3032 494 3207 -ntiturfft
516 3075 569 3136 per
592 3066 710 3137 tempus
734 3059 804 3118 illud
836 3058 952 3137 aequali
977 3059 1165 3118 contentione
1195 3057 1315 3130 virium,
1349 3056 1427 3135 quod
1446 3053 1508 3133 jam

162 3153 211 3206 est
243 3145 271 3206 iu
303 3149 447 3225 superiori
470 3167 504 3207 us
538 3157 693 3226 negatum;
727 3155 778 3208 arrt
810 3147 947 3207 machina
970 3167 1130 3225 corporea,
1165 3147 1242 3227 qnod
1273 3152 1320 3206 est
1353 3142 1506 3205 ridiculum

163 3235 312 3312 (ponimus
337 3237 414 3298 eninr
445 3235 546 3297 sidera
575 3237 702 3297 rotunda
726 3237 859 3315 exeruplo
884 3236 964 3297 Solis
987 3244 1019 3296 et
1041 3237 1161 3297 Lunae:
1195 3237 1263 3316 quin
1288 3242 1320 3294 et
1350 3232 1508 3294 verisimile

164 3332 220 3401 est,
245 3320 563 3403 miversnmcaupun
589 3343 679 3384 aurae
703 3324 860 3386 aethereae
885 3344 942 3386 una
965 3326 1007 3386 ire
1030 3345 1096 3386 cnm
1120 3325 1283 3404 planetis);
1308 3331 1361 3384 aut
1386 3322 1507 3402 denique

164 3410 260 3491 siguis
284 3414 431 3494 aliquibus
457 3415 569 3474 idoneis
594 3434 658 3474 cum
685 3424 800 3474 mutata
828 3415 967 3493 planetae
991 3437 1009 3474 a
1033 3414 1103 3476 Sole
1132 3414 1276 3475 distantia
1307 3412 1507 3484 variabilibus,

163 3503 208 3562 cn'
230 3498 328 3587 ¹modi
356 3512 477 3582 praeter
506 3504 620 3564 unicam
646 3501 726 3564 Solis
755 3504 929 3565 diametrum
958 3512 1150 3583 apparentem
1185 3504 1295 3563 nullum
1326 3502 1408 3562 aliud
1439 3520 1507 3579 sup-

162 3522 297 3671 pe'bgiffl)
335 3593 385 3655 Sic
410 3612 464 3653 uos
489 3593 623 3653 homiues
648 3593 766 3664 scimus,
791 3592 892 3654 Solem
916 3613 934 3653 a
957 3592 1041 3654 uobis
1066 3593 1172 3653 abesse
1187 3589 1329 3654 229suis
1344 3591 1506 3662 diametris,

162 3682 280 3760 quaudo
306 3684 368 3762 ejus
392 3683 538 3743 diameter
562 3682 653 3742 habet
676 3678 738 3753 30⁴,
765 3690 795 3741 et
818 3678 1070 3755 222‘diametris,
1097 3683 1214 3760 qnando
1238 3681 1330 3741 babet
1353 3677 1418 3742 31‘.

236 3771 295 3861 ÷Et
318 3791 410 3842 saue,
435 3773 460 3833 si
485 3778 597 3833 certum
622 3782 720 3843 essct,
744 3779 857 3831 uantum
879 3772 957 3832 huno
980 3771 1010 3832 in
1034 3771 1158 3852 epicycli
1188 3771 1335 3832 diametro
1358 3769 1508 3849 proprium

164 3834 229 3923 uois
244 3879 337 3957 posse
361 3861 462 3940 perfici
487 3882 505 3920 a
528 3861 637 3920 virtute
662 3861 761 3940 aliqua
785 3860 924 3937 planetae
948 3859 1095 3921 materiali
1115 3870 1147 3920 et
1161 3858 1310 3939 corporali
1334 3857 1400 3919 sive
1424 3876 1507 3938 mag·

163 3948 277 4022 uetica,
302 3968 360 4010 unu
392 3951 482 4011 etiam
506 3971 525 4009 a
548 3950 627 4010 nuda
650 3949 789 4022 animali,
816 3950 868 4009 sed
898 3948 1056 4028 gubernari
1081 3970 1099 4008 a
1122 3950 1261 4029 planetae
1286 3954 1405 4015 mente,
1438 3945 1508 4010 nihil

165 4037 288 4100 absurdi
320 4048 510 4101 statueretur.
570 4036 657 4108 Quod
688 4038 766 4098 enim
797 4036 850 4098 Sol
881 4040 959 4100 alias
992 4039 1082 4100 etiam
1114 4039 1290 4100 observetur
1320 4057 1339 4097 a
1369 4037 1507 4115 planetis,

165 4134 315 4190 testantur
338 4137 369 4189 et
393 4128 575 4189 latitudines.
616 4127 691 4190 Cum
715 4127 792 4188 enirn
815 4127 954 4206 planetae
978 4147 1070 4189 causa
1092 4126 1196 4189 harum
1216 4149 1234 4187 a
1252 4125 1352 4188 media
1375 4134 1407 4187 et
1429 4125 1508 4206 regia

165 4216 215 4277 via
239 4218 325 4303 bajus
349 4217 469 4279 virtutis
494 4237 530 4278 ex
547 4217 628 4290 Sole,
654 4236 707 4278 ceu
731 4216 851 4295 abipso
874 4226 1006 4278 torrente
1030 4217 1159 4278 fluminis
1183 4217 1221 4277 ad
1235 4217 1333 4277 latera
1357 4216 1505 4287 secedant,

110 4365 112 4368 s
164 4314 198 4366 ut
213 4307 331 4367 dictum
355 4301 452 4387 capite
475 4306 661 4380 XXXVIII,
686 4306 742 4366 uisi
767 4306 869 4368 Solem
897 4306 1080 4386 respicerent
1100 4307 1230 4379 interim,
1255 4323 1459 4386 accessusque
1480 4313 1508 4365 et

164 4414 303 4461 recessus
327 4397 355 4458 in
381 4397 459 4457 linea
483 4416 535 4475 per
559 4404 691 4456 centrum
716 4395 798 4458 Solis
821 4396 962 4457 tendente
994 4397 1178 4475 perlicerent,
1209 4404 1279 4456 tuno
1303 4395 1434 4456 circulos
1457 4395 1507 4457 de·

164 4486 339 4560 scriberent,
364 4485 412 4566 qui
437 4505 473 4545 ex
497 4485 591 4545 Terra
615 4485 662 4544 vel
686 4503 722 4544 ex
747 4492 847 4546 centro
871 4486 971 4547 mnudi
999 4494 1180 4565 apparerent
1201 4485 1347 4558 minores,
1373 4480 1506 4564 paralleli

166 4593 232 4635 cum
255 4575 354 4655 aliquo
378 4575 515 4636 maximo.
563 4574 607 4634 At
631 4573 802 4635 describunt
825 4593 927 4635 omnes
956 4576 1096 4653 planetae
1120 4575 1267 4636 maximos
1290 4573 1435 4647 circulos,
1464 4570 1506 4656 qui

252 4769 280 4840 *)
301 4774 345 4827 Ita
365 4773 495 4842 planetae
515 4772 613 4824 fierent
631 4791 794 4846 γεωμειραι,
816 4731 973 4827 distantiam
1001 4771 1147 4825 metientes
1174 4772 1215 4826 sui
1236 4788 1254 4826 a
1273 4771 1339 4827 Sole
1360 4788 1413 4845 per
1431 4718 1505 4829 aba

165 4853 321 4924 sadonem,
342 4870 380 4908 so.
401 4869 439 4910 ex
459 4850 607 4927 apparenti
627 4854 783 4925 quantitate
805 4853 925 4924 eorporis
944 4852 1025 4914 Solis.
