3354 5504
461 263 1052 321 decommeutrrhsdemotustellasfflrtls
1337 274 1427 344 '131

12 459 16 467 ’
69 436 219 516 iuoider'e,
243 441 339 505 etiam
361 443 388 505 si
410 443 510 524 pleuls
542 444 678 508 faucibus
699 446 917 509 Ptolemaicam
950 448 1075 511 formam
1106 449 1258 530 spirasses
1289 453 1426 520 anhelus.

69 534 120 596 hle
143 529 238 611 igitur
261 533 344 595 nuda
367 531 454 595 duxit
476 539 595 609 natura,
618 534 709 598 nullis
732 535 881 598 instructa
903 537 1039 600 vestibus
1062 538 1290 620 hypothesium3
1323 550 1357 607 tu
1388 565 1427 608 ex

69 619 221 703 aliquibus
245 621 321 701 ejus
336 620 492 697 membris,
526 643 603 705 quae
625 623 681 695 tibi
709 645 728 685 a
756 644 804 687 me
828 633 996 689 monstrata
1023 625 1121 689 minus
1144 627 1310 697 laudabilia
1339 633 1427 696 vide·

48 712 194 793 ‚bama
229 710 420 773 occasionem
456 712 578 794 cepisti,
610 714 798 794 peregrinam
828 712 873 777 illi
901 722 1016 778 vestem
1046 716 1204 794 induendi,
1238 722 1424 802 quominus

69 806 287 881 agnosceretur
316 801 449 877 sincere,
482 801 551 885 quin
582 803 685 883 potius
716 804 846 866 lectores
875 803 954 866 iuter
980 805 1114 868 membra
1143 813 1175 868 et
1202 817 1320 874 restsm
1346 811 1425 876 banc

71 890 225 961 tnam(ut
253 888 326 951 olim
353 890 526 953 Americaui
559 891 639 955 iuter
671 911 779 975 equum
807 901 836 954 ιι
870 893 1069 968 insessorem)
1099 915 1159 957 non
1194 897 1425 983 distinguerent,

69 997 177 1059 corpus
192 976 341 1053 dicerent,
363 980 441 1061 quod
457 980 636 1043 Fabriciana
659 983 754 1045 vestis
770 990 835 1046 est:
860 981 987 1065 denique
1010 992 1044 1046 ut
1065 1003 1144 1047 novo
1160 994 1268 1051 ornatu
1289 988 1425 1069 placeret

69 1066 209 1130 delicatis
237 1067 404 1131 nuditatem
427 1070 668 1133 fastidientibus:
693 1072 783 1134 immo
806 1091 878 1134 vero
909 1079 943 1133 ut
964 1092 1018 1154 pro
1040 1080 1165 1149 natura,
1189 1079 1425 1155 generosissima

69 1156 180 1240 puella,
205 1156 439 1223 substitueretur
462 1160 565 1241 spuria
587 1169 640 1222 tua
652 1160 823 1224 meretricio
846 1168 952 1224 ornatu
970 1167 1002 1224 et
1022 1163 1154 1226 moribus
1173 1163 1212 1225 ad
1235 1165 1422 1247 voluptatem

70 1246 270 1328 comparatis,
293 1267 352 1310 nou
374 1247 414 1310 ιι
436 1247 670 1329 ingenuitatem,
693 1249 723 1313 h.
748 1270 775 1313 e.
798 1250 937 1314 Fabricio
961 1250 1140 1333 interprete:
1173 1261 1208 1315 ut
1229 1252 1289 1316 arti
1312 1276 1424 1321 consu-

68 1335 196 1440 leretur,
218 1355 280 1399 non
303 1335 444 1399 alienatis
466 1338 665 1420 philosophis
712 1339 764 1403 Sic
786 1338 909 1420 igitur'
900 1360 969 1422 rpsa
990 1340 1172 1404 inventionis
1194 1343 1290 1406 series
1300 1345 1422 1426 arguit,

67 1424 257 1509 peregrim
280 1444 350 1487 esse
372 1434 455 1489 tuam
477 1427 669 1509 hypothesin,
692 1448 752 1492 non
774 1431 952 1492 naturalem.

153 1514 283 1603 Deinde,
307 1515 417 1599 quod'
408 1536 439 1578 ιι
461 1534 529 1579 mea
557 1517 685 1600 physica
707 1517 868 1600 hypothesi
897 1517 1090 1580 vehementer
1113 1518 1328 1599 abhorrueras,
1361 1542 1425 1604 nou,
1530 1562 1534 1569 ·

68 1604 130 1669 dari
154 1590 304 1669 directum
325 1623 520 1686 progressum
543 1606 581 1669 ab
610 1606 761 1670 anomalia
783 1607 883 1670 media
905 1627 1079 1711 quacunque
1099 1607 1142 1669 ad
1170 1628 1274 1673 veram
1296 1631 1420 1694 compc-

66 1702 196 1769 tsutem,
229 1693 283 1756 sed
313 1694 462 1775 interponi
492 1695 673 1759 anomaliam
703 1696 833 1759 eccentri
857 1697 1044 1779 quantitate
1041 1697 1279 1776 intermediam,
1311 1721 1331 1761 a
1361 1721 1421 1783 qna

66 1790 225 1865 caperetur
249 1782 385 1857 initium,
418 1783 449 1844 id
479 1785 543 1847 tu
535 1806 564 1847 ιι
592 1785 650 1848 ιιι
677 1794 730 1848 ιιι
756 1806 815 1848 nou
840 1786 964 1867 effugis,
994 1785 1053 1848 uisi
1083 1805 1150 1848 cum
1180 1787 1288 1868 majori
1311 1789 1419 1852 damno

64 1872 266 1937 inconstantis
294 1871 631 1937 ecccntricitatis.'lh1
661 1876 739 1938 enim
766 1876 793 1937 si
822 1875 1014 1939 librationem
1036 1874 1101 1951 Bc,
1124 1875 1154 1936 h.
1181 1895 1206 1939 e.
1232 1878 1446 1980 aequationis'

63 1969 182 2046 partem
205 1959 336 2042 priorem
358 1964 567 2026 accommodas
591 1965 630 2026 ad
653 1965 833 2027 anomaliam
856 1965 984 2027 mediam
1003 1965 1072 2039 GH,
1096 1984 1247 2047 nunquam
1270 1966 1430 2070 exprimes,

65 2071 164 2117 meam
186 2051 370 2133 hypothesin
385 2060 417 2114 et
439 2054 557 2133 cogeris
580 2056 618 2117 ab
642 2053 914 2129 observationibus,
938 2063 972 2116 ut
995 2053 1110 2128 lateris,
1134 2053 1253 2116 variare
1269 2056 1418 2119 ecceutri-

66 2142 190 2205 citatem
212 2140 302 2203 AB'
284 2162 520 2221 αγιιμιιρηιως.
565 2145 671 2226 ltaque
687 2144 840 2207 hacteuus
864 2143 1021 2207 emendavi
1044 2142 1099 2205 tibi
1117 2150 1201 2205 tuam
1224 2142 1414 2227 hypothesin,

64 2238 94 2294 ιι
113 2231 312 2313 perficeretur
333 2229 456 2293 libratio
478 2231 532 2296 BG
555 2232 595 2294 ad
617 2233 797 2296 anomaliam
819 2235 892 2309 BD,
925 2251 1014 2315 quam
1037 2249 1093 2315 ego
1123 2232 1244 2313 appello
1273 2233 1412 2297 eoeeutri.

63 2321 127 2385 Hoc
150 2338 225 2385 vero
258 2321 284 2382 si
316 2318 410 2382 fueris
442 2340 562 2401 passus,
586 2323 692 2404 eodem
724 2321 754 2384 iu
785 2323 848 2386 luto
879 2341 994 2385 mecum
1026 2320 1166 2383 haerebis
1197 2341 1259 2386 non
1296 2322 1416 2405 quidem

64 2408 216 2493 pudendo⁸
237 2407 296 2475 nisi
319 2428 358 2470 ex
379 2418 434 2471 tua
455 2411 603 2491 opinione,
627 2411 677 2494 qui
699 2411 730 2475 in
752 2431 799 2474 me
822 2411 964 2493 cupiebas
987 2411 1185 2473 emendatum.

151 2496 275 2562 Tertio:
299 2516 394 2580 neque
417 2500 454 2560 de
478 2500 681 2581 simplicitate,
704 2521 763 2584 qua
784 2503 912 2563 maxime
935 2500 1059 2581 gloriari
1080 2506 1181 2580 putas,
1203 2498 1259 2561 tibi
1281 2500 1420 2564 concedit

64 2604 137 2652 nea
185 2589 234 2650 Ίιι
257 2587 390 2668 ejusdem
416 2588 562 2670 trianguli
585 2588 668 2654 CBA
699 2591 809 2672 angulo
832 2590 916 2654 BAG
940 2589 1060 2672 quaeris
1081 2596 1201 2669 partem
1230 2589 1419 2691 aequationis

64 2676 236 2767 physicam,
266 2677 363 2740 latere
385 2696 456 2741 vero
479 2676 532 2742 BC
556 2679 715 2747 constituis
737 2681 795 2743 BH
817 2680 856 2741 ed
884 2687 1002 2760 partem
1026 2677 1156 2758 opticam
1178 2678 1266 2758 ΒΗΑ
1289 2677 1417 2742 investi-

65 2768 211 2850 gandam,
243 2786 303 2829 ιιι
333 2764 493 2830 libratione
527 2770 620 2851 (qnae
647 2776 749 2831 ιιιιιι
781 2769 896 2831 duobus
928 2765 1048 2830 circulis
1082 2753 1324 2841 administretur)
1357 2768 1416 2831 duo

65 2857 210 2930 efficiens,
239 2864 272 2918 et
292 2857 527 2919 coarctationem
556 2858 596 2919 ιι
618 2858 716 2921 latera
738 2866 770 2921 et
791 2877 905 2920 moram
934 2857 965 2918 in
993 2855 1205 2937 superioribus.
1251 2856 1328 2936 Ego,
1360 2856 1417 2919 tibi

64 2967 125 3031 par,
146 2945 238 3009 unius
253 2945 396 3026 trianguli
410 2946 497 3009 ΑΗΒ
512 2966 583 3009 ιιιι
604 2955 722 3028 partem
735 2947 901 3029 physicam,
925 2947 1035 3028 angulo
1048 2946 1135 3009 ΑΗΒ
1150 2950 1267 3025 partem
1287 2945 1417 3026 opticam

66 3034 254 3121 aequationis
276 3034 404 3118 inquiro,
427 3055 488 3098 una
503 3037 633 3100 naturali
656 3034 815 3100 libratione
837 3037 979 3118 planetae
998 3037 1029 3097 iu
1052 3035 1133 3097 linea
1156 3042 1273 3097 rectae
1290 3053 1415 3117 corpore

66 3126 145 3192 Solis
174 3126 225 3200 A,
256 3143 311 3205 per
340 3124 471 3206 spatium
496 3126 621 3208 aequale
651 3127 710 3207 ipsi
731 3127 789 3189 AB
813 3126 946 3188 efficiens
970 3126 1028 3187 duo
1052 3124 1106 3186 illa
1128 3124 1249 3196 eadem,
1282 3141 1359 3204 quae
1381 3130 1415 3186 tu

66 3214 226 3280 libratione
249 3212 345 3276 centri
367 3233 427 3274 uon
450 3214 590 3277 naturali.
627 3214 686 3280 Ubi
709 3215 782 3278 mibi
798 3216 837 3276 ad
859 3235 956 3278 meam
979 3214 1169 3276 librationem
1191 3230 1250 3273 uon
1273 3218 1321 3272 cst
1339 3230 1414 3292 opus

67 3304 196 3379 ιιιοιιιιι,
220 3310 255 3365 ιι
275 3302 349 3364 tibi:
383 3302 496 3366 sufficit
523 3303 601 3366 enim
628 3304 676 3367 vis
708 3305 879 3386 magnetica
906 3303 1001 3386 ipsius
1032 3301 1166 3382 corporis
1184 3299 1289 3363 Martii
1320 3318 1413 3382 eaque

67 3395 168 3469 orna,
204 3411 271 3454 cum
299 3400 332 3469 tu
361 3410 436 3471 opus
462 3391 576 3456 habeas
600 3393 715 3456 duabus
742 3394 949 3474 intelligentiis
972 3393 1010 3454 ιι
1033 3399 1114 3454 ιιιιι
1144 3389 1334 3452 librationem
1356 3390 1413 3451 ad-

66 3481 306 3549 ministrandam.
344 3479 481 3553 Quano:
506 3481 592 3546 labor
613 3502 686 3546 vero
710 3482 765 3545 tibi
788 3484 885 3564 major
902 3481 1047 3546 incumbit
1061 3477 1244 3563 qnam-mibi.
1276 3478 1410 3542 Primum

66 3573 138 3637 enirn
163 3579 201 3634 ut
222 3572 279 3633 BD
302 3569 341 3631 ad
364 3569 461 3633 sinum
481 3571 576 3647 EBD,
599 3572 644 3634 sic
665 3571 796 3634 maxima
818 3572 964 3635 distantia
983 3570 1037 3636 BC
1062 3569 1101 3631 ad
1122 3567 1275 3631 modulum
1293 3567 1410 3647 justum

66 3661 171 3744 angulo
193 3659 278 3722 DBD
297 3664 333 3730 (t)
352 3660 587 3723 convenientem.
626 3659 742 3725 Deinde
760 3669 795 3723 ut
806 3661 864 3725 AB
880 3661 919 3722 ad
931 3660 1026 3725 ΒΟ
1002 3680 1045 3722 src
1063 3665 1146 3721 totus
1167 3655 1206 3716 ιι
1226 3663 1410 3737 tangentem,

66 3773 119 3835 guo
132 3756 280 3829 tangente
304 3756 352 3810 est
370 3750 580 3854 excerpendae
597 3750 726 3852 angulus
743 3750 837 3814 Bac.
874 3750 951 3813 Mihi
969 3757 1070 3811 manet
1086 3747 1184 3827 prima
1208 3746 1353 3825 operatio,
1377 3756 1411 3809 ιι

64 3860 113 3924 pro
127 3838 264 3904 ιιιιιιι
281 3837 403 3900 idem
378 3859 462 3902 smus
477 3839 580 3913 (non
566 3860 633 3921 Jam
645 3838 737 3902 etiam
755 3839 899 3919 tangens)
919 3839 1019 3919 anguli
1038 3837 1121 3899 EBD
1141 3839 1177 3903 ()
1192 3834 1409 3915 multiplicatur

66 3930 127 4007 (ubi
150 3928 238 3992 nulla
259 3926 369 3990 divisio
392 3935 426 3989 ut
448 3927 551 4002 tubi)
542 3949 574 3991 ιι
596 3948 697 3992 aream
728 3928 850 3991 maximi
873 3927 1024 4008 trianguli,
1053 3924 1211 4006 proditque
1235 3923 1339 3987 statim
1367 3926 1409 4001 id,

66 4010 141 4103 q‘uod
171 4025 208 4080 tu
239 4034 303 4099 per
321 4024 494 4098 tangentem
523 4017 641 4082 demum
672 4037 831 4100 excerpere
862 4035 985 4080 neccsse
1017 4012 1131 4089 habes,
1161 4011 1333 4077 discurrens
1355 4034 1410 4097 per

66 4109 198 4175 tabulam
213 4104 409 4187 tangentium.
426 4107 573 4210 Reliquus
588 4108 711 4171 labor
686 4127 766 4170 cuca
780 4106 920 4188 angulum
933 4105 1019 4170 ΑΗΒ
1035 4111 1083 4167 ιιι
1100 4101 1218 4185 utrique
1234 4103 1408 4173 communis.

149 4198 238 4261 Haec
261 4195 363 4277 itaqte
386 4196 423 4258 de
446 4204 500 4259 tua
520 4197 634 4260 ιιοιιιι
649 4199 768 4271 (verum
783 4198 905 4271 nomeu)
921 4192 1081 4277 hypothesi
1104 4192 1203 4255 dicere
1226 4192 1317 4256 volui.
1363 4195 1409 4257 Tu

65 4287 279 4368 procacitatem
310 4292 342 4346 et
371 4284 555 4349 hilaritatem
584 4306 682 4349 meam
713 4286 743 4349 in
776 4285 931 4349 scribendo
959 4283 1031 4346 boni
1053 4283 1185 4345 consule.
1231 4281 1337 4357 Vides,
1360 4301 1408 4343 me

67 4378 184 4442 laudem
208 4370 254 4438 illi
277 4373 408 4436 tribucre
435 4376 573 4439 veritatis
596 4377 676 4438 circa
699 4376 849 4450 effectum,
882 4373 937 4436 tibi
959 4391 1030 4435 vero
1054 4370 1180 4453 ingenii:
1214 4377 1245 4432 et
1272 4370 1407 4451 inprimis

67 4464 173 4532 laetari
197 4483 288 4547 super
310 4464 430 4527 fortuna
452 4473 570 4529 tuarum
593 4465 828 4546 speculationum
850 4462 963 4544 tibique
986 4461 1140 4542 gratulari.
1179 4460 1254 4535 Nec,
1277 4459 1303 4522 si
1327 4460 1408 4522 veris

67 4555 147 4621 llam
170 4555 322 4619 coloribus
345 4553 475 4634 depinxi,
497 4564 657 4637 propterea
679 4574 811 4636 premere
834 4553 920 4615 illam
941 4560 971 4614 ιι
994 4552 1081 4614 volo:
1106 4549 1176 4632 quin
1199 4548 1317 4630 potius,
1347 4549 1407 4612 uisi

65 4645 125 4724 jann
146 4644 291 4750 impedis,
324 4651 440 4724 partem
463 4664 500 4707 ex
523 4645 577 4708 illa
599 4644 708 4707 faciam
731 4642 1019 4708 Commentariorum
1041 4657 1191 4713 meorum,
1213 4645 1248 4700 ut
1269 4637 1405 4718 petiisti:

68 4735 183 4819 idque
174 4755 206 4798 ιι
231 4732 362 4815 gratiam
391 4726 505 4811 eorum,
529 4737 579 4816 qui
601 4733 711 4816 privati
738 4741 844 4814 captus
867 4749 958 4795 causa
986 4738 1039 4793 ant
1064 4734 1187 4810 propter
1215 4726 1406 4790 mechanicas

69 4825 231 4910 affictiones
253 4821 470 4888 Ptolemaioam
492 4824 618 4887 formam
640 4830 750 4886 amant.
795 4823 908 4886 Fateor
929 4819 1054 4904 qnippe,
1045 4815 1258 4972 ,tnam9hauc
1282 4815 1405 4905 ordina-
