3354 5504
283 271 349 338 210
765 273 805 325 De
823 271 930 324 Motibus
949 269 1041 325 Stellae
1058 269 1146 325 Martia

287 452 381 532 coepi.
414 449 546 533 Cumque
561 470 638 513 anno
656 448 740 516 1597
757 452 795 513 ad
813 452 1024 534 Tychouem
1047 450 1170 512 Brahc
1195 446 1381 529 scripsissem
1396 456 1429 520 (1,
1443 455 1498 526 ⁴2),
1516 453 1627 531 rogans

287 550 321 604 ut
343 561 428 603 suam
457 543 493 603 de
516 562 582 602 meo
606 541 707 604 libello
732 543 912 603 seutentiam
929 542 1050 614 diceret,
1075 540 1194 620 ipseque
1217 539 1399 618 respondens
1423 540 1503 602 iuter
1526 549 1628 617 cetera
1663 585 1667 593 -

286 650 407 694 suarum
427 632 516 692 etiam
540 632 781 692 observationum
805 631 999 704 meminisset,
1022 629 1135 708 ingenti
1158 647 1204 688 me
1228 627 1391 708 cupiditate
1407 630 1626 691 earumviden-

283 723 387 783 darum
421 719 626 781 inflammavit.
681 721 726 782 At
757 740 827 781 vero
852 720 951 801 Tycho
974 720 1089 795 Brahe,
1118 718 1182 797 ipse
1208 735 1320 796 quoque
1344 736 1453 798 magua
1475 737 1548 798 pars
1572 718 1628 780 fati

282 809 355 884 mei,
389 828 425 868 ex
458 828 493 869 eo
521 828 579 870 uon
611 809 730 870 destitit
752 829 797 870 me
822 810 899 871 ultro
922 808 1035 869 hortari
1059 817 1092 869 ut
1114 807 1153 867 ad
1177 827 1208 867 se
1232 807 1373 870 venirem.
1422 805 1556 890 Cumque
1580 827 1628 869 me

283 897 488 978 longinquitas
503 898 560 959 loci
576 905 659 963 esset
673 899 880 973 absterritura,
905 898 1023 959 divinae
1038 917 1154 958 rursum
1171 895 1358 974 dispositioni
1374 896 1524 972 adscribo,
1551 898 1627 978 quod

271 989 313 1051 ,iu
342 986 518 1049 Bohemiam
551 987 577 1048 is
600 988 692 1049 venit.
738 987 784 1049 Eo
808 987 898 1067 igitur
921 988 989 1047 veui
1013 986 1067 1047 sub
1090 985 1205 1047 initium
1220 984 1299 1045 anui
1324 979 1418 1053 1600,
1443 1005 1496 1067 spe
1520 988 1628 1067 plane-

283 1086 381 1139 tarum
413 1083 564 1139 correctas
594 1077 832 1138 eccentricitates
861 1075 1045 1137 addiscendi.
1093 1073 1168 1136 Cum
1191 1082 1292 1135 autem
1314 1074 1410 1155 primo
1432 1076 1555 1138 octiduo
1580 1076 1627 1138 di-

285 1166 436 1240 dicissem,
461 1165 558 1244 ipsum
582 1165 723 1227 adhibere
747 1185 811 1228 cum
835 1166 1008 1227 Ptolemaeo
1033 1170 1065 1224 et
1084 1161 1249 1243 Copemico
1273 1163 1400 1224 medinm
1410 1173 1523 1227 motum
1535 1163 1627 1241 Solis,

282 1263 367 1316 esset
396 1274 465 1317 vero
497 1273 645 1333 apparens
674 1262 773 1315 motus
796 1274 862 1316 meo
886 1254 987 1315 libello
1011 1251 1261 1314 accommodatior
1284 1253 1376 1331 (quod
1401 1273 1438 1313 ex
1461 1254 1527 1333 ipso
1552 1254 1628 1316 libro

285 1347 395 1425 patet),
426 1344 465 1405 ab
488 1353 609 1406 auctore
632 1343 799 1423 impetravi,
823 1353 857 1405 ut
880 1344 950 1404 mihi
974 1342 1077 1403 liceret
1099 1340 1357 1402 observationibus
1379 1361 1446 1403 meo
1469 1343 1558 1404 modo
1572 1344 1627 1408 uti.

283 1434 361 1495 Erat
393 1438 455 1493 tum
479 1433 542 1512 ejus
566 1434 730 1494 domestico
755 1431 984 1495 Christiano
1013 1431 1184 1493 Severini
1202 1427 1242 1503 ³¹)
1271 1431 1326 1491 sub
1350 1431 1486 1492 manibus
1511 1432 1628 1494 theoria

283 1521 442 1594 Martis,
478 1541 566 1601 quam
596 1530 712 1601 tempus
735 1522 794 1603 ipsi
819 1522 909 1583 dabat
939 1523 968 1583 iu
992 1540 1112 1591 manus,
1143 1540 1178 1581 eo
1203 1520 1279 1599 quod
1303 1529 1494 1582 versarentur
1519 1522 1547 1582 iu
1572 1522 1626 1583 ob-

285 1611 458 1672 servatione
483 1611 652 1691 acrouychii
675 1611 751 1672 situs
776 1632 829 1672 seu
852 1610 1049 1690 oppositionis
1072 1610 1183 1671 Martis
1207 1628 1272 1670 cum
1295 1607 1366 1671 Sole
1395 1611 1423 1669 in
1448 1606 1487 1673 9⁰
1512 1615 1545 1685 tl.
1594 1611 1626 1673 Si

286 1699 532 1762 Christianus
557 1700 647 1762 alium
669 1702 822 1781 planetam
846 1708 1019 1775 tractasset,
1044 1700 1073 1760 in
1098 1698 1223 1760 eundem
1247 1707 1278 1759 et
1301 1718 1357 1778 ego
1381 1698 1565 1762 incidissem.

371 1788 489 1850 Rursus
521 1807 606 1867 ergo
624 1787 724 1850 divina
752 1790 946 1868 dispositione
976 1787 1120 1848 accidisse
1145 1797 1231 1866 puto,
1262 1787 1338 1869 quod
1363 1788 1467 1848 eodem
1492 1798 1625 1869 tempore

284 1896 340 1957 ego
377 1877 563 1948 advenerim,
596 1897 652 1957 quo
674 1886 817 1957 =ternpore
850 1878 944 1938 Marti
976 1877 1026 1938 ille
1050 1886 1117 1937 erat
1139 1876 1289 1951 intentus,
1329 1891 1365 1938 ex
1388 1877 1472 1956 cujus
1496 1878 1626 1939 motibus

284 1966 402 2028 omnino
435 1985 575 2027 necesse·
591 1975 639 2027 est
667 1986 721 2027 nos
745 1968 773 2028 in
797 1967 998 2045 coguitionem
1022 1965 1225 2026 astronomiae
1250 1981 1425 2027 arcanorum
1449 1967 1552 2030 venire
1577 1975 1626 2028 aut

287 2075 324 2116 ea
346 2062 492 2134 perpetuo
515 2055 640 2116 nescire.
687 2055 899 2118 Recudebatur
921 2055 1027 2116 tabula
1048 2055 1212 2116 mediarum
1241 2055 1460 2135 oppositionum
1485 2056 1524 2118 ab
1548 2076 1624 2117 anno

287 2142 382 2219 1580,
400 2153 466 2205 erat
487 2144 660 2223 excogitata
674 2145 860 2227 hypothesis,
886 2163 961 2224 quae
981 2163 1034 2204 eas
1054 2162 1156 2205 omnes
1170 2152 1398 2224 repraesentare
1412 2145 1627 2225 perhibebatur

284 2235 365 2296 intra
388 2234 511 2294 duorum
534 2235 738 2313 scrupulorum
761 2233 1014 2314 propinquitatem
1036 2233 1066 2294 iu
1091 2233 1286 2313 longitudine,
1310 2234 1395 2312 cujus
1415 2254 1556 2297 numeros
1579 2235 1625 2295 rel

285 2324 375 2404 paulo
400 2322 570 2383 differentes
595 2324 694 2402 capite
718 2324 757 2385 V.
783 2323 932 2401 usurpavi.
979 2323 1157 2401 Apogaeum
1178 2322 1262 2384 initio
1278 2323 1346 2384 anui
1362 2320 1626 2404 1585ponebatur

283 2413 313 2474 in
337 2407 398 2474 23⁰
420 2408 526 2487 41111,
551 2412 759 2473 eccentricitas
783 2413 922 2486 maxima,
948 2421 1084 2493 quac‘ex
1107 2411 1330 2474 semidiametro
1345 2412 1499 2493 utriusque
1513 2413 1623 2474 circelli

286 2501 481 2583 componitur,
507 2508 573 2563 erat
596 2497 715 2577 20160,
739 2501 869 2583 qualium
892 2501 1112 2562 semidiameter
1131 2501 1255 2582 epicycli
1270 2502 1392 2580 majoris
1407 2511 1491 2563 esset
1510 2499 1622 2567 16380.

284 2591 381 2671 Igitur
413 2589 442 2651 in
473 2592 569 2651 forma
595 2592 710 2671 primae
742 2590 964 2671 inaequalitatis
994 2590 1181 2652 Ptolemaica
1211 2591 1420 2652 eccentricitas
1457 2593 1622 2673 aequaturii

283 2681 389 2762 puncti
417 2688 484 2741 erat
513 2676 623 2742 20160
655 2681 702 2741 vel
726 2690 762 2741 ec
784 2681 874 2759 paulo
899 2681 1002 2741 minus.
1049 2680 1096 2741 Ex
1120 2679 1176 2740 hac
1199 2679 1359 2761 hypothesi
1382 2688 1538 2743 exstructa
1560 2688 1625 2744 erat

287 2779 319 2832 et
342 2768 447 2830 tabula
470 2769 680 2848 aequationum
704 2769 833 2830 eccentri
858 2770 895 2829 ad
919 2770 1030 2848 grados
1054 2769 1188 2848 singulos
1210 2778 1243 2830 et
1265 2770 1392 2831 correcti
1406 2778 1506 2831 motus
1526 2770 1623 2843 medii,

285 2859 440 2921 additione
464 2860 547 2920 lacta
570 2860 608 2919 ad
631 2859 857 2920 Pruteuicarum
881 2867 992 2919 motum
1015 2858 1142 2920 medium
1158 2858 1245 2919 unius
1263 2859 1394 2939 scrupuli
1412 2867 1446 2920 st
1458 2859 1623 2922 dodrantis.

270 2949 326 3012 -Ε1
348 2947 461 3009 diducti
486 2956 573 3009 erant
595 2948 625 3008 hi
649 2955 747 3008 motus
771 2948 874 3022 medii,
899 2947 1041 3028 apogaei,
1065 2948 1195 3027 itemque
1214 2955 1247 3008 et
1263 2948 1333 3009 nodi
1354 2966 1410 3027 per
1430 2966 1529 3011 annos
1551 2943 1624 3025 400,

282 3037 422 3118 perinde>
443 3045 477 3096 ut
507 3036 538 3098 in
572 3034 728 3098 Solaribus
761 3044 792 3097 et
824 3037 992 3098 Lunarihus
1022 3037 1151 3098 motibus
1174 3045 1256 3098 tomo
1279 3039 1303 3099 I.
1320 3035 1625 3119 Progymnasma'tum

286 3129 399 3189 iactum
430 3134 488 3187 est.
539 3126 574 3187 Iu
606 3126 672 3186 sola
695 3125 852 3188 latitudine
876 3127 931 3187 sub
955 3126 1148 3208 acrouychios
1172 3126 1393 3206 situsitemque
1417 3127 1502 3189 etin
1524 3129 1625 3208 paral-

286 3216 404 3277 lauibus
438 3214 519 3276 orbis
536 3216 644 3279 ,annui
664 3213 852 3277 Christianus
885 3216 1038 3277 haerebat.
1091 3215 1209 3277 Aderat
1241 3215 1360 3295 quidem
1392 3215 1571 3298 hypothesis
1598 3227 1627 3280 et

285 3305 401 3366 tabella
424 3322 477 3383 pro
502 3305 724 3379 latitudiuibos;
749 3306 802 3365 sed
826 3324 883 3365 uon
908 3305 1065 3366 cruebatur
1087 3305 1157 3367 inde
1181 3304 1309 3365 latitudo
1334 3306 1507 3367 observata.
1542 3305 1625 3378 Quae

285 3414 335 3455 res
359 3394 417 3473 ipsi
440 3393 470 3453 in
493 3393 629 3455 Lunares
653 3402 751 3454 motus
774 3394 941 3456 incubitum
964 3394 1174 3474 impedimento
1198 3402 1273 3455 erat.
1322 3391 1398 3455 Cum
1421 3395 1512 3474 igitur
1528 3396 1627 3477 suspi-

288 3500 372 3544 carer
398 3482 427 3542 id
452 3482 531 3560 quod
554 3502 602 3544 res
627 3491 712 3557 erat,
747 3483 924 3564 hypothesin
949 3502 1006 3543 non
1031 3484 1104 3544 bene
1123 3483 1255 3556 habere,
1287 3483 1403 3545 accinxi
1433 3503 1481 3546 1ne
1505 3484 1571 3565 ipse
1590 3485 1627 3547 ad

287 3591 362 3652 opus
385 3572 547 3633 secuudum
569 3581 804 3652 praeconceptas
828 3581 859 3633 et
873 3572 901 3633 in
926 3573 1112 3653 Mysterio
1136 3592 1201 3633 meo
1226 3569 1551 3654 cosmographico
1573 3595 1627 3638 ex-

286 3679 408 3741 pressas
432 3661 597 3739 opiniones.
643 3663 776 3723 Plurima
799 3663 853 3725 sub
877 3662 993 3724 initium
1009 3672 1074 3723 erat
1093 3662 1236 3724 internos
1251 3661 1446 3739 concertatio,
1472 3683 1511 3724 an
1525 3671 1629 3744 posset

287 3751 348 3812 alia
371 3749 486 3811 institui
511 3751 588 3811 ratio
612 3752 824 3833 hypotheseos,
849 3771 925 3831 quae
950 3759 996 3812 tot
1020 3753 1086 3812 loca
1103 3753 1244 3832 planetae
1268 3752 1436 3814 eccentrica
1451 3753 1491 3814 ad
1501 3771 1627 3832 unguem

288 3840 488 3918 exprimeret?
512 3848 543 3900 et
567 3858 603 3900 an
628 3841 707 3901 falsa
730 3860 798 3902 esse
821 3849 927 3920 posset
949 3841 1011 3915 illa,
1036 3860 1111 3923 quae
1136 3842 1166 3902 id
1189 3840 1334 3903 haetenus
1358 3860 1555 3921 peromnem
1575 3863 1627 3906 ae-

288 3929 366 3990 diaci
390 3929 532 3989 ambitum
555 3925 784 4007 praestitisset?
1446 3950 1453 3965 ·

377 4015 507 4079 Ostendi
536 4018 627 4097 igitur
655 4038 693 4080 ex
722 4019 773 4093 iis,
805 4038 880 4099 quae
907 4018 1004 4097 prima
1026 4027 1112 4098 parte
1135 4018 1304 4099 praemissa
1327 4026 1412 4094 sunt,
1447 4038 1541 4100 posse
1563 4040 1639 4083 esse.

288 4108 395 4169 falsum
424 4107 621 4169 eccentricum
652 4117 806 4170 ettamen
832 4108 1090 4170 observationibus
1118 4109 1198 4169 iutra
1227 4105 1258 4169 5‘
1290 4116 1321 4169 et
1350 4109 1473 4189 propius
1504 4098 1629 4191 res'pon-

291 4198 375 4271 dere,
410 4196 567 4258 dummodo
598 4219 700 4260 verum
731 4198 773 4259 sit
799 4204 940 4278 punctum
970 4198 1184 4278 aequaturium.
1238 4195 1327 4267 Quod
1358 4216 1430 4259 vero
1458 4200 1629 4277 parallaxes

217 4336 223 4359 ,
289 4286 370 4348 orbis
395 4286 483 4346 annui
508 4288 652 4349 attineret
674 4296 705 4348 et
728 4287 914 4360 latitudines
938 4307 1004 4348 eam
1028 4288 1157 4366 palmam
1181 4288 1277 4348 adhuc
1301 4287 1331 4348 in
1354 4287 1452 4349 medio
1471 4287 1563 4351 sitam
1578 4308 1629 4351 noc

289 4376 358 4437 dum
390 4376 544 4437 obtentam
573 4377 611 4437 ab
639 4377 756 4439 illorum
789 4376 965 4458 hypothesi:
994 4378 1138 4456 reliquum
1167 4377 1258 4456 igitur
1281 4396 1364 4451 esse,
1397 4384 1432 4439 ut
1454 4376 1642 4458 inquiratur,

194 4513 197 4526 .
290 4484 328 4526 au
352 4484 409 4526 uon
435 4465 543 4526 alicubi
567 4484 620 4544 per
642 4463 673 4527 5⁴
696 4467 740 4527 illi
764 4486 829 4527 cum
853 4486 906 4527 suo
931 4467 1043 4527 calculo
1069 4467 1106 4527 ab
1130 4465 1389 4528 observationibus
1409 4465 1588 4531 dissideant

378 4552 473 4633 Coepi
503 4554 594 4633 igitur
621 4556 776 4634 explorare
801 4555 982 4634 operationis
1011 4559 1144 4636 ipsorum
1167 4555 1386 4618 certitudinem.
1432 4555 1481 4617 Ex
1506 4576 1542 4619 eo
1565 4557 1627 4645 qui·

218 4645 220 4649 ’
291 4664 361 4705 uam
393 4643 502 4703 fuerint
531 4644 561 4704 iu
594 4643 649 4705 hoc
682 4644 782 4705 labore
816 4665 992 4716 successus,
1026 4648 1193 4708 taediosum
1226 4654 1258 4707 et
1284 4645 1388 4707 inutile
1413 4652 1461 4707 est
1484 4656 1625 4727 repetere.

291 4735 459 4812 Persequar
482 4739 582 4793 autem
605 4752 642 4794 ex
665 4735 721 4795 hoc
746 4734 950 4812 quadriennali
974 4735 1075 4797 labore
1100 4737 1156 4812 illa,
1175 4744 1303 4810 tautum,
1330 4755 1405 4815 quae
1425 4736 1465 4797 ad
1482 4738 1626 4818 cognitio·

292 4842 359 4885 nem
383 4828 506 4882 nostrae
529 4823 661 4885 methodi
683 4822 883 4904 pertinebant.
