3354 5504
159 276 222 347 100
574 277 676 330 mseras
693 276 796 342 Kspleri
817 274 968 340 aliorumque
985 277 1087 325 mamas

156 459 291 540 aequalis
316 464 416 520 motus
439 454 574 528 invicem,
599 455 645 536 qui
669 454 700 516 in
723 473 756 515 se
776 461 824 515 est
847 452 1022 544 inaequalis
1059 452 1142 514 Tunc
1161 451 1322 531 junctaF,
1342 449 1530 515 Alineam-

70 576 79 598 ι
160 549 275 610 faciunt
298 555 360 609 tam
385 547 514 623 longam,
538 563 627 624 quarn
650 543 678 604 si
701 562 738 605 ex
761 541 787 605 0
812 531 996 605 ecceutricos
1023 541 1176 625 perlectus
1205 540 1393 604 describatur
1420 539 1505 603 radio

156 637 225 713 ΑΕ,
249 636 393 699 transibit
416 635 493 695 enim
516 636 626 713 perF.

244 728 345 805 Atque
369 725 443 785 haec
466 723 641 805 hypothesis
665 722 816 783 falsat
767 728 826 791 est,
849 719 927 799 quod
951 738 1028 780 anno
1052 715 1146 783 1602
1171 718 1288 782 rescivi.
1326 717 1381 782 Sin
1405 724 1506 780 sutem

156 824 296 879 manente
313 812 458 892 Opuncto
473 811 688 893 aequalitatis'
681 810 774 890 rpsius
789 808 907 871 Dlinea
922 806 1009 875 ADO
1024 808 1108 870 lieret
1122 809 1203 870 linea
1217 810 1355 889 apsidum
1369 825 1508 869 verarum

158 903 283 987 epicycli
307 912 338 964 et
360 900 388 963 Ο
411 920 484 963 vera
507 901 589 980 apsis
613 899 752 981 epicycli,
780 899 824 960 sic
854 898 918 960 ιιι
911 897 967 977 rpsi
991 894 1075 960 DCD
1099 898 1268 960 anomaliae
1291 896 1408 960 mediae
1432 914 1506 958 con

56 1036 64 1049 1
156 993 332 1056 stitueretur
355 991 490 1070 aequalis
514 988 607 1064 ODF,
631 998 662 1051 et
685 988 740 1050 Dl
762 987 955 1050 inclinaretur
977 987 1015 1046 ad
1038 985 1110 1061 Ac,
1140 986 1219 1066 quod
1247 997 1295 1050 est
1323 985 1447 1068 perinde
1471 1004 1507 1046 ac

157 1083 184 1144 si
206 1082 313 1155 dicam,
338 1079 502 1162 epicyclum
517 1078 692 1158 aequalibus
707 1077 891 1155 temporibus
915 1075 1027 1137 moveri
1051 1076 1256 1155 aequaliter
1230 1097 1311 1139 cuca
1324 1094 1409 1138 suum
1432 1094 1506 1137 oeu-

158 1179 253 1234 trum:
282 1179 352 1231 tnnc
376 1168 451 1230 haec
475 1176 557 1230 esset
580 1187 666 1247 quam
690 1166 824 1246 proxime
847 1164 1032 1246 hypothesis,
1058 1185 1116 1245 qua
1139 1184 1204 1226 sum
1228 1185 1299 1228 usus
1321 1184 1375 1247 per
1398 1182 1508 1227 annum

162 1255 246 1323 1603
271 1259 298 1321 in
316 1279 343 1322 a
363 1253 456 1331 1604,
481 1275 570 1336 quam
586 1265 617 1318 et
631 1265 663 1318 tu
677 1264 774 1318 tenes.
803 1254 844 1316 Et
858 1254 984 1315 haberet
998 1255 1176 1316 mediocrem
1191 1274 1313 1318 causam
1329 1254 1507 1317 naturalem.

157 1351 203 1412 At
225 1347 414 1429 deprehendo
438 1366 476 1407 ex
498 1346 611 1425 primae
636 1365 770 1419 excessu,
795 1343 943 1405 secundae
959 1344 1088 1431 delectu,
1104 1340 1161 1406 CA
1175 1339 1263 1408 9264
1280 1364 1348 1406 esse
1367 1336 1506 1405 medilan-

157 1438 226 1499 dam
248 1437 297 1498 vel
326 1435 518 1497 bisecandam
542 1436 571 1495 in
594 1435 630 1508 B,
655 1442 689 1495 ut
716 1434 806 1494 ducta
829 1431 909 1494 BDS
942 1432 984 1493 sit.
1014 1434 1096 1512 apsis
1125 1432 1250 1514 epicycli
1282 1453 1370 1505 vera,
1404 1433 1507 1513 itaque

158 1525 304 1590 Cadhuc
328 1533 462 1586 centrum
485 1543 521 1584 ae
543 1524 679 1585 ualitatis
702 1523 740 1584 D.
787 1521 847 1583 Sed
876 1522 941 1601 jam
967 1520 1047 1583 SDF
1077 1529 1124 1583 est
1154 1523 1289 1604 aequalis
1312 1521 1396 1586 Dcu
1430 1541 1506 1583 ano-

158 1615 267 1678 malias
291 1614 425 1677 mediae:
449 1621 483 1674 et
504 1613 532 1674 D
581 1612 679 1675 minus
703 1611 864 1673 inclinatur
887 1611 923 1671 ad
939 1609 996 1674 Ac
1012 1631 1099 1692 quarn
1122 1612 1215 1691 prius.
1263 1614 1364 1692 Atque
1388 1630 1427 1673 ex
1450 1611 1507 1671 hac

157 1703 324 1788 hypothesi·
338 1703 398 1783 jam
423 1721 510 1782 quam
534 1702 668 1780 proxime
692 1720 764 1763 vera
787 1700 934 1761 distantia
957 1699 1120 1762 exstruitur
1143 1702 1168 1762 F
1190 1700 1230 1762 ab
1246 1704 1285 1775 A,
1310 1701 1354 1763 sic
1378 1708 1410 1762 et
1423 1698 1508 1764 Fau

160 1812 249 1873 quam
277 1792 413 1873 proxime
441 1810 513 1853 vera
541 1799 717 1873 coaequata.
763 1790 838 1851 Dico
872 1809 958 1871 quam
992 1790 1140 1869 proxime,
1173 1810 1320 1873 uunquam
1354 1790 1431 1852 enim
1464 1789 1508 1850 ita

161 1902 246 1958 vere,
276 1890 310 1944 ut
341 1899 408 1943 cnm
441 1900 477 1942 ea
499 1878 642 1962 physicae
667 1879 854 1959 aequationis
878 1880 1060 1959 computatio
1084 1879 1269 1943 instituatur.
1315 1881 1409 1942 Porro
1433 1878 1508 1940 haec
1545 1882 1550 1897 '

158 1968 337 2055 hypothesis
360 1968 432 2031 mihi
457 1972 505 2044 (ut
519 1969 548 2030 iu
573 1969 772 2030 delineatione
787 1988 871 2031 meae
896 1968 1135 2030 ratiocinationis
1158 1978 1191 2030 ut
1210 1969 1353 2032 constitui
1368 1971 1507 2049 pergant)

160 2080 219 2123 uon
244 2058 405 2133 satisfecit,
429 2058 507 2140 quod
530 2067 672 2139 puuctum
695 2060 721 2120 B
745 2078 838 2119 eausa
867 2058 995 2119 naturali
1024 2057 1159 2121 carebat.
1205 2060 1284 2122 Nam
1313 2067 1457 2138 punctum
1481 2056 1507 2120 C

120 2194 123 2199 ι
145 2148 252 2212 'habet
273 2166 396 2210 causam
418 2147 596 2220 naturalem,
619 2147 697 2228 quod
721 2166 763 2208 sc.
778 2147 835 2210 Ac
860 2156 891 2207 et
906 2147 960 2208 DF
975 2156 1150 2227 aequantur,
1175 2157 1207 2210 et
1225 2149 1308 2229 ‚quod
1330 2148 1508 2210 tantundem

158 2247 209 2301 est
231 2257 267 2299 ac
289 2236 317 2299 si
340 2237 452 2312 dicam,
485 2246 520 2299 ut
550 2237 712 2299 distantiae
736 2245 807 2299 sunt
831 2236 874 2298 sic
903 2256 969 2298 esse
997 2256 1096 2298 moras
1126 2237 1156 2299 in
1181 2236 1355 2318 aequalibus
1378 2237 1507 2299 arcubus

159 2325 301 2391 eocsutri.
346 2326 500 2389 Ecoutra
521 2344 593 2389 vero
616 2325 678 2388 alia
700 2345 748 2387 res
772 2345 818 2387 me
843 2326 881 2386 ad
904 2345 1025 2388 causam
1049 2328 1215 2389 naturalem
1238 2327 1403 2400 invitabat,
1432 2326 1509 2388 haec

158 2434 276 2498 sempe,
300 2415 380 2496 quod
401 2413 463 2477 ridi
486 2424 706 2477 succurrentem
730 2424 884 2477 secantem
908 2415 1096 2497 aequationis
1114 2415 1238 2498 epicycli
1263 2416 1438 2490 maximae3·
1453 2414 1508 2477 Ar

160 2504 278 2567 scilicet
298 2504 350 2568 ille
373 2512 457 2567 esset
479 2504 534 2576 (ad
554 2504 694 2585 angulum
709 2501 749 2566 5⁰
766 2501 831 2577 18⁴)
857 2500 994 2579 rooles,
1018 2505 1119 2584 itaque
1133 2508 1192 2568 Fa
1208 2505 1324 2584 longior
1347 2513 1397 2566 est
1418 2524 1509 2585 quam

112 2666 115 2671 ,
158 2590 222 2659 DA
242 2592 401 2677 particulis
422 2588 499 2658 429.
544 2592 587 2655 Ει
609 2592 679 2673 quia
701 2593 757 2656 ΡΑ
781 2593 928 2654 distantia
950 2594 1084 2675 sequitur
1107 2615 1145 2656 ex
1167 2596 1360 2674 usurpatione
1381 2593 1508 2674 perlecti

48 2752 53 2759 ,
160 2682 331 2758 eoceutrici,
354 2690 388 2744 et
408 2677 475 2747 429
498 2702 590 2762 supra
612 2682 736 2744 inventa
759 2692 807 2744 est
830 2682 958 2744 certatio
982 2684 1070 2762 justa
1096 2684 1264 2763 hujusmodi
1297 2683 1509 2745 distantiarum

26 2786 29 2793 '
118 2776 122 2781 '
159 2776 215 2855 pro
236 2771 398 2855 hypothesi
420 2790 510 2847 vera,
535 2790 605 2851 ergo
629 2772 656 2834 si
678 2791 732 2852 pro
755 2773 810 2834 ΡΛ
834 2791 985 2834 sumamus
1008 2773 1077 2845 DA,
1100 2774 1243 2835 habemus
1262 2772 1364 2852 justas
1388 2773 1508 2835 distan-

160 2860 222 2925 tias
243 2861 275 2923 iu
298 2859 534 2943 longitudinibus
557 2861 675 2923 mediis.
713 2859 823 2923 Statim
848 2860 957 2940 arripui
982 2863 1135 2942 hancpro
1158 2862 1286 2924 naturali
1311 2860 1509 2944 hypothesin:

55 2987 62 2995 ,
160 2950 317 3031 planetam
340 2968 399 3012 nou
422 2950 538 3013 versari
561 2950 590 3011 in
615 2949 741 3034 epicycli
760 2950 1000 3013 circumferentia
1012 2951 1098 3025 RHI,
1123 2952 1226 3014 sedin
1251 2953 1396 3014 diametro
1420 2949 1509 3017 KDO
1551 3000 1557 3013 .

144 3038 284 3115 ,librarl3
301 3038 426 3120 jamque
448 3039 613 3103 distantias
636 3048 786 3101 ettotam
809 3039 1018 3121 aequationem
1042 3041 1175 3102 tabulam
1199 3040 1333 3103 exstruxi
1357 3040 1437 3102 inde.

103 3136 120 3193 “,
250 3128 296 3191 At
316 3126 423 3204 miser;
446 3127 494 3191 his
518 3127 591 3209 ipsis
613 3128 813 3191 Paschalibus
837 3129 918 3190 feriis
943 3129 1059 3191 demum
1087 3130 1224 3211 experior
1246 3149 1278 3192 re
1306 3131 1387 3211 ipsa,
1403 3161 1405 3165 <
1422 3130 1511 3211 quod,

161 3216 189 3279 ai
211 3216 421 3280 consideratus
445 3217 577 3293 fuissem,
603 3218 774 3280 meminisse
801 3229 952 3298 poteram,
979 3219 1043 3297 janr
1068 3227 1160 3281 antea
1182 3220 1418 3283 demonstratum
1443 3238 1510 3281 esse

162 3307 192 3369 iu
216 3304 449 3370 Commentariis
471 3308 562 3382 meis,
592 3306 762 3387 hujusmodi
786 3307 843 3369 iter
864 3309 1004 3388 planetae
1028 3309 1224 3389 compositum
1248 3327 1305 3370 non
1330 3328 1398 3370 esse
1421 3309 1511 3390 ellip-

163 3395 270 3470 ticum,
295 3396 372 3475 quod
396 3397 531 3475 superior
553 3414 621 3459 mea
643 3397 863 3476 argumentatio
887 3397 994 3470 evicit,
1025 3399 1079 3460 sed
1103 3400 1132 3460 in
1156 3399 1327 3460 octantibus
1349 3398 1391 3459 ab
1412 3395 1511 3478 ellipsi

164 3503 270 3546 versus
292 3484 395 3547 circuli
417 3485 634 3566 perlectionem
657 3487 738 3547 exire
771 3488 798 3546 in
823 3487 942 3548 buccas.
991 3487 1113 3549 Vitiosa
1144 3487 1236 3567 igitur
1263 3488 1321 3550 luit
1348 3507 1511 3567 argumen-

164 3574 262 3637 tatio:
296 3573 418 3636 libratio
440 3574 472 3636 iu
494 3573 641 3637 diametro
665 3575 789 3656 epicycli
813 3585 925 3655 aequat
952 3575 1070 3656 ellipsin
1094 3577 1123 3638 in
1146 3576 1382 3654 longitudinibus
1404 3576 1512 3639 mediis

164 3671 196 3724 et
217 3663 247 3724 in
271 3662 436 3743 apsidibus,
461 3682 532 3743 ergo
555 3664 742 3744 undiquaque
758 3665 839 3726 illam
854 3670 974 3747 aequat'.
1004 3666 1126 3728 Falsum
1133 3686 1142 3741 ;
1166 3675 1257 3748 atque
1271 3666 1339 3727 hinc
1358 3674 1416 3740 est,
1433 3666 1511 3745 quod

165 3770 281 3815 rursum
305 3751 391 3814 utin
415 3751 540 3833 antiqua
562 3754 641 3815 falsa
670 3754 829 3836 hypothesi
859 3774 913 3815 nec
942 3754 1105 3819 distantiae
1135 3756 1264 3818 officium
1294 3758 1430 3819 lecerunt
1457 3774 1511 3817 nec

164 3840 360 3920 aequatioues
383 3843 523 3905 eccentri.
563 3842 589 3904 Ο
615 3844 797 3905 fructuosam
820 3845 996 3906 societatem
1021 3845 1063 3907 rei
1082 3845 1246 3927 utriusque,
1271 3863 1347 3926 quae
1361 3864 1512 3927 uunquam

165 3949 222 3991 nou
247 3948 293 3991 me
318 3929 421 4009 dirigit
452 3931 481 3991 in
515 3940 562 3993 tot
591 3933 861 4011 perplexitatibus!
907 3934 978 3996 Jam
1011 3935 1101 4014 igitur
1133 3934 1189 3996 hoc
1222 3933 1335 4009 habeo,
1368 3933 1510 3997 Fabrici:

164 4019 243 4081 viam
267 4018 407 4098 planetae
431 4021 616 4084 verissimam
641 4041 707 4083 esse
732 4022 848 4102 ellipsin
874 4024 977 4103 (quam
997 4024 1129 4086 Durems
1153 4024 1256 4085 itidem
1278 4023 1395 4085 evalem
1420 4023 1511 4097 dixit)

155 4116 217 4170 aut
240 4115 320 4170 certe
344 4108 510 4172 insensibili
534 4111 633 4192 aliquo
658 4113 696 4172 ab
720 4112 818 4192 ellipsi
843 4112 1037 4175 differentem.
1085 4111 1265 4192 Computavi
1296 4111 1365 4174 iude
1396 4133 1506 4195 aequa-

165 4197 263 4259 tiones
277 4197 407 4258 ecceutri
422 4197 451 4260 in
467 4200 575 4263 sitibus
598 4201 794 4283 acrouychiis,
807 4202 946 4269 ‚officium
962 4203 1077 4264 faciunt
1090 4201 1128 4262 ad
1144 4222 1280 4282 unguem,
1305 4203 1342 4264 de
1357 4201 1512 4265 distantiis

47 4324 52 4335 ·
165 4286 319 4367 quominus
350 4286 428 4348 idern
456 4288 553 4350 dicam
586 4290 656 4350 fecit
686 4309 788 4352 earum
818 4289 1059 4371 inquirendarum
1096 4292 1254 4354 methodus
1283 4291 1374 4371 paulo
1404 4291 1512 4365 laxior,

165 4395 240 4457 quae
265 4395 382 4456 semper
405 4396 451 4438 me
475 4378 555 4439 cirea
577 4375 639 4441 100
657 4380 822 4480 particulas
847 4381 874 4440 in
900 4381 988 4442 dubio
1007 4380 1161 4461 relinquit,
1186 4381 1278 4443 etiam
1293 4400 1360 4443 euru
1380 4382 1511 4462 optimae

163 4476 234 4527 sunt
256 4465 502 4541 observationes;
527 4467 606 4527 nosti
630 4468 722 4543 enim,
754 4469 884 4548 optimas
914 4469 1141 4533 observationes
1164 4490 1221 4532 uno
1245 4471 1359 4532 minuto
1382 4488 1511 4552 peceare

162 4573 263 4632 posse.
311 4557 355 4617 At
378 4574 466 4617 uuum
490 4555 632 4616 minutum
658 4558 757 4619 variat
780 4556 953 4619 distantiam
984 4559 1170 4634 immaniter,
1203 4560 1229 4621 si
1262 4561 1387 4641 planeta
1417 4578 1511 4639 prope

165 4640 204 4721 Θ
230 4652 283 4705 aut
314 4645 468 4745 oppositus
501 4641 540 4721 Θ
575 4645 674 4707 luerit.
720 4648 785 4708 Hoc
819 4657 918 4708 tamen
948 4656 1061 4709 certum
1093 4649 1221 4719 habeas,
1255 4669 1344 4731 quarn
1375 4648 1511 4728 proxime

164 4750 267 4795 verum
297 4732 475 4795 veuire.-
505 4734 612 4815 Itaque
637 4742 732 4797 totam
756 4735 935 4839 hypothesin
960 4738 1016 4799 tibi
1039 4739 1206 4801 delineabo.
1253 4739 1337 4800 Data
1360 4737 1513 4817 anomalia

165 4823 263 4884 media
287 4824 479 4903 (pernotum
506 4823 559 4885 tibi
582 4825 680 4886 locum
702 4826 830 4905 aphelii,
854 4825 900 4888 cui
924 4822 957 4888 δ’
979 4828 1126 4890 adimes'
1113 4849 1193 4910 yam,
1219 4838 1251 4890 et
1273 4837 1376 4914 notpm
1400 4836 1511 4891 motum
