3354 5504
167 292 231 361 tat
659 300 770 366 esser.
786 304 820 356 u
838 303 1023 385 suamque

166 475 306 554 trianguli
322 475 480 554 sphaerici,
500 479 583 557 eujus
599 479 725 542 alterum
741 481 821 544 latus
836 493 884 546 est
897 481 958 548 39⁰
972 482 1034 560 55‘,
1050 487 1175 548 altemm
1190 483 1249 551 36⁰
1262 483 1317 549 22¹
1331 494 1366 548 et
1380 488 1502 567 angulus

111 560 116 570 '
164 564 395 645 comprehensus
409 560 448 626 6⁰
460 563 520 638 10⁴,
539 567 617 630 latus
634 570 754 631 tertium
769 582 816 633 est
831 568 877 647 6⁰,
892 574 994 655 itaque
1007 568 1146 637 milliaria
1159 573 1212 640 90.
1236 577 1342 656 Itaque
1357 576 1502 656 rogandus

165 671 198 715 es
222 653 422 714 astronomiae
446 674 547 725 causa,
570 677 657 738 quam
681 677 769 739 agere
793 668 823 722 te
847 663 925 725 serio
950 663 1047 738 video,
1071 673 1105 725 ut
1127 665 1196 727 mihi
1220 672 1302 726 tuam
1326 665 1501 726 senteutiam

165 742 343 820 patefacias,
367 762 404 802 an
429 744 593 819 existimes,
618 747 694 809 hunc
716 767 845 812 errorem
863 742 972 830 Belgis'
991 761 1023 814 et
1045 753 1145 815 nautis
1164 754 1253 815 tribui
1274 771 1367 834 posse
1390 755 1427 816 ob
1450 754 1502 815 irn-

165 831 268 911 pedita
292 831 358 892 loca
381 833 477 911 aquis,
501 853 538 894 an
563 855 633 896 vero
655 835 768 899 existat
790 839 899 921 aliquis
916 848 1093 921 prospectus
1112 861 1149 904 ex
1164 843 1340 923 Antrrerpia
1363 845 1393 905 in
1411 844 1501 921 alter-

164 930 260 981 utram
284 920 429 995 Frisiam,
453 941 490 983 ex
512 942 570 1004 quo
593 925 630 985 de
653 925 744 1006 plaga
765 928 882 991 Prisiae
900 929 1046 1009 judicium
1070 932 1140 994 ferri
1160 931 1285 1027 possit?
1307 938 1356 1020 (up
1378 938 1501 1005 mutui.)

742 1173 926 1187 -n—

251 1348 417 1413 Proponamus
434 1349 564 1400 lectoribus
582 1352 723 1414 opusculum
741 1353 804 1417 quod
819 1358 957 1418 praemissa
967 1359 1110 1422 respiciunt.
1127 1357 1174 1408 hoc
1191 1363 1290 1408 tantum
1308 1364 1436 1413 nolimu,
1453 1372 1503 1422 μ

164 1434 237 1485 quarn
254 1433 309 1468 raro
328 1418 387 1468 illud
405 1435 530 1471 occurrere
548 1422 573 1470 in
591 1421 751 1474 bibliothecis.
788 1425 892 1476 Unicum
911 1429 975 1494 quod
993 1429 1062 1479 nobis
1083 1430 1109 1478 in
1130 1443 1218 1479 manus
1235 1432 1304 1479 seuit
1322 1429 1450 1492 exemplar
1466 1443 1503 1478 se·

164 1491 272 1554 csplmus
289 1490 406 1541 benerols
424 1492 576 1542 consedente
594 1496 642 1542 riro
662 1494 801 1545 doctissimo
820 1495 906 1548 Otto
932 1500 970 1550 de
990 1499 1120 1551 Strure
1145 1515 1175 1550 ex
1193 1499 1344 1551 bibliotheca
1362 1499 1504 1550 moventi

163 1561 235 1624 paulo
253 1570 380 1626 postquam
401 1563 512 1612 volumen
531 1563 564 1612 ll.
586 1572 684 1615 nostrae
709 1567 821 1617 editionis
845 1572 909 1634 typis
934 1572 1085 1636 exsculptum
1112 1579 1184 1630 erat,
1211 1571 1320 1636 illudque
1348 1570 1382 1620 sd
1411 1573 1504 1621 verbum

162 1634 240 1683 secuti
258 1635 414 1698 sequentibus
431 1634 495 1684 toliis
513 1635 677 1687 recudendum
695 1641 839 1689 curarimus.
937 1688 941 1707 ,

417 1794 498 1867 AD
540 1795 774 1872 RERUM
814 1797 1250 1878 COELESTIUM

538 1936 809 2014 AMATORES
837 1941 1128 2026 UNWERSOS,

162 2076 324 2155 Hispanias
348 2077 534 2156 potissimum
559 2079 704 2141 citerioris
726 2091 759 2233 {t
778 2080 898 2144 Galliae
921 2084 1086 2159 ulterioris,
1110 2087 1338 2168 Insularumque
1363 2086 1500 2150 Corsicae

673 2179 704 2231 et
752 2171 848 2233 iciliae
871 2173 991 2234 incolas
1165 2171 1169 2176 ’

304 2284 417 2383 ΒΕ
474 2285 760 2387 sous
817 2291 1357 2409 nsulsum,

361 2451 461 2512 ouon
481 2451 554 2504 uoc
575 2454 676 2508 anuo
700 2452 773 2512 roos
794 2455 918 2511 unuss
938 2459 1094 2513 ocrossr
1114 2459 1300 2523 connium,

710 2566 948 2644 EPISTOLA

536 2711 806 2784 ‘seems
842 2712 1112 2787 suetum

644 2836 671 2891 e.
692 2837 722 2891 c.
743 2833 799 2890 Ma.
818 2820 1017 2893 utinensem.

755 2967 899 3018 PRAGAE.

618 3057 639 3106 E
657 3056 827 3122 'typographio
846 3055 1036 3106 Schmmimo.

161 3232 164 3240 ’
247 3240 348 3303 (lausa
370 3244 441 3305 mihi
465 3263 536 3316 vos,
567 3264 584 3305 o
607 3244 673 3306 Viri
702 3264 798 3307 rerum
821 3244 990 3325 cognitione
1019 3243 1149 3317 nobiles,
1179 3242 1386 3306 florentissimi
1408 3242 1494 3306 seculi

158 3332 275 3392 foetura
297 3331 460 3416 pberrima,
489 3334 660 3413 alloquendi
683 3353 755 3396 voce
783 3333 919 3414 publica,
948 3351 1044 3414 usque
1068 3332 1177 3394 frivola
1199 3340 1247 3392 est
1269 3353 1368 3414 neque
1390 3334 1495 3414 imper-

157 3419 274 3480 tinens:
299 3420 461 3503 deliquium
475 3421 565 3497 Solis,
589 3423 668 3502 quod
686 3423 773 3503 hujus
791 3423 871 3492 anni.
895 3441 981 3504 quem
1000 3422 1133 3503 quintum
1156 3439 1350 3483 numeramus
1371 3423 1402 3484 in
1425 3438 1497 3483 nors

158 3508 277 3582 seculo,
307 3528 409 3572 mense
433 3511 558 3574 Octobri
582 3513 717 3591 contigit.
765 3511 834 3583 Qua
858 3513 894 3573 de
918 3511 1045 3572 materia
1067 3511 1093 3572 si
1120 3527 1207 3591 quem
1235 3521 1392 3585 vestrum,
1424 3508 1517 3591 quod'

158 3597 330 3674 abominor,
360 3601 478 3680 pigeret
505 3608 622 3662 mutuas
650 3600 768 3663 haurire
791 3609 824 3663 et
846 3601 969 3662 reddere
992 3619 1101 3674 voces,
1132 3606 1166 3660 at
1191 3617 1238 3659 me
1267 3620 1329 3662 non
1359 3616 1498 3682 quaerere

157 3686 287 3767 pudeat,
321 3689 371 3767 qui
402 3710 421 3750 a
452 3709 566 3751 summo
595 3688 759 3753 Christiani
792 3690 873 3752 orbis
901 3687 1040 3769 Principe
1072 3689 1101 3750 iu
1134 3694 1251 3768 partem
1283 3688 1498 3751 restaurandae

156 3776 359 3838 astronomiae
378 3797 443 3840 sum
459 3779 612 3854 adscitus;
635 3798 694 3842 non
713 3780 867 3861 quaesisse
886 3778 1041 3858 poeniteat
1058 3776 1213 3859 perpetim,
1237 3779 1358 3858 quando
1379 3796 1497 3840 auream

156 3866 233 3928 hanc
257 3866 462 3941 occasionem,
494 3868 561 3950 ipsa
587 3868 748 3931 solitudine
776 3869 924 3942 nobilem,
957 3886 1060 3930 amens
1088 3866 1258 3946 neglexero.
1306 3865 1443 3947 Legistis
1464 3864 1499 3929 ds

156 3954 338 4034 Hipparcho,
362 3956 411 4036 qui
434 3956 489 4018 sub
503 3957 686 4019 Ptolemaeis
701 3957 834 4039 Aegypti
855 3958 968 4036 primus
992 3957 1054 4018 iere
1074 3953 1230 4018 scientiam
1248 3953 1332 4017 Solis
1352 3966 1386 4018 et
1398 3957 1500 4019 [usas

156 4052 287 4107 motuum
311 4046 478 4118 constituit,
510 4047 687 4109 referentem
715 4049 776 4109 ieta
803 4047 998 4119 Theonem,
1026 4046 1076 4125 qni
1099 4044 1154 4105 sub
1176 4043 1370 4106 Diocletiano
1393 4043 1500 4121 florui,

156 4131 378 4196 Commentario
411 4154 501 4214 super
533 4135 666 4214 quintum
700 4137 815 4215 Magni.
835 4134 944 4216 Operis
972 4133 1157 4197 Ptolemaei:
1203 4134 1242 4196 Is
1277 4133 1501 4216 (Hipparchus)

23 4240 26 4246 ·
155 4221 236 4285 libro
251 4223 281 4284 Ι.
306 4224 345 4284 de
363 4223 639 4304 Magnitudinidus
661 4233 690 4288 et
711 4223 894 4288 Irrteruulls's
916 4225 1049 4286 commu
1068 4221 1280 4306 spectaculum
1302 4222 1500 4309 bujrremedi:

156 4311 331 4392 deliquium
355 4311 457 4385 Solis,
487 4334 546 4394 quo
570 4313 708 4394 deliquio
731 4316 765 4375 iu
787 4313 866 4377 loeis
889 4314 975 4375 circa
996 4311 1237 4394 Hellespontum
1258 4319 1345 4374 totus
1368 4312 1430 4376 sol
1449 4333 1501 4377 cc·

156 4409 263 4464 carae
286 4409 383 4463 uetus
402 4404 511 4477 fuerit,
535 4411 568 4463 ut
590 4402 670 4465 nihil
692 4404 732 4465 de
754 4423 789 4464 eo
811 4403 978 4476 viduetur,
1000 4403 1036 4464 iu
1052 4400 1257 4464 Alexandria
1277 4422 1353 4462 nero
1367 4399 1501 4486 sem

155 4490 196 4551 de
223 4491 359 4573 quinque
382 4494 530 4572 portibus
558 4492 708 4553 diametri
735 4501 870 4574 qamtuor
898 4511 1052 4553 summum
1079 4492 1258 4570 defecerint.
1305 4491 1426 4575 Itaque
1447 4511 1502 4575 per

156 4580 233 4641 haec
254 4582 420 4661 supposito
442 4580 635 4644 deincrestrot
656 4585 691 4643 in
708 4585 814 4664 primo
833 4581 924 4654 libro,
948 4581 1032 4660 quod
1049 4580 1226 4660 cujuernodi
1241 4582 1394 4661 partium
1412 4581 1499 4645 suri·

156 4668 308 4731 diameter
333 4668 474 4732 Telluris
493 4670 633 4750 possidet
653 4693 764 4743 ururm,
791 4679 951 4732 tantorum
976 4668 1014 4730 71
1035 4671 1098 4731 sint
1125 4670 1160 4730 iu
1182 4671 1367 4733 brevissimo
1391 4672 1499 4735 mou

157 4765 186 4817 et
217 4747 357 4819 Telluris
387 4757 571 4830 interuallo,
603 4760 639 4822 ia
664 4760 844 4842 longissimo
873 4779 944 4823 uero
975 4754 1033 4820 83.
1084 4759 1239 4820 Hactenus
1269 4758 1377 4821 Theon
1389 4810 1398 4839 ‚
1430 4774 1497 4840 quae

158 4844 221 4906 sere
244 4845 348 4907 eadem
370 4856 403 4908 et
423 4845 613 4909 Cleomedes.
