3354 5504
168 205 230 320 lid
316 320 320 325 ,
437 270 443 280 ·
528 253 558 306 lu
575 206 760 491 ἱ
777 251 808 304 de
825 251 931 304 motibus
948 249 1037 301 stellas
1055 248 1145 301 llartis
1227 291 1233 309 ,

166 441 276 501 certus,
298 452 328 490 se
349 451 404 489 non
423 432 552 488 minorem
571 434 664 507 Dec·
776 436 936 503 proestare,
965 446 1046 502 quam
1067 433 1267 497 astronomum,
1297 429 1341 487 cui
1360 430 1438 487 Deus
1458 430 1513 485 hoc

165 515 254 582 dedit,
275 522 309 571 ut
327 513 426 570 mentis
447 515 525 569 oculo
546 508 730 585 perspicacius
751 512 854 577 rideat,
875 529 1000 583 quaeque
1020 510 1138 577 invenit,
1168 512 1251 583 supe'r
1269 510 1303 567 iis
1322 511 1412 568 Deum
1432 528 1512 569 suum

165 605 196 652 et
215 596 276 667 ipse
296 595 438 652 celebrare
458 594 547 665 possit
565 601 596 648 et
614 593 690 650 velit

244 676 304 740 Quo
325 675 432 730 nomine
452 673 632 738 mediocriter,
653 691 707 728 non
728 689 825 743 parum
845 688 921 736 sane,
943 670 1029 726 doeth
1043 673 1233 727 commendata
1244 687 1306 727 esse
1321 673 1405 727 debet
1417 671 1511 743 opinio

164 755 269 814 Brahei
288 758 322 811 de
343 756 431 811 iorma
449 755 553 810 mundi:
579 754 680 826 quippe
708 770 778 825 quae
805 752 920 807 mediam
941 753 1135 823 quodammodo
1156 752 1228 806 viam
1248 749 1376 808 incedens
1395 770 1434 808 ex
1454 768 1513 809 una

164 843 246 910 parte
275 843 460 900 astronomos,
490 837 580 906 quoad
609 835 669 905 ejus
698 822 772 888 deri'
786 840 897 909 potest,
931 831 1022 888 inutili
1050 839 1094 887 tot
1122 832 1308 903 epicyclorum
1336 831 1512 904 supellectile

164 919 283 981 liberat,
313 932 412 971 causas
431 922 562 982 mutuum,
583 915 728 988 ignoratas
742 914 911 977 Ptolemaeo,
933 930 994 967 cum
1009 911 1160 987 Qoperniuo
1178 913 1366 984 amplectitur;
1388 911 1515 985 physioir

164 995 398 1070 speculationibus
418 996 537 1067 aliquem
557 998 645 1051 locum
665 996 725 1058 dat,
747 994 811 1050 Sole
831 993 859 1048 in
879 1001 1002 1049 centrum
1021 993 1181 1066 systematis
1208 993 1356 1065 planetarii
1381 1001 1510 1066 receptos

164 1098 202 1136 ex
222 1078 314 1132 altera
332 1094 397 1130 vero
426 1084 506 1147 parte
536 1077 621 1148 vulgo
650 1075 823 1131 literatorum
852 1074 951 1138 servit,
976 1081 1136 1145 motumque
1157 1074 1284 1138 Telluris,
1314 1076 1384 1129 adeo
1404 1073 1535 1130 creditu'

164 1157 308 1222 difficilem,
330 1155 469 1212 eliminat:
499 1157 565 1212 licet
585 1173 634 1227 per
655 1172 716 1210 eam
742 1153 867 1209 theoriae
893 1155 1066 1226 planetarum
1085 1153 1114 1208 in
1134 1154 1322 1210 astronomicis
1342 1154 1511 1226 speculatio·

164 1239 244 1295 nibus
273 1243 303 1292 et
331 1237 607 1306 demonstrationibus
637 1235 730 1291 multis
759 1234 922 1291 intricentur
950 1234 1157 1290 difficultatibus
1187 1253 1238 1290 neo
1264 1252 1363 1306 parum
1383 1237 1512 1292 turbetur

184 1319 203 1375 h
224 1316 283 1373 sica
301 1317 437 1375 coelestis.

165 1337 337 1470 ¹”Atque
362 1398 432 1453 baec
456 1399 490 1452 de
517 1413 656 1452 sacrarum
685 1397 826 1452 literarum
855 1395 1029 1452 auctoritate.
1069 1398 1113 1451 Ad
1139 1397 1244 1468 placita
1263 1412 1328 1451 vero
1348 1372 1541 1456 Sanctcmm‘

165 1482 199 1535 de
228 1477 272 1534 his
301 1478 474 1534 curulibus
504 1495 559 1533 uno
588 1480 673 1533 verbo
692 1478 859 1547 respondeo=
889 1476 916 1531 in
948 1476 1093 1550 theologia
1120 1477 1226 1549 quidem
1247 1476 1451 1540 auctoritatum.
1482 1473 1511 1530 in

163 1557 342 1633 philosophia
360 1576 426 1614 vero
451 1558 588 1614 rationum
608 1576 669 1613 esse
696 1563 834 1613 momenta
858 1557 1044 1628 ponderanda.
1084 1557 1202 1614 Sanctus
1231 1558 1317 1631 igitur
1336 1554 1511 1620 Lactantius,

164 1639 211 1712 qui
229 1640 342 1695 Terram
363 1639 480 1712 negavit
498 1656 560 1695 esse
580 1639 737 1709 rotundam:
767 1644 880 1693 sanctus
907 1637 1093 1711 Augustinus,
1123 1639 1169 1710 qui
1188 1638 1359 1694 rotunditate
1380 1652 1513 1692 concessa

163 1718 279 1794 negavit
299 1730 392 1775 tamen
412 1720 574 1790 antipodam
602 1726 727 1774 sanctum
749 1716 872 1773 Officium
893 1718 1091 1783 hodiernorum,
1113 1719 1159 1791 qui
1179 1719 1308 1775 exilitate
1322 1717 1426 1773 Terrae
1446 1734 1511 1771 oon·

21 1766 48 1819 Ι·
163 1817 243 1857 cessa
261 1808 369 1872 negant
388 1808 480 1855 tamen
500 1799 562 1869 ejus
582 1808 692 1856 motum.
732 1804 772 1854 At
792 1798 881 1870 magis
910 1798 976 1854 mibi
1001 1807 1102 1854 sancta
1127 1801 1247 1864 veritas,
1276 1798 1321 1871 qui
1347 1799 1460 1853 Terram
1480 1803 1512 1852 et

163 1879 307 1935 rotundam
337 1889 368 1936 ct
397 1880 573 1950 antipodibus
603 1879 858 1935 circumhabitatam
887 1887 918 1934 et
946 1880 1176 1936 contemtissimae
1196 1879 1359 1951 parvitatis
1382 1895 1451 1932 esse
1480 1883 1512 1935 et

163 1960 279 2032 denique
293 1977 343 2031 per
353 1961 448 2017 sidera
462 1961 535 2026 ferri,
556 1963 635 2016 calvo
649 1962 787 2015 doctorum
802 1959 936 2014 eeclesiae
950 1958 1140 2031 respectu'ex
1153 1960 1330 2033 philosophia
1341 1961 1508 2013 demonatru.

244 2048 299 2105 Sed
319 2049 389 2104 satia
410 2052 444 2105 de
463 2051 650 2123 hypotheseos
668 2049 872 2121 Cupernicanae
892 2049 1021 2105 veritate.
1062 2051 1263 2109 Revertendum
1283 2049 1356 2104 enim
1376 2050 1412 2103 ad
1431 2045 1511 2102 insti·

165 2136 265 2194 tutum,
286 2146 377 2200 aquo
398 2130 517 2186 feceram
535 2130 642 2186 initium
662 2131 745 2201 hujus
766 2130 981 2185 introductionis.
1023 2131 1108 2204 Coepi
1128 2133 1228 2195 dicere,
1248 2149 1291 2186 rne
1312 2132 1511 2197 totamastro·

165 2209 283 2266 numiam
303 2227 357 2264 non
376 2210 576 2282 hypothesibus
595 2210 711 2276 fictitiis,
741 2211 790 2265 sed
815 2210 936 2282 physicis
957 2211 1047 2267 causis
1067 2215 1120 2269 hoc
1139 2230 1223 2283 opere
1243 2213 1369 2266 tradere:
1401 2209 1437 2262 ad
1458 2208 1512 2263 boc

164 2307 231 2353 rere
264 2289 406 2362 fastigium
438 2307 482 2346 me
511 2292 683 2347 contendisse
713 2292 817 2346 duobus
831 2283 991 2362 'gradibus3
1026 2293 1131 2357 altero,
1166 2294 1237 2365 quod
1267 2288 1527 2362 deprehenderam,¹

165 2371 193 2425 in
223 2386 336 2441 corpore
365 2370 437 2426 Solis
467 2389 628 2426 concurrere
653 2372 832 2443 'planetarum
861 2372 1043 2437 concamium,
1076 2375 1197 2446 reliquo,
1233 2374 1303 2445 quod
1338 2371 1367 2424 in
1400 2367 1512 2424 theoria

165 2449 283 2505 Telluris
304 2449 489 2506 intellexerim
509 2453 599 2508 inesse
619 2453 748 2507 circulum
769 2458 932 2523 aequantem
950 2451 1066 2524 ejusque
1080 2453 1313 2509 ecoentriuitatem
1327 2451 1511 2506 bisecandam.

164 2529 255 2602 Igitur
274 2530 319 2584 bic
338 2531 377 2586 sit
401 2533 499 2587 tertius
527 2535 644 2605 mus,
675 2535 746 2604 quod
775 2531 979 2602 comparatione
1006 2534 1136 2590 instituta
1165 2534 1253 2605 partis
1283 2531 1420 2587 secundae
1448 2546 1510 2584 cum

57 2640 62 2653 =
165 2618 266 2681 quarta
293 2611 443 2667 certissime
472 2615 687 2669 demonstratum
715 2613 780 2676 ruit,
821 2613 904 2668 etiam
934 2614 1071 2669 Martialis
1101 2615 1245 2686 aequmtis
1274 2611 1510 2667 ecoentricitatem

48 2700 52 2707 '
165 2691 340 2746 bisecandam
360 2692 498 2763 praecise,
529 2695 599 2765 quod
619 2693 746 2749 Brabeus
772 2693 818 2748 diu
846 2699 876 2747 et
896 2694 1061 2763 Copernicus
1086 2695 1197 2751 dubium
1216 2696 1375 2749 elicuerunt
1416 2691 1509 2754 Quare

164 2771 320 2839 inductione
341 2771 418 2829 iacta
437 2775 473 2828 ab
494 2775 616 2830 omnibus
637 2773 758 2846 planetis
778 2779 858 2844 parte
879 2768 965 2829 tertia
984 2793 1021 2830 ex
1042 2776 1194 2847 anticipato
1214 2777 1430 2831 demonstratum
1455 2777 1508 2836 est,

163 2851 378 2924 quandoquidem
398 2853 476 2909 solidi
497 2856 587 2919 orben,
610 2863 643 2910 ut
661 2855 787 2910 Brabeus
807 2871 845 2909 ex
870 2854 1079 2924 trajectionibus
1106 2863 1271 2912 cometarum
1300 2851 1507 2917 demonstrarit.

162 2930 232 2987 nulli
252 2939 325 2996 sunt,
345 2931 418 2989 Solis
438 2934 525 3007 igitur
545 2952 643 3005 corpus
664 2952 726 2990 esse
741 2934 842 2989 iontem
856 2935 974 2999 virtutis,
997 2952 1067 3006 quae
1082 2939 1211 3008 planetas
1226 2953 1319 2990 omnes
1333 2931 1506 3004 circumagit.

162 3013 272 3068 llcdum
291 3012 376 3068 etiam
395 3015 503 3070 delinivi
524 3015 696 3086 umentis
717 3016 814 3078 talem,
844 3021 877 3070 ut
896 3011 943 3070 Sol
963 3032 1077 3072 manens
1098 3017 1205 3089 quidem
1225 3035 1274 3073 euo
1295 3017 1369 3078 loco,
1399 3019 1508 3069 rotetur

163 3099 255 3147 tamen
274 3110 326 3147 ceu
346 3093 374 3149 in
394 3101 489 3160 torno,
517 3097 628 3151 emittat
652 3113 719 3150 vero
748 3113 785 3149 ex
805 3112 867 3149 sese
887 3096 916 3151 in
935 3098 1026 3151 mundi
1047 3097 1253 3169 amplitudinem
1272 3094 1391 3166 speciem
1412 3094 1507 3149 imma·

163 3173 292 3228 terlatam
312 3175 434 3245 corporis
455 3176 510 3241 sui,
532 3178 681 3249 analogam
703 3175 803 3245 speciei
824 3176 1025 3233 immateriatae
1046 3178 1115 3233 lucis
1136 3195 1219 3234 suae:
1249 3193 1321 3249 quae
1342 3174 1449 3245 species
1470 3174 1506 3228 ad

163 3253 328 3308 rotationem
357 3256 477 3326 eorporis
507 3257 611 3312 Sclaris
640 3263 751 3312 rotetur
777 3256 839 3325 ipsa
868 3274 974 3328 quoque
1004 3257 1093 3315 instar
1120 3257 1285 3329 rapidissimi
1313 3255 1425 3310 vorticis
1458 3271 1508 3325 per

164 3340 250 3388 totam
271 3335 361 3388 mundi
382 3336 600 3406 amplitudinem
620 3336 826 3406 transieratque
845 3352 903 3391 una
922 3354 1012 3392 secum
1033 3339 1060 3394 in
1080 3355 1179 3410 gyrum
1193 3353 1311 3409 corpora
1333 3338 1508 3407 planetarum

165 3413 273 3468 intenso
294 3415 340 3468 vel
359 3417 472 3470 remisso
492 3423 584 3487 raptu,
604 3425 687 3489 prout
707 3417 815 3470 densior
834 3418 880 3471 vel
899 3419 988 3473 rarior
1008 3420 1070 3489 ipsa
1089 3421 1208 3474 eiduxus
1229 3421 1294 3490 lege
1314 3417 1406 3472 fuerit.

243 3503 385 3575 Expedita
405 3507 536 3561 communi
557 3507 610 3561 bac
628 3506 747 3569 virtute,
768 3523 825 3576 qua
844 3523 936 3561 omnes
956 3509 1089 3579 planetae
1108 3526 1158 3563 suo
1179 3508 1293 3580 quisque
1313 3506 1414 3561 circulo
1434 3505 1509 3559 eirca

166 3584 257 3639 Solem
277 3584 458 3649 invehuntun
480 3586 677 3642 consectarium
698 3594 760 3641 erat
779 3586 846 3640 meis
867 3589 1168 3658 argumentationibus,
1195 3598 1229 3644 ut
1248 3586 1365 3659 singulis
1385 3584 1507 3657 planetia
1544 3621 1551 3636 .

166 3664 269 3736 singuli
290 3664 477 3722 tribuerentur
496 3674 630 3731 motores,
656 3666 684 3721 in
704 3665 771 3737 ipsis
791 3667 965 3736 planetarum
983 3669 1075 3740 globis
1096 3669 1261 3725 insidentes:
1283 3667 1385 3739 quippe
1405 3665 1508 3720 solidos

166 3747 245 3801 orbes
261 3744 322 3815 jam
342 3763 379 3801 ex
399 3748 538 3804 sententia
557 3748 659 3803 Brahei
680 3746 773 3816 rejeci.
812 3751 905 3818 Atque
930 3750 982 3804 boc
1008 3750 1096 3820 ipsum
1117 3767 1223 3822 quoque
1244 3756 1324 3820 purte
1345 3747 1431 3802 tertia
1450 3744 1507 3817 egi.

138 3861 140 3867 ·
240 3836 302 3889 flac
323 3837 534 3909 argumentandi
554 3836 602 3891 via
621 3835 763 3891 constituti
783 3843 901 3892 motores
922 3837 967 3892 isti
992 3838 1150 3895 incredibile
1180 3839 1254 3894 dictu
1283 3843 1415 3910 quantum
1442 3835 1509 3890 mibi
1545 3872 1551 3885 .

160 3913 265 3970 laboris
286 3916 465 3973 exhibuerint
483 3923 564 3989 parte
586 3922 695 3988 quarta,
716 3918 779 3970 dum
799 3916 945 3972 distantias
966 3920 1098 3988 planetae
1120 3921 1227 3985 escle,
1249 3921 1312 3973 dum
1326 3916 1508 3989 aequationes

161 3995 281 4050 eccentri
300 3998 417 4067 prodere
432 3997 514 4068 jussi,
534 3997 648 4052 vitiosas
671 3998 789 4068 produnt
808 4004 838 4051 et
851 4000 887 4052 ab
907 4000 1146 4056 observationibus
1159 3999 1338 4056 dissertiunt:
1360 4015 1414 4051 non
1435 3998 1508 4067 quod

161 4076 233 4130 ialao
252 4076 357 4132 luerint
376 4077 531 4143 introducti,
552 4080 600 4132 sed
621 4078 686 4149 quia
705 4077 867 4132 circulorum
887 4081 964 4150 quasi
985 4081 1106 4150 pistrinis
1127 4081 1190 4135 illos
1211 4081 1402 4151 alligaveram,
1425 4076 1508 4132 iasci-

160 4154 242 4211 natus
263 4156 390 4227 opinione
410 4157 536 4231 vulgari:
558 4159 655 4229 quibus
675 4158 716 4212 illi
737 4159 912 4228 compedibus
932 4161 997 4215 nexi
1012 4179 1081 4232 opuo
1095 4178 1172 4216 suum
1187 4162 1279 4216 iacere
1298 4176 1352 4214 non
1365 4163 1507 4229 poterant.

239 4237 298 4292 Nec
316 4237 377 4292 linis
397 4239 450 4294 trit
470 4238 644 4310 fatigationis
664 4255 741 4293 meae
763 4238 838 4309 prius
860 4257 940 4311 quam
961 4249 1088 4313 quartum
1113 4244 1149 4296 ad
1174 4242 1344 4313 hypotheses
1374 4238 1507 4312 physicas

160 4316 249 4372 struxi
270 4320 401 4389 gradum:
423 4318 642 4374 laboriosissimis
660 4319 936 4375 demonstrationibus
951 4323 1225 4395 observationumque
1239 4320 1417 4393 plurimarum
1432 4325 1507 4374 trac·

160 4397 310 4453 tadonibus
325 4399 505 4470 deprehenso,
527 4397 579 4453 iter
592 4399 723 4469 planetae
737 4398 765 4452 in
778 4401 857 4454 coelo
874 4418 1002 4457 nonense
1017 4403 1154 4468 circulum,
1176 4405 1225 4457 sed
1245 4401 1335 4456 viam
1355 4400 1505 4464 evalem.

159 4478 282 4549 perfecte
303 4479 516 4552 elliptioam.

238 4559 364 4615 Acoeesit
382 4558 538 4634 geometria
557 4558 709 4630 docuitque,
731 4560 785 4614 iter
804 4559 863 4615 tale
883 4561 963 4627 efflei,
985 4562 1007 4616 si
1028 4561 1146 4632 propriis
1159 4565 1335 4635 planetarum
1353 4558 1505 4617 motoribus

109 4708 116 4719 θ
159 4639 283 4694 laborem
302 4639 376 4697 hunc
396 4641 577 4714 asdgnemun
598 4639 715 4694 librandi
735 4657 834 4712 corpus
848 4657 926 4696 suum
940 4642 968 4696 in
982 4641 1057 4697 linea
1069 4650 1147 4700 recta
1159 4661 1254 4700 versus
1267 4645 1360 4700 Solem
1373 4647 1501 4697 extenua

159 4720 254 4792 Neque
274 4720 326 4775 boe
347 4723 449 4789 solum,
478 4722 525 4776 sed
546 4726 577 4780 et
596 4720 774 4790 aequationes
796 4721 938 4778 eccentrioi
965 4721 1062 4792 justae
1082 4731 1112 4778 et
1130 4724 1368 4782 observationibus
1389 4737 1502 4776 consen·

159 4806 260 4857 uncae
280 4800 473 4860 efficiebantur
493 4817 544 4874 per
563 4801 649 4857 talem
668 4801 852 4858 librationem.
