3354 5504
172 259 238 339 228
651 265 693 319 Da
706 262 818 320 'liodbm
836 264 930 321 Stella
945 266 1035 324 Marti

175 430 233 506 16⁰
247 436 301 506 481
320 441 359 518 ὅ,
382 444 431 507 hic
451 439 509 508 15ο
521 438 620 527 ‘wic‘
633 456 679 524 tq,
703 446 771 508 loca
795 455 821 518 (ς
844 448 1012 511 eccentrica
1034 456 1210 532 coaequata.
1247 448 1330 513 Nudi
1348 450 1399 525 (ut
1412 449 1514 528 vides)

172 533 235 593 lere
258 550 296 593 ex
319 540 421 595 centm
444 534 619 616 systematis
645 535 805 616 planetarii
828 547 899 601 sunt
925 538 1057 618 oppositi
1079 538 1110 600 in
1138 533 1242 622 16Ἰ,ο
1264 539 1302 616 ὅ,
1325 550 1362 620 tq
1383 539 1513 619 circiter,

172 619 251 700 quod
273 620 508 685 Ptolemaeus
531 623 663 699 Terram,
689 623 916 705 Oopernicus
939 635 971 688 et
994 628 1115 711 Tycha
1138 629 1259 691 Brahe
1281 637 1425 710 punctum
1439 649 1511 712 prc-

170 709 252 772 xime
275 707 377 772 Solem
400 711 548 775 dinemnt.
601 766 605 772 .

261 796 414 869 Quantum
436 799 537 864 autern
560 804 704 864 mutaturi
727 804 820 866 simus
842 804 872 866 in
896 803 943 864 his
966 803 1040 866 locis
1063 805 1221 881 nodomm,
1251 807 1300 868 ubi
1327 807 1518 888 transposita

172 887 289 951 theoria
311 886 393 955 Solis
416 891 550 953 amedio
574 890 614 952 ad
637 902 832 973 apparentem
854 900 968 955 motum
986 892 1068 956 Solis
1092 895 1287 974 aequationes
1310 896 1516 973 mutabuntur,

171 977 253 1040 inira
271 985 361 1058 parte
385 978 489 1060 quinta
509 980 636 1062 patebit

752 1164 935 1178 ..ρ-ι-

712 1325 832 1426 Caput
865 1324 972 1400 ΧΙΠ.

256 1465 459 1552 Incestipctio
481 1466 698 1532 inclinationis
719 1466 891 1552 phraartem
919 1469 1080 1553 eclipticas
1101 1477 1131 1534 et
1153 1471 1275 1534 orbitae
1296 1469 1425 1534 Mortis.

259 1592 355 1655 Nodis
380 1601 412 1657 et
439 1591 582 1654 limitibus
610 1592 756 1674 superiori
784 1593 883 1674 capite
907 1613 945 1654 ex
968 1595 1122 1660 sententia
1143 1595 1255 1657 Brahei
1279 1603 1310 1656 et
1333 1614 1402 1658 mea
1426 1616 1513 1677 quam

170 1680 304 1762 proxime
328 1682 467 1756 inventis,
489 1681 553 1761 jam
576 1681 668 1743 etiarn
691 1682 896 1762 inquirendum
920 1688 976 1756 est,
1002 1691 1146 1762 quantum
1170 1700 1238 1746 vere
1260 1684 1421 1747 inclinetur
1443 1678 1512 1766 pla-

168 1789 238 1832 num
264 1771 385 1848 orbitae
407 1770 518 1834 Martis
542 1771 582 1831 ad
602 1773 726 1851 planum
758 1765 970 1851 eclipticae.')
1015 1771 1052 1834 Id
1079 1773 1118 1834 ab
1146 1772 1219 1853 ipsis
1251 1773 1512 1836 observationibus

172 1860 317 1922 deducere
332 1881 391 1925 non
407 1861 452 1923 ita
474 1867 623 1940 promtum
636 1869 694 1921 eat.
740 1859 818 1922 Nam
841 1861 968 1940 angulus
991 1861 1195 1924 inclinationis
1214 1862 1302 1942 hujus
1317 1862 1512 1926 constituitur

169 1949 249 2030 apud
274 1960 410 2014 centrum
432 1940 608 2031 systematis
626 1949 798 2028 planetarii,
822 1950 901 2030 quod
921 1947 1124 2031 Gopernico
1148 1958 1180 2012 et
1198 1951 1363 2033 Tychoni
1385 1950 1442 2015 Sol
1456 1961 1511 2016 est

256 2039 301 2101 At
323 2041 408 2102 visus
431 2039 461 2100 in
484 2036 587 2100 Solem
611 2058 758 2119 nunquam
792 2039 952 2113 inducitur,
986 2048 1020 2100 nt
1042 2059 1079 2101 ex
1102 2058 1138 2102 eo
1166 2041 1240 2102 baec
1272 2040 1427 2107 inclinatio
1459 2041 1513 2105 sib

167 2127 235 2190 fixis
267 2127 363 2191 videri
387 2136 418 2190 et
441 2125 607 2189 mensurari
638 2128 747 2207 possit.
792 2128 840 2189 Ex
868 2127 927 2189 alio
959 2147 1030 2190 vero
1063 2128 1128 2191 loco
1161 2130 1287 2210 (angulo
1319 2129 1412 2192 etiam
1439 2122 1531 2207 ‚eliel

168 2218 354 2297 spectabitur
376 2217 508 2280 maxima
538 2215 684 2296 digressio
715 2217 817 2279 limitis
841 2217 879 2278 ab
904 2216 1051 2296 ecliptica
1097 2219 1132 2281 lu
1155 2217 1391 2281 Ptolemaica
1418 2218 1537 2313 semp.

166 2306 262 2368 videri
284 2307 386 2388 possit
408 2305 584 2388 expeditior,
601 2306 694 2379 ratio,
724 2307 777 2367 sed
801 2325 859 2369 non
885 2312 942 2367 est.
988 2306 1068 2368 Nam
1092 2307 1359 2383 demonstrabitur,
1387 2306 1548 2393 planulel

168 2395 293 2477 epicycli
316 2415 437 2459 manere
465 2402 610 2475 perpetuo
641 2395 806 2475 parallelon
829 2395 919 2475 plano
952 2395 1119 2475 eclipticae.
1165 2397 1247 2460 Pone
1277 2416 1349 2477 ergo
1378 2400 1534 2481 canunt,v

165 2484 248 2565 plani
272 2485 399 2568 epicycli
421 2485 451 2547 in
476 2484 569 2546 limite
602 2484 766 2559 alterutro,
800 2484 842 2546 sit
864 2484 988 2564 planeta
1010 2483 1040 2546 in
1070 2485 1174 2546 eadem
1206 2486 1285 2548 linea
1317 2485 1522 2567 longitndifflj

62 2588 64 2594 ·
167 2593 205 2636 ex
227 2583 330 2638 centro
353 2576 436 2637 visus
460 2593 514 2656 per
528 2582 661 2635 centrum
685 2574 827 2656 epicycli:
851 2573 899 2634 vel
914 2573 973 2635 erit
995 2573 1138 2636 remotior
1151 2594 1171 2636 a
1185 2575 1251 2636 visu
1265 2594 1353 2657 qnam
1376 2568 1552 2641 centra-'²'

168 2662 304 2745 epicycli,
328 2664 426 2726 etsie
450 2662 598 2725 distantia
621 2662 685 2742 ejus
709 2663 747 2723 ab
771 2662 909 2742 ecliptica
940 2663 1036 2724 minor
1063 2665 1222 2743 apparebit
1248 2683 1336 2745 quam
1366 2661 1513 2729 distantis
1545 2688 1552 2709 ·

147 2753 265 2815 ,centri
287 2754 413 2836 epicycli
436 2752 474 2814 ab
498 2753 603 2813 eadem
628 2751 786 2831 ecliptica3
815 2751 863 2813 vel
886 2751 945 2813 erit
967 2752 1091 2832 propior,
1114 2753 1191 2816 visrd
1215 2761 1247 2815 et
1268 2755 1312 2816 sic
1335 2753 1436 2835 major
1454 2772 1510 2839 ap-
1539 2734 1552 2819 ς’

165 2842 285 2922 parebit
307 2862 343 2904 eo
367 2842 446 2923 quod
469 2841 647 2922 quaerimus.

104 2992 106 2996 .
256 2933 291 2994 In
315 2932 373 2994 hac
397 2929 575 2993 difficultate
604 2929 720 2991 solatur
742 2948 798 2990 nos
820 2928 876 2990 hoc
900 2926 1032 3002 unicum,
1061 2928 1207 3010 quodid,
1236 2930 1322 3011 cujus
1344 2949 1442 2995 cansa
1461 2931 1508 2994 in·

165 3020 357 3084 clinationem
378 3020 459 3082 inter
481 3019 628 3100 principia
651 3017 829 3099 quaerimus,
853 3036 913 3080 nou
932 3024 980 3078 est
994 3018 1065 3093 tale,
1091 3027 1125 3080 nt
1142 3037 1287 3081 summam
1309 3019 1508 3084 subtilitatem

166 3110 327 3173 desideret.
366 3108 487 3172 Licebit
509 3107 601 3188 igitur
623 3107 709 3169 nobis
732 3107 777 3169 nti
799 3107 897 3169 modis
915 3106 962 3175 iis,
986 3108 1036 3186 qni
1056 3107 1093 3169 de
1112 3107 1314 3171 inclinationis
1337 3110 1506 3190 quantitate

167 3199 370 3262 testimonium
394 3197 509 3259 eminus
532 3195 710 3277 perhibent:
735 3214 858 3277 quorum
881 3205 943 3257 tres
966 3214 1120 3276 ponemus.
1165 3250 1170 3261 .

250 3289 392 3370 Apparet
414 3295 515 3348 autem
537 3305 575 3348 ex
593 3286 657 3366 jam
680 3284 786 3356 dictis,
819 3293 890 3347 tnnc
912 3303 967 3346 nos
990 3284 1156 3349 rectissime
1180 3285 1314 3366 adjutum
1336 3287 1383 3362 iri,
1408 3286 1436 3350 si
1454 3287 1506 3350 cb·

163 3378 365 3441 servationem
388 3376 597 3439 nanciscamur
613 3374 723 3436 Martis
743 3374 782 3437 ad
800 3374 861 3436 tale
880 3383 1069 3450 momentum,
1088 3375 1138 3437 ubi
1153 3375 1237 3438 Mars
1256 3375 1426 3456 aequaliter
1441 3384 1508 3439 eta

163 3465 258 3528 Terra
283 3475 315 3528 et
337 3486 357 3526 a
380 3464 452 3528 Sole
485 3464 637 3526 absistens
670 3463 750 3524 linea
778 3483 815 3525 ex
838 3461 910 3524 Sole
937 3481 991 3542 per
1020 3483 1053 3524 se
1077 3462 1169 3527 dueta
1190 3465 1220 3527 in
1247 3460 1306 3528 16ο
1327 3462 1507 3543 calwe

163 3555 211 3616 vel
235 3570 282 3616 m
306 3556 389 3629 (loca
411 3553 553 3628 limitum)
576 3552 744 3615 referatur:
774 3551 804 3614 in
828 3553 924 3614 forma
945 3553 1146 3629 Ptolemaica,
1170 3554 1230 3629 ubi,
1254 3562 1357 3617 centro
1381 3552 1506 3638 epicycli

163 3644 193 3706 iu
220 3640 286 3717 16⁰,
318 3641 424 3720 17οῼ
452 3642 500 3704 vel
522 3659 570 3702 aa
597 3649 756 3725 ¹versante,
784 3643 867 3704 Mars
899 3643 1066 3721 aequaliter
1096 3662 1162 3706 cnm
1194 3650 1297 3706 centro
1329 3643 1507 3727 epicyclie

163 3733 258 3797 Terra
281 3734 370 3796 absit.
417 3733 451 3796 In
476 3730 541 3793 solo
564 3730 713 3793 Mercurio
737 3730 793 3793 hoc
815 3730 972 3813 problema
994 3732 1090 3794 locum
1113 3751 1172 3794 non
1195 3732 1329 3795 babebit.

253 3821 302 3885 Sit
323 3823 350 3885 B
374 3829 439 3896 (dig.
460 3827 506 3892 tt)
530 3819 601 3894 Sol,
629 3821 659 3883 A
683 3821 795 3882 Terra:
829 3820 1030 3882 constituatur
1059 3818 1227 3901 super'AB
1245 3823 1390 3886 isosceles
1413 3822 1506 3898 Aen,

163 3918 195 3974 et
217 3911 259 3974 sit
280 3913 420 3992 planetae
443 3911 528 3974 locus
552 3909 587 3984 C,
611 3916 752 3989 punctum
776 3908 930 3990 eclipticas
952 3910 1053 3990 plani:
1082 3917 1241 3992 erectaque
1259 3911 1506 3994 perpendiculari

164 3998 217 4063 ΟΕ
240 4000 270 4061 in
294 4001 422 4063 orbitam
446 4008 486 4075 (ς,
511 4018 617 4079 corpus
642 4007 667 4068 d
690 3997 719 4060 in
742 3998 769 4060 Ε
792 3997 843 4061 sit.
890 3998 1069 4079 Aequaliter
1095 3999 1188 4080 igitur
1216 4000 1377 4082 apparebit
1397 4001 1455 4068 EG
1475 4010 1506 4066 et

163 4109 201 4152 ex
222 4089 249 4151 B
273 4088 344 4153 Sole
368 4097 400 4152 et
423 4109 460 4151 ex
482 4091 513 4151 A
536 4088 647 4150 Terra:
672 4106 726 4167 per
749 4107 782 4151 se
805 4093 924 4169 patet..

250 4228 276 4299 *)
298 4233 443 4289 Inclinatio
465 4240 494 4287 et
514 4233 633 4288 latitudo
655 4230 812 4287 differenter
832 4231 1035 4305 intelligantur.

249 4313 395 4369 Inclinatio
416 4316 449 4367 de
464 4315 567 4385 angulo
582 4317 617 4368 ad
630 4314 722 4369 Solem
740 4314 785 4367 rel
806 4318 928 4367 centrum
948 4312 1106 4385 systematis
1127 4313 1285 4384 planetarii,
1308 4330 1392 4387 quern
1404 4312 1503 4391 (iaper-

160 4395 222 4450 nico
243 4395 350 4449 faciunt
374 4395 466 4449 lineae
487 4393 514 4447 in
541 4411 638 4464 corpus
660 4400 684 4463 ὁ
707 4399 737 4448 et
765 4395 854 4449 locum
880 4394 940 4463 ejus
971 4393 1126 4464 eclipticum
1156 4393 1273 4462 ejectae.
1315 4396 1450 4455 Larisum
1469 4396 1505 4455 sii
1547 4392 1552 4411 ⁸

162 4476 290 4549 angulus,
313 4493 366 4546 quo
388 4475 529 4546 quaelibet
550 4474 691 4530 inclinatio
712 4493 750 4529 ex
771 4477 857 4530 Terra
877 4481 1028 4544 spectatur.
1475 4548 1494 4553 ‚.

248 4557 281 4610 In
299 4556 460 4611 Ptolemaeo
480 4554 622 4609 inclinatio
643 4563 688 4610 cst
707 4557 828 4627 angulus
847 4562 985 4610 rectarum
1006 4574 1042 4612 ex
1058 4548 1149 4611 ¹Terra
1167 4572 1219 4627 per
1243 4561 1368 4614 cantuum
1387 4558 1502 4633 epicycli

160 4643 190 4692 et
213 4653 264 4708 per
288 4637 385 4690 locum¹
407 4637 467 4706 ejus
492 4635 521 4688 in
545 4635 674 4704 ecliptica
702 4636 860 4705 ejactamnr.
901 4636 1030 4692 Latitudo
1058 4642 1103 4692 cst
1129 4638 1259 4710 angulus,
1290 4646 1373 4708 queen
1400 4639 1503 4697 insint

160 4724 255 4774 rectae
275 4735 312 4773 ex
333 4722 428 4771 cantro
450 4719 565 4779 Terrae,
586 4716 677 4773 alera
694 4734 746 4789 per
765 4733 863 4791 corpus
883 4717 1030 4788 planetae,
1056 4718 1149 4774 altera
1168 4735 1219 4790 per
1237 4719 1342 4787 locam,
1363 4721 1412 4793 qui
1423 4718 1458 4781 ,ci
1472 4719 1502 4778 iu

161 4797 291 4871 ecliptica
309 4798 467 4869 respondet,
489 4795 591 4867 qjeota.
675 4870 686 4884 ,
