3354 5504
535 299 596 352 um
613 300 707 351 nerea
744 297 825 366 cmc
841 298 932 354 xxm.
1341 301 1405 368 273

59 483 122 552 est,
146 475 385 539 dimidiationem
407 477 642 543 eccentricitatis
669 478 698 540 in
722 479 840 540 theoria
862 478 945 541 Solis
969 480 1083 554 valere,
1108 499 1183 561 quae
1207 481 1290 561 prius
1313 483 1405 545 etiam

58 566 159 646 capite
181 567 271 630 xlx.
297 573 329 628 et
349 568 422 630 XX.
456 566 486 628 in
510 568 676 630 eccentrico
700 567 810 630 Martis
838 569 984 630 valuerat.
1030 569 1108 631 Nam
1137 570 1364 633 observationes
1388 595 1407 633 a

58 675 104 717 me
140 655 293 717 adhibitae
325 676 384 717 non
416 664 486 718 sunt
516 657 609 718 adeo'
624 657 817 738 scrupulosae
850 658 988 738 (propter
1017 659 1125 738 longas
1155 659 1348 722 deductiones
1377 671 1407 722 et

60 744 285 826 usurpationem
317 745 415 807 diurni
447 745 657 821 controversi),
688 755 722 807 ιιι
753 746 789 806 de
830 744 871 809 45
904 746 1061 826 particulis
1093 747 1207 809 centies
1239 748 1406 812 millesimis

59 834 134 896 certi
163 832 236 915 quid
258 834 381 896 definire
410 835 545 914 possint:
580 844 614 897 ut
641 844 757 897 taceam
787 837 1028 915 praecessionem
1054 837 1198 917 temporis
1227 837 1407 914 intermedii,

57 923 230 1003 neglectam
252 923 283 985 in
305 930 389 985 motu
411 925 577 987 eccentrlco
600 925 711 986 Martis
734 932 765 985 et
788 923 880 986 Solis.

147 1010 235 1084 Quae
257 1012 306 1073 hic
330 1012 367 1073 de
390 1012 514 1075 circuitu
529 1013 659 1076 Telluris
679 1014 886 1075 demonstrata
909 1022 986 1088 suut,
1012 1013 1102 1075 simili
1125 1013 1214 1094 plane
1237 1014 1354 1076 ratione
1377 1024 1409 1078 et

60 1102 93 1163 de
122 1101 261 1184 epicyclo
282 1101 467 1163 Ptolemaico
496 1110 527 1164 et
554 1102 590 1162 de
620 1103 792 1184 'tychonius
820 1103 973 1166 deferente
1005 1103 1179 1184 systematis
1208 1103 1408 1166 demonstrari

60 1200 205 1271 possunt3
236 1191 443 1253 tantummodo
466 1199 501 1253 ut
522 1192 553 1253 iu
577 1192 729 1255 schemate
758 1191 880 1271 apsides
903 1193 934 1253 in
957 1192 1125 1254 contrarias
1155 1200 1257 1273 partes
1281 1212 1409 1256 conver-

59 1288 169 1342 tantur.
218 1280 369 1360 Supposui
392 1288 492 1342 autem
515 1281 563 1342 hic
587 1289 619 1342 et
641 1298 806 1361 apogaeum
830 1282 912 1344 Solis
936 1302 955 1344 a
977 1281 1206 1362 Tychoue‘loco
1225 1283 1309 1361 justo
1333 1302 1408 1344 cou-

61 1369 198 1432 stitutum
221 1377 254 1431 et
275 1369 403 1432 orbitam
427 1370 509 1433 Solis
533 1371 602 1442 (seu
625 1372 766 1444 Terrae),
791 1389 879 1450 quam
902 1390 1025 1450 corpore
1048 1378 1199 1450 peragrat,
1224 1371 1355 1459 ordinari
1378 1373 1408 1434 in
1503 1422 1506 1432 .

62 1458 179 1521 circulo.
226 1459 274 1521 Dc
306 1478 364 1539 qno
398 1459 457 1520 etsi
489 1459 629 1537 analogia
662 1460 701 1521 ad
736 1458 875 1539 planetas
906 1468 1023 1521 ceteros
1059 1460 1211 1521 diversum
1246 1461 1408 1522 testabitur

62 1547 366 1700 isgmidiiaumv’
396 1548 517 1611 exilitas
541 1556 640 1611 tamen
659 1549 794 1610 deflexus
816 1549 906 1629 plane
924 1549 997 1610 nihil
1021 1555 1142 1611 nostrae
1159 1548 1408 1611 demonstrationi

461 2102 465 2111 -
589 2046 709 2146 Caput
734 2044 875 2121 XXIV.

133 2209 327 2275 ffldeatior
344 2207 502 2291 petaso,
525 2204 701 2290 epicyelam
722 2226 777 2269 sca
799 2206 904 2268 orbem
927 2226 1069 2270 canaam
1090 2227 1157 2270 esse
1179 2228 1201 2270 a
1220 2214 1335 2303 puncto

516 2294 719 2378 mortalitatis
741 2295 954 2358 eccent‘icum.

144 2443 233 2505 Haeo
256 2439 348 2520 igitur
370 2438 457 2502 initia
479 2440 599 2501 fuerunt
620 2437 708 2516 hujus
731 2435 942 2518 inquisitionis,
967 2435 1073 2499 timida
1095 2437 1149 2499 illa
1169 2445 1200 2498 et
1223 2446 1286 2499 tam
1308 2438 1411 2499 multis

64 2531 252 2595 cantionibus
276 2548 412 2609 operosa,
436 2537 471 2591 ut
492 2528 628 2609 aequalis
649 2526 810 2589 haberetur
824 2545 862 2587 ex
885 2533 1009 2607 utroque
1033 2529 1128 2590 latere
1151 2528 1304 2589 anomalia
1326 2548 1411 2589 com-

63 2618 248 2684 mutationis

145 2711 220 2774 Jam
251 2715 410 2788 postquam
442 2705 534 2768 semel
566 2705 654 2785 hujus
681 2704 724 2765 rei
751 2702 916 2785 periculum
947 2704 1088 2779 fecimus,
1120 2705 1248 2767 audacia
1276 2706 1412 2768 subvecti

61 2819 151 2881 porro
173 2797 331 2861 liberiores
358 2813 425 2857 csse
456 2795 487 2856 in
517 2795 574 2856 hoc
602 2813 708 2874 eampo
735 2793 919 2873 incipiemus.
966 2793 1044 2855 Nam
1074 2795 1246 2875 conquiram
1273 2795 1333 2856 tria
1361 2795 1410 2856 vel

62 2898 252 2970 quotcunque
270 2885 338 2947 loca
353 2884 420 2946 visa
434 2883 555 2958 Martis,
578 2883 702 2963 planeta
725 2901 842 2963 semper
857 2883 960 2943 eodem
984 2882 1143 2945 eccentrici
1167 2884 1231 2946 loco
1251 2891 1410 2947 versante:

62 2975 217 3040 etesiis
240 2974 306 3055 lege
329 2973 547 3053 triangulorum
575 2973 723 3054 inquiram
752 2972 879 3034 totidem
900 2979 1077 3052 punctorum
1100 2972 1225 3055 epicycli
1254 2974 1302 3035 vel
1331 2973 1412 3035 orbis

61 3066 153 3129 annui
179 3062 345 3126 distantias
374 3083 393 3123 a
420 3070 532 3142 puncto
562 3061 755 3143 aequalitatis
786 3069 894 3123 motus.
939 3060 987 3122 Ac
1016 3080 1082 3123 cnm
1105 3080 1143 3123 ex
1165 3061 1262 3124 tribus
1292 3061 1413 3142 punctis

61 3155 194 3218 circnlm
217 3151 414 3224 describatur,
437 3170 476 3213 ex
497 3150 586 3213 trinis
609 3149 701 3231 igitur
724 3150 893 3231 hujusmodi
912 3150 1172 3215 observationibus
1196 3151 1287 3213 situm
1310 3150 1413 3213 circuli

62 3245 189 3327 ejusque
204 3242 334 3322 augium,
359 3242 438 3323 quod
459 3241 544 3323 prius
560 3259 598 3302 ex
611 3239 842 3320 praesupposito
856 3258 1079 3320 usurpaveram,
1105 3248 1136 3302 et
1158 3239 1412 3302 eccentricitatem

61 3339 215 3418 apuncto
238 3329 431 3412 aequalitatis
454 3330 609 3413 inquiram.
650 3328 768 3400 Quodsi
799 3337 905 3411 quarta
929 3328 1100 3392 observatio
1123 3329 1262 3406 accedet,
1295 3349 1333 3390 ea
1354 3328 1413 3391 erit

60 3423 126 3487 loco
150 3419 352 3503 probationis.
1437 3464 1440 3468 ,

149 3508 309 3574 Primum
341 3514 483 3586 tempus
515 3515 582 3569 esto
615 3524 692 3567 anno
719 3501 813 3570 1590.
845 3506 873 3568 d.
898 3505 928 3569 5.
952 3506 1056 3569 Martii
1086 3506 1204 3586 vesperi
1235 3503 1409 3581 11.7.10’,

62 3622 95 3665 eo
118 3599 204 3682 quod
226 3605 299 3660 tuuc
321 3597 405 3659 Mars
430 3595 587 3658 latitudine
610 3614 685 3675 pene
709 3595 823 3669 caruit,
858 3614 896 3656 ne
920 3596 986 3676 quis
1017 3595 1219 3677 impertinenti
1242 3593 1411 3674 suspicione

63 3692 98 3755 ob
122 3689 216 3771 hujus
240 3685 503 3767 implicationem
494 3705 525 3747 un
547 3683 739 3765 percipienda
762 3685 1017 3749 demonstratione
1040 3684 1227 3764 impediatur.
1268 3683 1410 3762 Respon-

62 3782 135 3844 dent
157 3783 312 3840 momenta
329 3775 413 3848 haee,
438 3774 543 3855 quibus
566 3775 650 3837 Mars
674 3773 712 3835 ad
736 3773 813 3834 idem
837 3773 959 3835 fixarum
984 3781 1123 3854 punctum
1138 3773 1232 3835 rodit:
1255 3774 1297 3836 A.
1315 3769 1410 3837 1592.

62 3866 170 3932 1,.21
195 3864 267 3929 Jan.
291 3858 462 3938 1ι,6,41’;
487 3883 515 3925 a
543 3861 637 3928 1593
663 3862 692 3925 d
716 3861 834 3926 8..Dec
859 3859 1026 3940 h..dl2¹;
1051 3883 1078 3924 a
1106 3858 1199 3926 1595
1224 3859 1410 3927 d...2iiOct

62 3959 89 4022 h.
104 3957 138 4023 5.
154 3951 223 4020 Μ’.
260 3953 376 4034 Estque
399 3952 555 4032 longitudo
579 3951 688 4015 Martis
711 3950 806 4031 primo
831 3960 965 4032 tempore
989 3972 1027 4014 ex
1049 3951 1197 4034 Tychouis
1220 3952 1411 4015 restitutione

65 4047 91 4111 1·
118 4040 162 4111 4⁰
184 4039 241 4107 38¹
263 4039 350 4107 50‘1:
382 4042 577 4122 sequentibus
606 4041 789 4122 temporibus
822 4042 914 4104 toties
945 4061 1000 4121 per
1034 4039 1062 4105 1⁴
1086 4038 1151 4105 36”
1182 4041 1307 4103 auctior.
1352 4042 1411 4103 Hie

63 4137 142 4199 enim
167 4141 218 4196 est
239 4140 338 4195 motus
359 4131 580 4212 praecessionis
599 4149 765 4210 congruens
788 4131 916 4212 tempori
939 4131 1089 4211 periodico
1103 4130 1187 4192 nnius
1210 4131 1409 4214 restitutionis

63 4223 182 4288 Martis.
230 4219 365 4302 Cumque
388 4221 490 4303 Tycha
523 4238 687 4301 apogaeum
718 4229 809 4300 ponat
838 4221 866 4281 in
890 4213 1051 4304 231111,
1084 4220 1224 4300 aequatio
1254 4220 1320 4299 ojus
1351 4219 1409 4280 erit

67 4313 124 4380 11⁰
152 4308 205 4376 ld‘
228 4307 314 4375 55”.
337 4318 497 4391 propterea
518 4310 673 4460 loqgitudo
696 4317 863 4391 coaequata
890 4328 967 4370 auno
995 4307 1086 4374 1590.
1115 4306 1145 4370 1·
1173 4306 1232 4373 15ο
1255 4306 1308 4373 53·
1330 4304 1406 4372 tet

150 4400 268 4463 Eodem
291 4418 362 4462 vero
385 4409 517 4479 tempore
541 4419 557 4461 e
597 4399 790 4461 commutatio
814 4418 867 4461 seu
889 4398 1059 4462 differentia
1086 4399 1175 4461 medii
1202 4408 1301 4485 mqtus
1325 4397 1407 4459 Solis

61 4490 205 4556 emedio
227 4489 337 4552 Martis
361 4489 511 4568 colligitur
536 4488 586 4552 19·
618 4484 674 4551 180
696 4485 746 4552 19·
764 4483 848 4552 561‘:
873 4498 1039 4569 coaequata
1062 4509 1129 4557 seu
1138 4470 1306 4551 differsitia
1327 4487 1407 4549 inter

63 4583 197 4647 medium
211 4577 294 4642 Solis
316 4587 348 4640 et
369 4577 479 4640 Martis
502 4586 697 4658 coaequatum
721 4576 917 4640 eccentrieum
943 4576 994 4641 19·
1022 4577 1060 4642 7⁰
1081 4577 1114 4642 5¹
1141 4577 1189 4640 11¹.

154 4668 289 4733 Primum
310 4668 416 4731 haec
408 4687 438 4729 ru
469 4667 564 4730 forma
587 4666 857 4746 Capernioana
866 4673 901 4728 ut
923 4668 1095 4749 simpliciori
1118 4668 1157 4729 ad
1184 4685 1302 4730 sensum
1333 4684 1405 4746 pro-

83 4778 221 4825 onemus.

61 4783 81 4844 p
154 4848 205 4914 Sit
225 4871 249 4910 a
274 4852 341 4921 (mg.
361 4849 407 4918 71)
429 4851 569 4928 punctum
594 4844 788 4926 aequalitatis
810 4844 951 4910 onouitus
974 4846 1100 4924 Terrae,
1124 4843 1174 4930 qni
1196 4849 1316 4926 putetur
1338 4862 1405 4909 esse

116 4955 297 5009 ιηιοιιομιι
318 4954 353 4995 aa
1163 4948 1197 5003 tt
