<?xml version="1.0" encoding="UTF-8"?>
<!DOCTYPE html PUBLIC "-//W3C//DTD XHTML 1.0 Transitional//EN"
    "http://www.w3.org/TR/xhtml1/DTD/xhtml1-transitional.dtd">
<html xmlns="http://www.w3.org/1999/xhtml" xml:lang="en" lang="en">
 <head>
  <title>
</title>
<meta http-equiv="Content-Type" content="text/html;charset=utf-8" />
  <meta name='ocr-system' content='tesseract 3.04.00' />
  <meta name='ocr-capabilities' content='ocr_page ocr_carea ocr_par ocr_line ocrx_word'/>
</head>
<body>
  <div class='ocr_page' id='page_1' title='image "./joanniskepleria14frisgoog_0536.png"; bbox 0 0 3354 5504; ppageno 0'>
   <div class='ocr_carea' id='block_1_1' title="bbox 195 286 1068 411">
    <p class='ocr_par' dir='ltr' id='par_1_1' title="bbox 195 286 1068 411">
     <span class='ocr_line' id='line_1_1' title="bbox 195 286 1068 411; baseline 0.002 -49"><span class='ocrx_word' id='word_1_1' title='bbox 195 286 261 362; x_wconf 80' lang='grc'><strong>636</strong></span> <span class='ocrx_word' id='word_1_2' title='bbox 775 289 951 411; x_wconf 60' lang='grc' dir='ltr'>Ι1066166166·</span> <span class='ocrx_word' id='word_1_3' title='bbox 1060 378 1068 393; x_wconf 92' lang='lat'><strong>.</strong></span> 
     </span>
    </p>
   </div>
   <div class='ocr_carea' id='block_1_2' title="bbox 80 654 1543 4935">
    <p class='ocr_par' dir='ltr' id='par_1_2' title="bbox 80 654 1543 4935">
     <span class='ocr_line' id='line_1_2' title="bbox 198 654 1543 735; baseline 0 -21"><span class='ocrx_word' id='word_1_4' title='bbox 198 655 266 718; x_wconf 85' lang='lat' dir='ltr'>vide</span> <span class='ocrx_word' id='word_1_5' title='bbox 295 654 485 733; x_wconf 72' lang='lat' dir='ltr'>problemata</span> <span class='ocrx_word' id='word_1_6' title='bbox 516 655 729 733; x_wconf 76' lang='lat' dir='ltr'>praecedentia</span> <span class='ocrx_word' id='word_1_7' title='bbox 751 655 826 735; x_wconf 83' lang='lat' dir='ltr'>eju¹</span> <span class='ocrx_word' id='word_1_8' title='bbox 881 654 919 716; x_wconf 91' lang='lat' dir='ltr'>&#39;i.</span> <span class='ocrx_word' id='word_1_9' title='bbox 966 656 1075 717; x_wconf 87' lang='lat' dir='ltr'>Modus</span> <span class='ocrx_word' id='word_1_10' title='bbox 1098 656 1216 735; x_wconf 90' lang='lat' dir='ltr'>quidem</span> <span class='ocrx_word' id='word_1_11' title='bbox 1241 655 1285 717; x_wconf 91' lang='lat' dir='ltr'>sic</span> <span class='ocrx_word' id='word_1_12' title='bbox 1309 654 1439 716; x_wconf 90' lang='lat' dir='ltr'>medium</span> <span class='ocrx_word' id='word_1_13' title='bbox 1463 660 1543 716; x_wconf 89' lang='lat' dir='ltr'>tenet</span> 
     </span>
     <span class='ocr_line' id='line_1_3' title="bbox 195 734 1543 825; baseline -0.004 -16"><span class='ocrx_word' id='word_1_14' title='bbox 195 745 275 809; x_wconf 86' lang='lat' dir='ltr'>inter</span> <span class='ocrx_word' id='word_1_15' title='bbox 298 742 429 822; x_wconf 90' lang='lat' dir='ltr'>opticam</span> <span class='ocrx_word' id='word_1_16' title='bbox 452 751 483 803; x_wconf 88' lang='lat' dir='ltr'>et</span> <span class='ocrx_word' id='word_1_17' title='bbox 506 743 735 813; x_wconf 84' lang='lat' dir='ltr'>astronomiam,</span> <span class='ocrx_word' id='word_1_18' title='bbox 770 734 828 825; x_wconf 41' lang='lat' dir='ltr'>uti,</span> <span class='ocrx_word' id='word_1_19' title='bbox 879 745 956 818; x_wconf 86' lang='lat' dir='ltr'>cias,</span> <span class='ocrx_word' id='word_1_20' title='bbox 988 745 1026 806; x_wconf 86' lang='lat' dir='ltr'>ad</span> <span class='ocrx_word' id='word_1_21' title='bbox 1050 755 1147 806; x_wconf 86' lang='lat' dir='ltr'>utram</span> <span class='ocrx_word' id='word_1_22' title='bbox 1171 744 1327 807; x_wconf 86' lang='lat' dir='ltr'>scientiam</span> <span class='ocrx_word' id='word_1_23' title='bbox 1352 744 1455 825; x_wconf 89' lang='lat' dir='ltr'>potius</span> <span class='ocrx_word' id='word_1_24' title='bbox 1479 761 1543 804; x_wconf 87' lang='lat' dir='ltr'>eum</span> 
     </span>
     <span class='ocr_line' id='line_1_4' title="bbox 197 831 1542 915; baseline -0.003 -19"><span class='ocrx_word' id='word_1_25' title='bbox 197 837 321 896; x_wconf 85' lang='lat' dir='ltr'>rel&#39;eras.</span> <span class='ocrx_word' id='word_1_26' title='bbox 385 833 491 912; x_wconf 91' lang='lat' dir='ltr'>Itaque</span> <span class='ocrx_word' id='word_1_27' title='bbox 528 833 642 911; x_wconf 87' lang='lat' dir='ltr'>passim</span> <span class='ocrx_word' id='word_1_28' title='bbox 671 834 699 894; x_wconf 90' lang='lat' dir='ltr'>in</span> <span class='ocrx_word' id='word_1_29' title='bbox 730 833 781 893; x_wconf 93' lang='lat' dir='ltr'>illo</span> <span class='ocrx_word' id='word_1_30' title='bbox 824 833 886 895; x_wconf 92' lang='lat' dir='ltr'>ibro</span> <span class='ocrx_word' id='word_1_31' title='bbox 915 835 1081 915; x_wconf 86' lang='lat' dir='ltr'>nuncupavi</span> <span class='ocrx_word' id='word_1_32' title='bbox 1111 833 1204 910; x_wconf 91' lang='lat' dir='ltr'>hunc,</span> <span class='ocrx_word' id='word_1_33' title='bbox 1238 852 1325 915; x_wconf 90' lang='lat' dir='ltr'>quem</span> <span class='ocrx_word' id='word_1_34' title='bbox 1358 834 1406 895; x_wconf 92' lang='lat' dir='ltr'>hic</span> <span class='ocrx_word' id='word_1_35' title='bbox 1435 831 1542 905; x_wconf 82' lang='lat' dir='ltr'>scribo,</span> 
     </span>
     <span class='ocr_line' id='line_1_5' title="bbox 196 922 1542 1004; baseline 0 -21"><span class='ocrx_word' id='word_1_36' title='bbox 196 936 312 1002; x_wconf 87' lang='lat' dir='ltr'>partem</span> <span class='ocrx_word' id='word_1_37' title='bbox 336 922 497 983; x_wconf 86' lang='lat' dir='ltr'>secundam</span> <span class='ocrx_word' id='word_1_38' title='bbox 519 922 609 996; x_wconf 87' lang='lat' dir='ltr'>illius,</span> <span class='ocrx_word' id='word_1_39' title='bbox 635 923 782 985; x_wconf 89' lang='lat' dir='ltr'>interdum</span> <span class='ocrx_word' id='word_1_40' title='bbox 807 923 1016 1004; x_wconf 80' lang='lat' dir='ltr'>appendicem:</span> <span class='ocrx_word' id='word_1_41' title='bbox 1051 942 1116 985; x_wconf 93' lang='lat' dir='ltr'>cum</span> <span class='ocrx_word' id='word_1_42' title='bbox 1140 923 1190 984; x_wconf 91' lang='lat' dir='ltr'>ille</span> <span class='ocrx_word' id='word_1_43' title='bbox 1214 924 1316 1004; x_wconf 91' lang='lat' dir='ltr'>potius</span> <span class='ocrx_word' id='word_1_44' title='bbox 1339 922 1430 1003; x_wconf 76' lang='lat' dir='ltr'>huius</span> <span class='ocrx_word' id='word_1_45' title='bbox 1453 940 1542 1003; x_wconf 79' lang='lat' dir='ltr'>pree·</span> 
     </span>
     <span class='ocr_line' id='line_1_6' title="bbox 163 1010 574 1074; baseline -0.007 1"><span class='ocrx_word' id='word_1_46' title='bbox 163 1040 166 1044; x_wconf 92' lang='lat'>·</span> <span class='ocrx_word' id='word_1_47' title='bbox 194 1012 344 1074; x_wconf 74' lang='lat' dir='ltr'>embolum</span> <span class='ocrx_word' id='word_1_48' title='bbox 374 1010 432 1072; x_wconf 88' lang='lat' dir='ltr'>dici</span> <span class='ocrx_word' id='word_1_49' title='bbox 455 1011 574 1072; x_wconf 87' lang='lat' dir='ltr'>debeat.</span> 
     </span>
     <span class='ocr_line' id='line_1_7' title="bbox 283 1098 1541 1181; baseline -0.002 -20"><span class='ocrx_word' id='word_1_50' title='bbox 283 1099 340 1161; x_wconf 89' lang='lat' dir='ltr'>llis</span> <span class='ocrx_word' id='word_1_51' title='bbox 376 1111 503 1181; x_wconf 87' lang='lat' dir='ltr'>quatuor</span> <span class='ocrx_word' id='word_1_52' title='bbox 530 1101 619 1162; x_wconf 89' lang='lat' dir='ltr'>rebus</span> <span class='ocrx_word' id='word_1_53' title='bbox 649 1118 706 1163; x_wconf 91' lang='lat' dir='ltr'>uno</span> <span class='ocrx_word' id='word_1_54' title='bbox 737 1106 769 1161; x_wconf 86' lang='lat' dir='ltr'>et</span> <span class='ocrx_word' id='word_1_55' title='bbox 799 1100 902 1165; x_wconf 88' lang='lat' dir='ltr'>eodem</span> <span class='ocrx_word' id='word_1_56' title='bbox 936 1109 1085 1164; x_wconf 89' lang='lat' dir='ltr'>momento</span> <span class='ocrx_word' id='word_1_57' title='bbox 1118 1099 1302 1177; x_wconf 88' lang='lat' dir='ltr'>observatis,</span> <span class='ocrx_word' id='word_1_58' title='bbox 1336 1098 1468 1162; x_wconf 88' lang='lat' dir='ltr'>habetur</span> <span class='ocrx_word' id='word_1_59' title='bbox 1488 1115 1541 1177; x_wconf 91' lang='lat' dir='ltr'>per</span> 
     </span>
     <span class='ocr_line' id='line_1_8' title="bbox 81 1180 1539 1270; baseline -0.002 -18"><span class='ocrx_word' id='word_1_60' title='bbox 81 1180 100 1233; x_wconf 66' lang='grc' dir='ltr'>Γ</span> <span class='ocrx_word' id='word_1_61' title='bbox 165 1189 289 1270; x_wconf 76' lang='lat' dir='ltr'>&#39;probb</span> <span class='ocrx_word' id='word_1_62' title='bbox 322 1185 374 1250; x_wconf 90' lang='grc'>24.</span> <span class='ocrx_word' id='word_1_63' title='bbox 405 1189 559 1269; x_wconf 79' lang='lat' dir='ltr'>longitudo</span> <span class='ocrx_word' id='word_1_64' title='bbox 588 1197 620 1250; x_wconf 90' lang='lat' dir='ltr'>et</span> <span class='ocrx_word' id='word_1_65' title='bbox 650 1190 777 1251; x_wconf 90' lang='lat' dir='ltr'>latitudo</span> <span class='ocrx_word' id='word_1_66' title='bbox 810 1190 936 1252; x_wconf 84' lang='lat' dir='ltr'>visibilis</span> <span class='ocrx_word' id='word_1_67' title='bbox 960 1192 998 1252; x_wconf 88' lang='lat' dir='ltr'>ad</span> <span class='ocrx_word' id='word_1_68' title='bbox 1024 1190 1096 1252; x_wconf 93' lang='lat' dir='ltr'>illud</span> <span class='ocrx_word' id='word_1_69' title='bbox 1118 1201 1309 1253; x_wconf 82' lang='lat' dir='ltr'><strong>momentum.</strong></span> <span class='ocrx_word' id='word_1_70' title='bbox 1356 1189 1393 1251; x_wconf 89' lang='lat' dir='ltr'>Id</span> <span class='ocrx_word' id='word_1_71' title='bbox 1418 1186 1539 1250; x_wconf 85' lang='lat' dir='ltr'>verosi</span> 
     </span>
     <span class='ocr_line' id='line_1_9' title="bbox 193 1278 1539 1359; baseline -0.004 -18"><span class='ocrx_word' id='word_1_72' title='bbox 193 1279 247 1342; x_wconf 85' lang='lat' dir='ltr'>liat</span> <span class='ocrx_word' id='word_1_73' title='bbox 269 1279 384 1341; x_wconf 87' lang='lat' dir='ltr'>duobus</span> <span class='ocrx_word' id='word_1_74' title='bbox 407 1280 567 1340; x_wconf 74' lang='lat' dir='ltr'>momentis</span> <span class='ocrx_word' id='word_1_75' title='bbox 590 1300 608 1340; x_wconf 87' lang='lat' dir='ltr'>a</span> <span class='ocrx_word' id='word_1_76' title='bbox 631 1297 664 1339; x_wconf 85' lang='lat' dir='ltr'>se</span> <span class='ocrx_word' id='word_1_77' title='bbox 688 1291 789 1341; x_wconf 87' lang='lat' dir='ltr'>mutuo</span> <span class='ocrx_word' id='word_1_78' title='bbox 813 1279 993 1342; x_wconf 87' lang='lat' dir='ltr'>distantibus</span> <span class='ocrx_word' id='word_1_79' title='bbox 1008 1280 1093 1359; x_wconf 88' lang='lat' dir='ltr'>justo</span> <span class='ocrx_word' id='word_1_80' title='bbox 1112 1279 1256 1359; x_wconf 87' lang='lat' dir='ltr'>temporis</span> <span class='ocrx_word' id='word_1_81' title='bbox 1275 1279 1452 1341; x_wconf 85' lang='lat' dir='ltr'>intervallo:</span> <span class='ocrx_word' id='word_1_82' title='bbox 1477 1278 1539 1356; x_wconf 87' lang='lat' dir='ltr'>jam</span> 
     </span>
     <span class='ocr_line' id='line_1_10' title="bbox 193 1364 1537 1451; baseline -0.002 -21"><span class='ocrx_word' id='word_1_83' title='bbox 193 1368 290 1450; x_wconf 86' lang='lat' dir='ltr'>probl.</span> <span class='ocrx_word' id='word_1_84' title='bbox 315 1364 367 1432; x_wconf 94' lang='grc'>26.</span> <span class='ocrx_word' id='word_1_85' title='bbox 392 1368 611 1447; x_wconf 85' lang='lat' dir='ltr'>superexstmit</span> <span class='ocrx_word' id='word_1_86' title='bbox 634 1387 735 1431; x_wconf 85' lang='lat' dir='ltr'>veram</span> <span class='ocrx_word' id='word_1_87' title='bbox 750 1380 874 1451; x_wconf 87' lang='lat' dir='ltr'>utroque</span> <span class='ocrx_word' id='word_1_88' title='bbox 889 1382 1038 1430; x_wconf 88' lang='lat' dir='ltr'>momento</span> <span class='ocrx_word' id='word_1_89' title='bbox 1055 1368 1269 1450; x_wconf 87' lang='lat' dir='ltr'>longitudinem</span> <span class='ocrx_word' id='word_1_90' title='bbox 1289 1377 1320 1430; x_wconf 88' lang='lat' dir='ltr'>et</span> <span class='ocrx_word' id='word_1_91' title='bbox 1337 1366 1537 1440; x_wconf 88' lang='lat' dir='ltr'>latitudinem,</span> 
     </span>
     <span class='ocr_line' id='line_1_11' title="bbox 193 1456 1537 1539; baseline -0.002 -20"><span class='ocrx_word' id='word_1_92' title='bbox 193 1457 319 1537; x_wconf 83' lang='lat' dir='ltr'>proinde</span> <span class='ocrx_word' id='word_1_93' title='bbox 352 1467 383 1519; x_wconf 90' lang='lat' dir='ltr'>et</span> <span class='ocrx_word' id='word_1_94' title='bbox 410 1476 511 1519; x_wconf 85' lang='lat' dir='ltr'>verum</span> <span class='ocrx_word' id='word_1_95' title='bbox 543 1469 655 1519; x_wconf 90' lang='lat' dir='ltr'>motum</span> <span class='ocrx_word' id='word_1_96' title='bbox 678 1458 781 1521; x_wconf 90' lang='lat' dir='ltr'>Lunae</span> <span class='ocrx_word' id='word_1_97' title='bbox 807 1478 826 1519; x_wconf 83' lang='lat' dir='ltr'>a</span> <span class='ocrx_word' id='word_1_98' title='bbox 849 1456 935 1534; x_wconf 82' lang='lat' dir='ltr'>Sole,</span> <span class='ocrx_word' id='word_1_99' title='bbox 969 1471 1188 1539; x_wconf 71' lang='lat' dir='ltr'>competentem</span> <span class='ocrx_word' id='word_1_100' title='bbox 1217 1459 1343 1537; x_wconf 79' lang='lat' dir='ltr'>tempori</span> <span class='ocrx_word' id='word_1_101' title='bbox 1369 1456 1537 1536; x_wconf 85' lang='lat' dir='ltr'>interjecto,</span> 
     </span>
     <span class='ocr_line' id='line_1_12' title="bbox 193 1547 1536 1630; baseline -0.001 -22"><span class='ocrx_word' id='word_1_102' title='bbox 193 1565 278 1628; x_wconf 89' lang='lat' dir='ltr'>quem</span> <span class='ocrx_word' id='word_1_103' title='bbox 315 1547 464 1609; x_wconf 88' lang='lat' dir='ltr'>horarium</span> <span class='ocrx_word' id='word_1_104' title='bbox 502 1547 644 1624; x_wconf 87' lang='lat' dir='ltr'>dicimos,</span> <span class='ocrx_word' id='word_1_105' title='bbox 683 1549 707 1610; x_wconf 91' lang='lat' dir='ltr'>si</span> <span class='ocrx_word' id='word_1_106' title='bbox 741 1559 884 1629; x_wconf 91' lang='lat' dir='ltr'>quantum</span> <span class='ocrx_word' id='word_1_107' title='bbox 915 1549 951 1609; x_wconf 90' lang='lat' dir='ltr'>de</span> <span class='ocrx_word' id='word_1_108' title='bbox 979 1568 1014 1612; x_wconf 81' lang='lat' dir='ltr'>so</span> <span class='ocrx_word' id='word_1_109' title='bbox 1047 1556 1200 1630; x_wconf 85' lang='lat' dir='ltr'>competat</span> <span class='ocrx_word' id='word_1_110' title='bbox 1232 1548 1280 1610; x_wconf 91' lang='lat' dir='ltr'>uni</span> <span class='ocrx_word' id='word_1_111' title='bbox 1311 1548 1422 1621; x_wconf 85' lang='lat' dir='ltr'>borae,</span> <span class='ocrx_word' id='word_1_112' title='bbox 1465 1564 1536 1606; x_wconf 92' lang='lat' dir='ltr'>cou-</span> 
     </span>
     <span class='ocr_line' id='line_1_13' title="bbox 191 1637 345 1699; baseline -0.006 0"><span class='ocrx_word' id='word_1_113' title='bbox 191 1637 345 1699; x_wconf 87' lang='lat' dir='ltr'>etituatur.</span> 
     </span>
     <span class='ocr_line' id='line_1_14' title="bbox 191 1721 1535 1805; baseline -0.004 -17"><span class='ocrx_word' id='word_1_114' title='bbox 191 1753 195 1759; x_wconf 91' lang='lat'><em>·</em></span> <span class='ocrx_word' id='word_1_115' title='bbox 279 1725 418 1788; x_wconf 70' lang='lat' dir='ltr'>Assumit</span> <span class='ocrx_word' id='word_1_116' title='bbox 447 1732 547 1786; x_wconf 86' lang='lat' dir='ltr'>tamen</span> <span class='ocrx_word' id='word_1_117' title='bbox 578 1725 732 1805; x_wconf 84' lang='lat' dir='ltr'>problema</span> <span class='ocrx_word' id='word_1_118' title='bbox 754 1726 826 1787; x_wconf 92' lang='lat' dir='ltr'>illud</span> <span class='ocrx_word' id='word_1_119' title='bbox 851 1723 904 1790; x_wconf 89' lang='grc'>26.</span> <span class='ocrx_word' id='word_1_120' title='bbox 929 1725 1005 1788; x_wconf 89' lang='lat' dir='ltr'>banc</span> <span class='ocrx_word' id='word_1_121' title='bbox 1028 1725 1249 1800; x_wconf 87' lang='lat' dir='ltr'>conditionem,</span> <span class='ocrx_word' id='word_1_122' title='bbox 1281 1733 1315 1786; x_wconf 90' lang='lat' dir='ltr'>ut</span> <span class='ocrx_word' id='word_1_123' title='bbox 1345 1721 1535 1786; x_wconf 83' lang='lat' dir='ltr'>mediocriter</span> 
     </span>
     <span class='ocr_line' id='line_1_15' title="bbox 191 1813 1534 1897; baseline -0.004 -20"><span class='ocrx_word' id='word_1_124' title='bbox 191 1815 232 1878; x_wconf 87' lang='lat' dir='ltr'>sit</span> <span class='ocrx_word' id='word_1_125' title='bbox 254 1814 464 1895; x_wconf 79' lang='lat' dir='ltr'>praecognitus</span> <span class='ocrx_word' id='word_1_126' title='bbox 488 1817 677 1892; x_wconf 82' lang='lat' dir='ltr'>pamllrrxeos</span> <span class='ocrx_word' id='word_1_127' title='bbox 699 1815 827 1878; x_wconf 87' lang='lat' dir='ltr'>Lunaris</span> <span class='ocrx_word' id='word_1_128' title='bbox 852 1835 993 1878; x_wconf 85' lang='lat' dir='ltr'>excessus</span> <span class='ocrx_word' id='word_1_129' title='bbox 1017 1835 1106 1897; x_wconf 90' lang='lat' dir='ltr'>super</span> <span class='ocrx_word' id='word_1_130' title='bbox 1128 1813 1295 1896; x_wconf 82' lang='lat' dir='ltr'>parallaxin</span> <span class='ocrx_word' id='word_1_131' title='bbox 1320 1814 1414 1889; x_wconf 90' lang='lat' dir='ltr'>Solis,</span> <span class='ocrx_word' id='word_1_132' title='bbox 1439 1814 1534 1893; x_wconf 90' lang='lat' dir='ltr'>inquo</span> 
     </span>
     <span class='ocr_line' id='line_1_16' title="bbox 191 1897 1533 1986; baseline -0.004 -20"><span class='ocrx_word' id='word_1_133' title='bbox 191 1904 310 1984; x_wconf 80' lang='lat' dir='ltr'>siquid</span> <span class='ocrx_word' id='word_1_134' title='bbox 346 1906 454 1966; x_wconf 78' lang='lat' dir='ltr'>l&#39;alsum</span> <span class='ocrx_word' id='word_1_135' title='bbox 486 1903 668 1979; x_wconf 82' lang='lat' dir='ltr'>admittitur,</span> <span class='ocrx_word' id='word_1_136' title='bbox 699 1920 757 1967; x_wconf 92' lang='lat' dir='ltr'>non</span> <span class='ocrx_word' id='word_1_137' title='bbox 784 1906 904 1986; x_wconf 90' lang='lat' dir='ltr'>penitus</span> <span class='ocrx_word' id='word_1_138' title='bbox 932 1925 1023 1968; x_wconf 86' lang='lat' dir='ltr'>sanus</span> <span class='ocrx_word' id='word_1_139' title='bbox 1056 1906 1187 1984; x_wconf 86' lang='lat' dir='ltr'>prodibit</span> <span class='ocrx_word' id='word_1_140' title='bbox 1218 1904 1365 1966; x_wconf 88' lang='lat' dir='ltr'>horarius.</span> <span class='ocrx_word' id='word_1_141' title='bbox 1413 1900 1482 1963; x_wconf 87' lang='lat' dir='ltr'>Etsi</span> <span class='ocrx_word' id='word_1_142' title='bbox 1504 1897 1533 1961; x_wconf 96' lang='grc'>22</span> 
     </span>
     <span class='ocr_line' id='line_1_17' title="bbox 191 1989 1533 2077; baseline -0.002 -25"><span class='ocrx_word' id='word_1_143' title='bbox 191 1994 240 2056; x_wconf 86' lang='lat' dir='ltr'>vel</span> <span class='ocrx_word' id='word_1_144' title='bbox 273 1990 304 2056; x_wconf 81' lang='grc'>32</span> <span class='ocrx_word' id='word_1_145' title='bbox 336 1993 365 2054; x_wconf 91' lang='lat' dir='ltr'>in</span> <span class='ocrx_word' id='word_1_146' title='bbox 398 1992 547 2071; x_wconf 80' lang='lat' dir='ltr'>parallaxi</span> <span class='ocrx_word' id='word_1_147' title='bbox 573 1992 691 2055; x_wconf 83' lang='lat' dir='ltr'>l&#39;alsitas</span> <span class='ocrx_word' id='word_1_148' title='bbox 715 1995 851 2077; x_wconf 89' lang='lat' dir='ltr'>utrinque</span> <span class='ocrx_word' id='word_1_149' title='bbox 876 1995 981 2056; x_wconf 88' lang='lat' dir='ltr'>eadem</span> <span class='ocrx_word' id='word_1_150' title='bbox 1003 2014 1107 2077; x_wconf 87' lang='lat' dir='ltr'>parum</span> <span class='ocrx_word' id='word_1_151' title='bbox 1132 2004 1221 2056; x_wconf 88' lang='lat' dir='ltr'>nocet</span> <span class='ocrx_word' id='word_1_152' title='bbox 1243 1993 1373 2055; x_wconf 89' lang='lat' dir='ltr'>horario.</span> <span class='ocrx_word' id='word_1_153' title='bbox 1422 1989 1533 2055; x_wconf 85' lang='lat' dir='ltr'>Deinde</span> 
     </span>
     <span class='ocr_line' id='line_1_18' title="bbox 191 2081 1532 2166; baseline -0.004 -20"><span class='ocrx_word' id='word_1_154' title='bbox 191 2083 217 2146; x_wconf 91' lang='lat' dir='ltr'>si</span> <span class='ocrx_word' id='word_1_155' title='bbox 244 2084 272 2145; x_wconf 85' lang='lat' dir='ltr'>l‘</span> <span class='ocrx_word' id='word_1_156' title='bbox 297 2081 418 2143; x_wconf 83' lang='lat' dir='ltr'>vitietur</span> <span class='ocrx_word' id='word_1_157' title='bbox 439 2096 537 2144; x_wconf 88' lang='lat' dir='ltr'>motus</span> <span class='ocrx_word' id='word_1_158' title='bbox 561 2085 685 2145; x_wconf 87' lang='lat' dir='ltr'>duarum</span> <span class='ocrx_word' id='word_1_159' title='bbox 709 2084 854 2158; x_wconf 85' lang='lat' dir='ltr'>horarum,</span> <span class='ocrx_word' id='word_1_160' title='bbox 880 2085 958 2166; x_wconf 91' lang='lat' dir='ltr'>quod</span> <span class='ocrx_word' id='word_1_161' title='bbox 982 2086 1070 2146; x_wconf 83' lang='lat' dir='ltr'>facile</span> <span class='ocrx_word' id='word_1_162' title='bbox 1093 2083 1154 2145; x_wconf 87' lang='lat' dir='ltr'>fieri</span> <span class='ocrx_word' id='word_1_163' title='bbox 1178 2093 1289 2164; x_wconf 84' lang='lat' dir='ltr'>potest,</span> <span class='ocrx_word' id='word_1_164' title='bbox 1314 2092 1440 2163; x_wconf 88' lang='lat' dir='ltr'>propter</span> <span class='ocrx_word' id='word_1_165' title='bbox 1462 2081 1532 2141; x_wconf 91' lang='lat' dir='ltr'>titu-</span> 
     </span>
     <span class='ocr_line' id='line_1_19' title="bbox 191 2170 1532 2255; baseline -0.005 -20"><span class='ocrx_word' id='word_1_166' title='bbox 191 2171 343 2235; x_wconf 88' lang='lat' dir='ltr'>bationem</span> <span class='ocrx_word' id='word_1_167' title='bbox 373 2176 510 2233; x_wconf 87' lang='lat' dir='ltr'>munuum</span> <span class='ocrx_word' id='word_1_168' title='bbox 539 2184 570 2233; x_wconf 87' lang='lat' dir='ltr'>et</span> <span class='ocrx_word' id='word_1_169' title='bbox 593 2171 796 2249; x_wconf 80' lang='lat' dir='ltr'>instrumenti,</span> <span class='ocrx_word' id='word_1_170' title='bbox 826 2176 943 2255; x_wconf 86' lang='lat' dir='ltr'>quando</span> <span class='ocrx_word' id='word_1_171' title='bbox 974 2174 1151 2235; x_wconf 86' lang='lat' dir='ltr'>observatur</span> <span class='ocrx_word' id='word_1_172' title='bbox 1182 2172 1336 2234; x_wconf 80' lang='lat' dir='ltr'>inclinatio</span> <span class='ocrx_word' id='word_1_173' title='bbox 1360 2170 1532 2232; x_wconf 90' lang='lat' dir='ltr'>circulorum</span> 
     </span>
     <span class='ocr_line' id='line_1_20' title="bbox 190 2260 1532 2342; baseline -0.001 -20"><span class='ocrx_word' id='word_1_174' title='bbox 190 2273 244 2322; x_wconf 90' lang='lat' dir='ltr'>ant</span> <span class='ocrx_word' id='word_1_175' title='bbox 264 2260 420 2342; x_wconf 88' lang='lat' dir='ltr'>quantitas</span> <span class='ocrx_word' id='word_1_176' title='bbox 441 2260 573 2342; x_wconf 80' lang='lat' dir='ltr'>eclipsis,</span> <span class='ocrx_word' id='word_1_177' title='bbox 594 2262 714 2323; x_wconf 89' lang='lat' dir='ltr'>dimidio</span> <span class='ocrx_word' id='word_1_178' title='bbox 726 2263 791 2342; x_wconf 90' lang='lat' dir='ltr'>jam</span> <span class='ocrx_word' id='word_1_179' title='bbox 807 2266 917 2324; x_wconf 89' lang='lat' dir='ltr'>minuto</span> <span class='ocrx_word' id='word_1_180' title='bbox 934 2262 1089 2324; x_wconf 87' lang='lat' dir='ltr'>vitiabitur</span> <span class='ocrx_word' id='word_1_181' title='bbox 1102 2270 1200 2324; x_wconf 87' lang='lat' dir='ltr'>motus</span> <span class='ocrx_word' id='word_1_182' title='bbox 1216 2260 1301 2323; x_wconf 87' lang='lat' dir='ltr'>unius</span> <span class='ocrx_word' id='word_1_183' title='bbox 1316 2261 1420 2332; x_wconf 85' lang='lat' dir='ltr'>horae,</span> <span class='ocrx_word' id='word_1_184' title='bbox 1440 2276 1532 2340; x_wconf 84' lang='lat' dir='ltr'>quan·</span> 
     </span>
     <span class='ocr_line' id='line_1_21' title="bbox 189 2350 1223 2432; baseline 0 -20"><span class='ocrx_word' id='word_1_185' title='bbox 189 2358 251 2412; x_wconf 87' lang='lat' dir='ltr'>tum</span> <span class='ocrx_word' id='word_1_186' title='bbox 277 2351 304 2410; x_wconf 90' lang='lat' dir='ltr'>in</span> <span class='ocrx_word' id='word_1_187' title='bbox 328 2351 505 2412; x_wconf 83' lang='lat' dir='ltr'>Bralreanae</span> <span class='ocrx_word' id='word_1_188' title='bbox 530 2350 731 2432; x_wconf 88' lang='lat' dir='ltr'>hypotheseos</span> <span class='ocrx_word' id='word_1_189' title='bbox 756 2352 873 2413; x_wconf 86' lang='lat' dir='ltr'>horario</span> <span class='ocrx_word' id='word_1_190' title='bbox 898 2351 948 2412; x_wconf 82' lang='lat' dir='ltr'>vix</span> <span class='ocrx_word' id='word_1_191' title='bbox 971 2351 1089 2432; x_wconf 89' lang='lat' dir='ltr'>peccari</span> <span class='ocrx_word' id='word_1_192' title='bbox 1113 2359 1223 2432; x_wconf 87' lang='lat' dir='ltr'>potest.</span> 
     </span>
     <span class='ocr_line' id='line_1_22' title="bbox 271 2432 1532 2522; baseline -0.005 -19"><span class='ocrx_word' id='word_1_193' title='bbox 271 2437 406 2503; x_wconf 81' lang='lat' dir='ltr'>Utamur</span> <span class='ocrx_word' id='word_1_194' title='bbox 440 2456 495 2501; x_wconf 90' lang='lat' dir='ltr'>uos</span> <span class='ocrx_word' id='word_1_195' title='bbox 518 2450 617 2501; x_wconf 72' lang='lat' dir='ltr'>tannen</span> <span class='ocrx_word' id='word_1_196' title='bbox 642 2443 802 2522; x_wconf 82' lang='lat' dir='ltr'>exemplis,</span> <span class='ocrx_word' id='word_1_197' title='bbox 836 2460 892 2502; x_wconf 88' lang='lat' dir='ltr'>aon</span> <span class='ocrx_word' id='word_1_198' title='bbox 919 2441 1004 2521; x_wconf 87' lang='lat' dir='ltr'>quasi</span> <span class='ocrx_word' id='word_1_199' title='bbox 1028 2438 1275 2503; x_wconf 87' lang='lat' dir='ltr'>indemonstratis</span> <span class='ocrx_word' id='word_1_200' title='bbox 1302 2432 1532 2519; x_wconf 73' lang='lat' dir='ltr'>superstructum</span> 
     </span>
     <span class='ocr_line' id='line_1_23' title="bbox 190 2528 988 2610; baseline 0 -18"><span class='ocrx_word' id='word_1_201' title='bbox 190 2528 486 2600; x_wconf 76' lang='lat' dir='ltr'>demonstrationem,</span> <span class='ocrx_word' id='word_1_202' title='bbox 511 2528 565 2589; x_wconf 91' lang='lat' dir='ltr'>sed</span> <span class='ocrx_word' id='word_1_203' title='bbox 588 2539 619 2589; x_wconf 90' lang='lat' dir='ltr'>ot</span> <span class='ocrx_word' id='word_1_204' title='bbox 644 2549 808 2592; x_wconf 82' lang='lat' dir='ltr'>consensus</span> <span class='ocrx_word' id='word_1_205' title='bbox 832 2539 988 2610; x_wconf 85' lang='lat' dir='ltr'>appareat.</span> 
     </span>
     <span class='ocr_line' id='line_1_24' title="bbox 230 2610 1531 2698; baseline -0.002 -21"><span class='ocrx_word' id='word_1_206' title='bbox 230 2610 232 2618; x_wconf 76' lang='grc'>’</span> <span class='ocrx_word' id='word_1_207' title='bbox 279 2616 368 2678; x_wconf 78' lang='lat' dir='ltr'>Anno</span> <span class='ocrx_word' id='word_1_208' title='bbox 395 2610 489 2680; x_wconf 93' lang='grc'><strong>1601.</strong></span> <span class='ocrx_word' id='word_1_209' title='bbox 516 2618 544 2680; x_wconf 91' lang='lat' dir='ltr'>d.</span> <span class='ocrx_word' id='word_1_210' title='bbox 573 2613 674 2691; x_wconf 75' lang='grc'><strong>14124.</strong></span> <span class='ocrx_word' id='word_1_211' title='bbox 701 2618 772 2683; x_wconf 84' lang='lat' dir='ltr'>Dec.</span> <span class='ocrx_word' id='word_1_212' title='bbox 797 2619 827 2681; x_wconf 92' lang='lat' dir='ltr'>h.</span> <span class='ocrx_word' id='word_1_213' title='bbox 859 2620 883 2680; x_wconf 92' lang='lat' dir='ltr'>l.</span> <span class='ocrx_word' id='word_1_214' title='bbox 912 2614 1006 2698; x_wconf 76' lang='lat' dir='ltr'>¹7¹la‘</span> <span class='ocrx_word' id='word_1_215' title='bbox 1030 2618 1059 2681; x_wconf 89' lang='lat' dir='ltr'>in</span> <span class='ocrx_word' id='word_1_216' title='bbox 1082 2617 1185 2697; x_wconf 83' lang='lat' dir='ltr'>eclipsi</span> <span class='ocrx_word' id='word_1_217' title='bbox 1205 2615 1301 2692; x_wconf 88' lang='lat' dir='ltr'>Solis,</span> <span class='ocrx_word' id='word_1_218' title='bbox 1327 2614 1414 2695; x_wconf 89' lang='lat' dir='ltr'>cujus</span> <span class='ocrx_word' id='word_1_219' title='bbox 1435 2618 1531 2676; x_wconf 84' lang='lat' dir='ltr'>exstat</span> 
     </span>
     <span class='ocr_line' id='line_1_25' title="bbox 189 2698 1531 2787; baseline -0.004 -17"><span class='ocrx_word' id='word_1_220' title='bbox 189 2704 351 2786; x_wconf 82' lang='lat' dir='ltr'>descriptio</span> <span class='ocrx_word' id='word_1_221' title='bbox 376 2705 416 2768; x_wconf 82' lang='lat' dir='ltr'>fol</span> <span class='ocrx_word' id='word_1_222' title='bbox 452 2702 525 2769; x_wconf 81' lang='grc'><strong>395.</strong></span> <span class='ocrx_word' id='word_1_223' title='bbox 556 2704 639 2787; x_wconf 75' lang='grc' dir='ltr'><strong>Ορῑ,</strong></span> <span class='ocrx_word' id='word_1_224' title='bbox 670 2708 725 2769; x_wconf 88' lang='lat' dir='ltr'>luit</span> <span class='ocrx_word' id='word_1_225' title='bbox 752 2709 830 2771; x_wconf 89' lang='lat' dir='ltr'>inter</span> <span class='ocrx_word' id='word_1_226' title='bbox 853 2709 1026 2770; x_wconf 88' lang='lat' dir='ltr'>verticalem</span> <span class='ocrx_word' id='word_1_227' title='bbox 1051 2716 1081 2769; x_wconf 90' lang='lat' dir='ltr'>et</span> <span class='ocrx_word' id='word_1_228' title='bbox 1105 2707 1244 2769; x_wconf 82' lang='lat' dir='ltr'>circulum</span> <span class='ocrx_word' id='word_1_229' title='bbox 1269 2725 1322 2786; x_wconf 87' lang='lat' dir='ltr'>per</span> <span class='ocrx_word' id='word_1_230' title='bbox 1336 2718 1444 2767; x_wconf 87' lang='lat' dir='ltr'>centra</span> <span class='ocrx_word' id='word_1_231' title='bbox 1467 2698 1531 2776; x_wconf 86' lang='grc'><strong>722,</strong></span> 
     </span>
     <span class='ocr_line' id='line_1_26' title="bbox 130 2787 1530 2893; baseline -0.006 -34"><span class='ocrx_word' id='word_1_232' title='bbox 130 2787 137 2804; x_wconf 78' lang='grc'><strong><em>’</em></strong></span> <span class='ocrx_word' id='word_1_233' title='bbox 155 2858 170 2893; x_wconf 78' lang='lat' dir='ltr'>r</span> <span class='ocrx_word' id='word_1_234' title='bbox 189 2815 254 2859; x_wconf 89' lang='lat' dir='ltr'>curu</span> <span class='ocrx_word' id='word_1_235' title='bbox 278 2795 399 2875; x_wconf 83' lang='lat' dir='ltr'>eclipsis</span> <span class='ocrx_word' id='word_1_236' title='bbox 415 2794 528 2857; x_wconf 91' lang='lat' dir='ltr'>initium</span> <span class='ocrx_word' id='word_1_237' title='bbox 551 2804 713 2873; x_wconf 86' lang='lat' dir='ltr'>notaretur,</span> <span class='ocrx_word' id='word_1_238' title='bbox 738 2798 841 2860; x_wconf 87' lang='lat' dir='ltr'>Lunae</span> <span class='ocrx_word' id='word_1_239' title='bbox 865 2809 968 2859; x_wconf 91' lang='lat' dir='ltr'>centro</span> <span class='ocrx_word' id='word_1_240' title='bbox 988 2798 1068 2860; x_wconf 86' lang='lat' dir='ltr'>infra</span> <span class='ocrx_word' id='word_1_241' title='bbox 1083 2795 1164 2859; x_wconf 86' lang='lat' dir='ltr'>Solis</span> <span class='ocrx_word' id='word_1_242' title='bbox 1180 2802 1313 2858; x_wconf 83' lang='lat' dir='ltr'>cenlmm</span> <span class='ocrx_word' id='word_1_243' title='bbox 1331 2795 1368 2855; x_wconf 87' lang='lat' dir='ltr'>ad</span> <span class='ocrx_word' id='word_1_244' title='bbox 1385 2809 1530 2856; x_wconf 85' lang='lat' dir='ltr'>occasum.</span> 
     </span>
     <span class='ocr_line' id='line_1_27' title="bbox 189 2878 1531 2968; baseline -0.005 -21"><span class='ocrx_word' id='word_1_245' title='bbox 189 2884 354 2960; x_wconf 82' lang='lat' dir='ltr'>Quantitas</span> <span class='ocrx_word' id='word_1_246' title='bbox 383 2885 518 2947; x_wconf 85' lang='lat' dir='ltr'>defectus</span> <span class='ocrx_word' id='word_1_247' title='bbox 548 2885 675 2968; x_wconf 85' lang='lat' dir='ltr'>exigua:</span> <span class='ocrx_word' id='word_1_248' title='bbox 706 2887 812 2968; x_wconf 91' lang='lat' dir='ltr'>quippe</span> <span class='ocrx_word' id='word_1_249' title='bbox 840 2887 869 2948; x_wconf 93' lang='lat' dir='ltr'>in</span> <span class='ocrx_word' id='word_1_250' title='bbox 895 2887 960 2968; x_wconf 91' lang='lat' dir='ltr'>ipso</span> <span class='ocrx_word' id='word_1_251' title='bbox 985 2893 1124 2949; x_wconf 87' lang='lat' dir='ltr'>contactu</span> <span class='ocrx_word' id='word_1_252' title='bbox 1148 2885 1352 2958; x_wconf 89' lang='lat' dir='ltr'>luminarium,</span> <span class='ocrx_word' id='word_1_253' title='bbox 1388 2901 1456 2946; x_wconf 91' lang='lat' dir='ltr'>cum</span> <span class='ocrx_word' id='word_1_254' title='bbox 1486 2878 1531 2962; x_wconf 92' lang='lat' dir='ltr'>qui</span> 
     </span>
     <span class='ocr_line' id='line_1_28' title="bbox 188 2971 1531 3056; baseline -0.006 -16"><span class='ocrx_word' id='word_1_255' title='bbox 188 2974 290 3040; x_wconf 86' lang='lat' dir='ltr'>Solem</span> <span class='ocrx_word' id='word_1_256' title='bbox 322 2974 418 3054; x_wconf 89' lang='lat' dir='ltr'>ipsum</span> <span class='ocrx_word' id='word_1_257' title='bbox 452 2975 649 3049; x_wconf 85' lang='lat' dir='ltr'>intuerentur,</span> <span class='ocrx_word' id='word_1_258' title='bbox 684 2977 811 3038; x_wconf 91' lang='lat' dir='ltr'>nondum</span> <span class='ocrx_word' id='word_1_259' title='bbox 849 2976 1010 3056; x_wconf 88' lang='lat' dir='ltr'>quidquam</span> <span class='ocrx_word' id='word_1_260' title='bbox 1042 2984 1198 3038; x_wconf 87' lang='lat' dir='ltr'>cernerent</span> <span class='ocrx_word' id='word_1_261' title='bbox 1228 2975 1365 3037; x_wconf 72' lang='lat' dir='ltr'>delicere·</span> <span class='ocrx_word' id='word_1_262' title='bbox 1414 2971 1531 3035; x_wconf 77' lang='lat' dir='ltr'>Summo</span> 
     </span>
     <span class='ocr_line' id='line_1_29' title="bbox 187 3061 1530 3146; baseline -0.005 -18"><span class='ocrx_word' id='word_1_263' title='bbox 187 3063 476 3140; x_wconf 87' lang='lat' dir='ltr'>semidiametrorum</span> <span class='ocrx_word' id='word_1_264' title='bbox 498 3063 579 3127; x_wconf 88' lang='lat' dir='ltr'>Solis</span> <span class='ocrx_word' id='word_1_265' title='bbox 603 3071 634 3126; x_wconf 87' lang='lat' dir='ltr'>et</span> <span class='ocrx_word' id='word_1_266' title='bbox 656 3065 760 3127; x_wconf 87' lang='lat' dir='ltr'>Lunae</span> <span class='ocrx_word' id='word_1_267' title='bbox 784 3074 850 3126; x_wconf 84' lang='lat' dir='ltr'>erat</span> <span class='ocrx_word' id='word_1_268' title='bbox 873 3062 927 3129; x_wconf 84' lang='grc'>302</span> <span class='ocrx_word' id='word_1_269' title='bbox 954 3061 1030 3129; x_wconf 92' lang='grc'><strong>4022.</strong></span> <span class='ocrx_word' id='word_1_270' title='bbox 1067 3068 1173 3146; x_wconf 91' lang='lat' dir='ltr'>Itaque</span> <span class='ocrx_word' id='word_1_271' title='bbox 1198 3063 1344 3125; x_wconf 86' lang='lat' dir='ltr'>distantia</span> <span class='ocrx_word' id='word_1_272' title='bbox 1368 3072 1530 3123; x_wconf 89' lang='lat' dir='ltr'>centrorum</span> 
     </span>
     <span class='ocr_line' id='line_1_30' title="bbox 80 3146 1530 3236; baseline -0.005 -20"><span class='ocrx_word' id='word_1_273' title='bbox 80 3172 84 3189; x_wconf 89' lang='lat'>·</span> <span class='ocrx_word' id='word_1_274' title='bbox 187 3154 279 3217; x_wconf 80' lang='lat' dir='ltr'>fucrit</span> <span class='ocrx_word' id='word_1_275' title='bbox 314 3149 368 3215; x_wconf 83' lang='grc'>902</span> <span class='ocrx_word' id='word_1_276' title='bbox 390 3146 466 3215; x_wconf 91' lang='grc'><strong>4022.</strong></span> <span class='ocrx_word' id='word_1_277' title='bbox 520 3153 649 3236; x_wconf 87' lang='lat' dir='ltr'>Tempus</span> <span class='ocrx_word' id='word_1_278' title='bbox 674 3163 851 3216; x_wconf 88' lang='lat' dir='ltr'>annotatum</span> <span class='ocrx_word' id='word_1_279' title='bbox 879 3150 913 3216; x_wconf 57' lang='lat' dir='ltr'>et&#39;</span> <span class='ocrx_word' id='word_1_280' title='bbox 937 3154 1020 3217; x_wconf 87' lang='lat' dir='ltr'>locus</span> <span class='ocrx_word' id='word_1_281' title='bbox 1044 3153 1125 3219; x_wconf 88' lang='lat' dir='ltr'>Solis</span> <span class='ocrx_word' id='word_1_282' title='bbox 1157 3154 1298 3215; x_wconf 82' lang='lat' dir='ltr'>exhibent</span> <span class='ocrx_word' id='word_1_283' title='bbox 1321 3151 1530 3214; x_wconf 89' lang='lat' dir='ltr'>culmioautem</span> 
     </span>
     <span class='ocr_line' id='line_1_31' title="bbox 186 3234 1528 3327; baseline -0.004 -20"><span class='ocrx_word' id='word_1_284' title='bbox 186 3236 366 3327; x_wconf 45' lang='grc'><strong>2021126,</strong></span> <span class='ocrx_word' id='word_1_285' title='bbox 394 3242 494 3324; x_wconf 86' lang='lat' dir='ltr'>itaque</span> <span class='ocrx_word' id='word_1_286' title='bbox 518 3243 574 3304; x_wconf 84' lang='lat' dir='ltr'>luit</span> <span class='ocrx_word' id='word_1_287' title='bbox 597 3241 724 3322; x_wconf 88' lang='lat' dir='ltr'>angulus</span> <span class='ocrx_word' id='word_1_288' title='bbox 748 3243 826 3305; x_wconf 92' lang='lat' dir='ltr'>inter</span> <span class='ocrx_word' id='word_1_289' title='bbox 849 3243 1023 3306; x_wconf 87' lang='lat' dir='ltr'>verticalem</span> <span class='ocrx_word' id='word_1_290' title='bbox 1047 3241 1129 3306; x_wconf 86' lang='lat' dir='ltr'>Solis</span> <span class='ocrx_word' id='word_1_291' title='bbox 1153 3253 1185 3304; x_wconf 90' lang='lat' dir='ltr'>et</span> <span class='ocrx_word' id='word_1_292' title='bbox 1208 3242 1379 3322; x_wconf 90' lang='lat' dir='ltr'>eclipticam</span> <span class='ocrx_word' id='word_1_293' title='bbox 1404 3235 1465 3303; x_wconf 91' lang='grc'>762</span> <span class='ocrx_word' id='word_1_294' title='bbox 1486 3234 1515 3302; x_wconf 90' lang='grc'>92</span> <span class='ocrx_word' id='word_1_295' title='bbox 1521 3255 1528 3313; x_wconf 83' lang='grc'><strong>;</strong></span> 
     </span>
     <span class='ocr_line' id='line_1_32' title="bbox 187 3329 1530 3413; baseline -0.007 -17"><span class='ocrx_word' id='word_1_296' title='bbox 187 3352 252 3396; x_wconf 91' lang='lat' dir='ltr'>cum</span> <span class='ocrx_word' id='word_1_297' title='bbox 281 3350 339 3412; x_wconf 90' lang='lat' dir='ltr'>quo</span> <span class='ocrx_word' id='word_1_298' title='bbox 369 3341 560 3411; x_wconf 84' lang='lat' dir='ltr'>comparatus</span> <span class='ocrx_word' id='word_1_299' title='bbox 584 3332 711 3412; x_wconf 87' lang='lat' dir='ltr'>angulus</span> <span class='ocrx_word' id='word_1_300' title='bbox 735 3329 809 3408; x_wconf 89' lang='grc'><strong>722,</strong></span> <span class='ocrx_word' id='word_1_301' title='bbox 844 3333 893 3413; x_wconf 91' lang='lat' dir='ltr'>qui</span> <span class='ocrx_word' id='word_1_302' title='bbox 922 3334 978 3394; x_wconf 84' lang='lat' dir='ltr'>fuit</span> <span class='ocrx_word' id='word_1_303' title='bbox 1001 3333 1181 3395; x_wconf 83' lang='lat' dir='ltr'>observatus</span> <span class='ocrx_word' id='word_1_304' title='bbox 1204 3331 1283 3393; x_wconf 89' lang='lat' dir='ltr'>inter</span> <span class='ocrx_word' id='word_1_305' title='bbox 1304 3329 1483 3392; x_wconf 88' lang='lat' dir='ltr'>verticalem</span> <span class='ocrx_word' id='word_1_306' title='bbox 1503 3332 1530 3388; x_wconf 88' lang='lat' dir='ltr'>el</span> 
     </span>
     <span class='ocr_line' id='line_1_33' title="bbox 186 3419 1529 3502; baseline -0.006 -17"><span class='ocrx_word' id='word_1_307' title='bbox 186 3422 327 3485; x_wconf 89' lang='lat' dir='ltr'>circulum</span> <span class='ocrx_word' id='word_1_308' title='bbox 356 3439 410 3500; x_wconf 86' lang='lat' dir='ltr'>per</span> <span class='ocrx_word' id='word_1_309' title='bbox 439 3432 561 3496; x_wconf 89' lang='lat' dir='ltr'>centra,</span> <span class='ocrx_word' id='word_1_310' title='bbox 604 3422 704 3501; x_wconf 87' lang='lat' dir='ltr'>arguit</span> <span class='ocrx_word' id='word_1_311' title='bbox 741 3422 882 3502; x_wconf 88' lang='lat' dir='ltr'>angulum</span> <span class='ocrx_word' id='word_1_312' title='bbox 918 3422 996 3483; x_wconf 83' lang='lat' dir='ltr'>inter</span> <span class='ocrx_word' id='word_1_313' title='bbox 1032 3420 1203 3502; x_wconf 82' lang='lat' dir='ltr'>eclipticam</span> <span class='ocrx_word' id='word_1_314' title='bbox 1239 3426 1270 3481; x_wconf 86' lang='lat' dir='ltr'>et</span> <span class='ocrx_word' id='word_1_315' title='bbox 1306 3419 1452 3481; x_wconf 88' lang='lat' dir='ltr'>circulum</span> <span class='ocrx_word' id='word_1_316' title='bbox 1483 3431 1529 3496; x_wconf 88' lang='lat' dir='ltr'>per</span> 
     </span>
     <span class='ocr_line' id='line_1_34' title="bbox 188 3503 1529 3591; baseline -0.006 -17"><span class='ocrx_word' id='word_1_317' title='bbox 188 3518 292 3574; x_wconf 89' lang='lat' dir='ltr'>centra</span> <span class='ocrx_word' id='word_1_318' title='bbox 324 3503 363 3573; x_wconf 94' lang='grc'>42</span> <span class='ocrx_word' id='word_1_319' title='bbox 391 3505 438 3585; x_wconf 90' lang='grc'>92,</span> <span class='ocrx_word' id='word_1_320' title='bbox 476 3511 526 3590; x_wconf 91' lang='lat' dir='ltr'>qui</span> <span class='ocrx_word' id='word_1_321' title='bbox 556 3529 593 3571; x_wconf 83' lang='lat' dir='ltr'>ex</span> <span class='ocrx_word' id='word_1_322' title='bbox 631 3511 734 3573; x_wconf 90' lang='lat' dir='ltr'>tabula</span> <span class='ocrx_word' id='word_1_323' title='bbox 775 3511 970 3591; x_wconf 86' lang='lat' dir='ltr'>parallactica</span> <span class='ocrx_word' id='word_1_324' title='bbox 1007 3528 1072 3590; x_wconf 89' lang='lat' dir='ltr'>cap.</span> <span class='ocrx_word' id='word_1_325' title='bbox 1111 3512 1168 3573; x_wconf 90' lang='lat' dir='ltr'>IX.</span> <span class='ocrx_word' id='word_1_326' title='bbox 1199 3508 1271 3588; x_wconf 86' lang='lat' dir='ltr'>Opt.</span> <span class='ocrx_word' id='word_1_327' title='bbox 1303 3509 1359 3570; x_wconf 87' lang='lat' dir='ltr'>sub</span> <span class='ocrx_word' id='word_1_328' title='bbox 1392 3503 1529 3570; x_wconf 87' lang='lat' dir='ltr'>columnis</span> 
     </span>
     <span class='ocr_line' id='line_1_35' title="bbox 186 3590 1528 3671; baseline -0.005 -7"><span class='ocrx_word' id='word_1_329' title='bbox 186 3597 257 3671; x_wconf 85' lang='grc'><strong>302,</strong></span> <span class='ocrx_word' id='word_1_330' title='bbox 280 3596 345 3662; x_wconf 90' lang='grc'><strong>4022</strong></span> <span class='ocrx_word' id='word_1_331' title='bbox 376 3599 499 3661; x_wconf 81' lang='lat' dir='ltr'>exhibet</span> <span class='ocrx_word' id='word_1_332' title='bbox 526 3598 622 3661; x_wconf 88' lang='lat' dir='ltr'>visam</span> <span class='ocrx_word' id='word_1_333' title='bbox 653 3599 838 3662; x_wconf 89' lang='lat' dir='ltr'>latitudinem</span> <span class='ocrx_word' id='word_1_334' title='bbox 871 3600 964 3662; x_wconf 89' lang='lat' dir='ltr'>centri</span> <span class='ocrx_word' id='word_1_335' title='bbox 988 3600 1091 3662; x_wconf 89' lang='lat' dir='ltr'>Lunae</span> <span class='ocrx_word' id='word_1_336' title='bbox 1120 3620 1139 3660; x_wconf 90' lang='lat' dir='ltr'>a</span> <span class='ocrx_word' id='word_1_337' title='bbox 1171 3610 1273 3661; x_wconf 87' lang='lat' dir='ltr'>centro</span> <span class='ocrx_word' id='word_1_338' title='bbox 1297 3596 1382 3660; x_wconf 88' lang='lat' dir='ltr'>Solis</span> <span class='ocrx_word' id='word_1_339' title='bbox 1405 3594 1438 3659; x_wconf 92' lang='grc'>22</span> <span class='ocrx_word' id='word_1_340' title='bbox 1463 3590 1528 3667; x_wconf 82' lang='grc'><strong>142,</strong></span> 
     </span>
     <span class='ocr_line' id='line_1_36' title="bbox 187 3682 1529 3771; baseline -0.004 -19"><span class='ocrx_word' id='word_1_341' title='bbox 187 3690 252 3771; x_wconf 87' lang='lat' dir='ltr'>ejus</span> <span class='ocrx_word' id='word_1_342' title='bbox 273 3707 345 3751; x_wconf 85' lang='lat' dir='ltr'>vero</span> <span class='ocrx_word' id='word_1_343' title='bbox 370 3690 619 3768; x_wconf 89' lang='lat' dir='ltr'>complementum</span> <span class='ocrx_word' id='word_1_344' title='bbox 649 3682 709 3753; x_wconf 88' lang='grc'>852</span> <span class='ocrx_word' id='word_1_345' title='bbox 732 3688 785 3752; x_wconf 88' lang='grc'>512</span> <span class='ocrx_word' id='word_1_346' title='bbox 809 3689 1024 3770; x_wconf 82' lang='lat' dir='ltr'>longitudinem</span> <span class='ocrx_word' id='word_1_347' title='bbox 1048 3685 1102 3753; x_wconf 86' lang='grc'>302</span> <span class='ocrx_word' id='word_1_348' title='bbox 1126 3683 1201 3752; x_wconf 77' lang='grc'><strong>402.</strong></span> <span class='ocrx_word' id='word_1_349' title='bbox 1247 3687 1401 3749; x_wconf 82' lang='lat' dir='ltr'>Ponamus</span> <span class='ocrx_word' id='word_1_350' title='bbox 1432 3682 1529 3766; x_wconf 77' lang='lat' dir='ltr'>paral·</span> 
     </span>
     <span class='ocr_line' id='line_1_37' title="bbox 185 3773 1531 3857; baseline -0.007 -15"><span class='ocrx_word' id='word_1_351' title='bbox 185 3778 268 3842; x_wconf 83' lang='lat' dir='ltr'>laxin</span> <span class='ocrx_word' id='word_1_352' title='bbox 291 3778 395 3840; x_wconf 89' lang='lat' dir='ltr'>Lunae</span> <span class='ocrx_word' id='word_1_353' title='bbox 427 3798 446 3840; x_wconf 91' lang='grc'><strong>6</strong></span> <span class='ocrx_word' id='word_1_354' title='bbox 476 3778 547 3841; x_wconf 88' lang='lat' dir='ltr'>Sole</span> <span class='ocrx_word' id='word_1_355' title='bbox 575 3779 604 3841; x_wconf 90' lang='lat' dir='ltr'>io</span> <span class='ocrx_word' id='word_1_356' title='bbox 636 3778 790 3840; x_wconf 86' lang='lat' dir='ltr'>horizonte</span> <span class='ocrx_word' id='word_1_357' title='bbox 823 3787 854 3840; x_wconf 90' lang='lat' dir='ltr'>et</span> <span class='ocrx_word' id='word_1_358' title='bbox 887 3778 997 3840; x_wconf 91' lang='lat' dir='ltr'>circulo</span> <span class='ocrx_word' id='word_1_359' title='bbox 1027 3777 1165 3841; x_wconf 88' lang='lat' dir='ltr'>verticali</span> <span class='ocrx_word' id='word_1_360' title='bbox 1197 3796 1265 3838; x_wconf 86' lang='lat' dir='ltr'>esse</span> <span class='ocrx_word' id='word_1_361' title='bbox 1293 3773 1363 3851; x_wconf 91' lang='grc'><strong>562,</strong></span> <span class='ocrx_word' id='word_1_362' title='bbox 1406 3776 1478 3857; x_wconf 78' lang='lat' dir='ltr'>qnia</span> <span class='ocrx_word' id='word_1_363' title='bbox 1503 3778 1531 3834; x_wconf 88' lang='lat' dir='ltr'>ul</span> 
     </span>
     <span class='ocr_line' id='line_1_38' title="bbox 186 3858 1532 3949; baseline -0.007 -18"><span class='ocrx_word' id='word_1_364' title='bbox 186 3870 299 3932; x_wconf 89' lang='lat' dir='ltr'>dictum</span> <span class='ocrx_word' id='word_1_365' title='bbox 331 3884 472 3929; x_wconf 86' lang='lat' dir='ltr'>excessus</span> <span class='ocrx_word' id='word_1_366' title='bbox 504 3868 619 3949; x_wconf 88' lang='lat' dir='ltr'>aliquot</span> <span class='ocrx_word' id='word_1_367' title='bbox 645 3869 848 3948; x_wconf 86' lang='lat' dir='ltr'>scrupulorum</span> <span class='ocrx_word' id='word_1_368' title='bbox 879 3868 909 3930; x_wconf 91' lang='lat' dir='ltr'>in</span> <span class='ocrx_word' id='word_1_369' title='bbox 937 3867 995 3930; x_wconf 91' lang='lat' dir='ltr'>hac</span> <span class='ocrx_word' id='word_1_370' title='bbox 1019 3868 1137 3930; x_wconf 82' lang='lat' dir='ltr'>fictione</span> <span class='ocrx_word' id='word_1_371' title='bbox 1161 3866 1234 3929; x_wconf 90' lang='lat' dir='ltr'>nibil</span> <span class='ocrx_word' id='word_1_372' title='bbox 1266 3873 1356 3927; x_wconf 91' lang='lat' dir='ltr'>nocet</span> <span class='ocrx_word' id='word_1_373' title='bbox 1384 3858 1532 3946; x_wconf 83' lang='lat' dir='ltr'>praesenti</span> 
     </span>
     <span class='ocr_line' id='line_1_39' title="bbox 160 3948 1536 4039; baseline -0.005 -19"><span class='ocrx_word' id='word_1_374' title='bbox 160 3956 318 4036; x_wconf 70' lang='lat' dir='ltr'>negotio.</span> <span class='ocrx_word' id='word_1_375' title='bbox 365 3953 441 4019; x_wconf 85' lang='lat' dir='ltr'>Gum</span> <span class='ocrx_word' id='word_1_376' title='bbox 464 3955 555 4038; x_wconf 90' lang='lat' dir='ltr'>igitur</span> <span class='ocrx_word' id='word_1_377' title='bbox 577 3958 717 4019; x_wconf 90' lang='lat' dir='ltr'>culmioet</span> <span class='ocrx_word' id='word_1_378' title='bbox 740 3951 848 4037; x_wconf 71' lang='lat' dir='ltr'>²⁰⁸ia⁰</span> <span class='ocrx_word' id='word_1_379' title='bbox 860 3962 904 4035; x_wconf 61' lang='grc' dir='ltr'>ἦ,</span> <span class='ocrx_word' id='word_1_380' title='bbox 928 3957 958 4018; x_wconf 91' lang='lat' dir='ltr'>in</span> <span class='ocrx_word' id='word_1_381' title='bbox 982 3957 1176 4038; x_wconf 84' lang='lat' dir='ltr'>nonagesimo</span> <span class='ocrx_word' id='word_1_382' title='bbox 1201 3955 1258 4018; x_wconf 91' lang='lat' dir='ltr'>erit</span> <span class='ocrx_word' id='word_1_383' title='bbox 1284 3948 1536 4039; x_wconf 62' lang='grc' dir='ltr'>152],2.*&gt;’·..,111ιίι</span> 
     </span>
     <span class='ocr_line' id='line_1_40' title="bbox 185 4042 1531 4127; baseline -0.004 -17"><span class='ocrx_word' id='word_1_384' title='bbox 185 4047 283 4111; x_wconf 83' lang='lat' dir='ltr'>distet</span> <span class='ocrx_word' id='word_1_385' title='bbox 312 4065 331 4108; x_wconf 91' lang='grc'><strong>6</strong></span> <span class='ocrx_word' id='word_1_386' title='bbox 359 4046 472 4108; x_wconf 78' lang='lat' dir='ltr'>vertice</span> <span class='ocrx_word' id='word_1_387' title='bbox 501 4044 562 4110; x_wconf 91' lang='grc'>702</span> <span class='ocrx_word' id='word_1_388' title='bbox 587 4050 619 4109; x_wconf 86' lang='grc'>42</span> <span class='ocrx_word' id='word_1_389' title='bbox 646 4046 781 4127; x_wconf 83' lang='lat' dir='ltr'>Pragae,</span> <span class='ocrx_word' id='word_1_390' title='bbox 814 4048 843 4109; x_wconf 93' lang='lat' dir='ltr'>in</span> <span class='ocrx_word' id='word_1_391' title='bbox 874 4048 938 4118; x_wconf 79' lang='lat' dir='ltr'>loco</span> <span class='ocrx_word' id='word_1_392' title='bbox 966 4045 1197 4109; x_wconf 82' lang='lat' dir='ltr'>observationis.</span> <span class='ocrx_word' id='word_1_393' title='bbox 1251 4045 1355 4126; x_wconf 85' lang='lat' dir='ltr'>Atque</span> <span class='ocrx_word' id='word_1_394' title='bbox 1388 4043 1467 4108; x_wconf 78' lang='lat' dir='ltr'>baec</span> <span class='ocrx_word' id='word_1_395' title='bbox 1489 4042 1531 4104; x_wconf 92' lang='lat' dir='ltr'>di·</span> 
     </span>
     <span class='ocr_line' id='line_1_41' title="bbox 185 4125 1531 4217; baseline -0.005 -16"><span class='ocrx_word' id='word_1_396' title='bbox 185 4135 298 4201; x_wconf 74' lang='lat' dir='ltr'>stantia</span> <span class='ocrx_word' id='word_1_397' title='bbox 320 4130 382 4198; x_wconf 91' lang='grc'>702</span> <span class='ocrx_word' id='word_1_398' title='bbox 403 4129 450 4210; x_wconf 91' lang='grc'>42,</span> <span class='ocrx_word' id='word_1_399' title='bbox 479 4135 618 4217; x_wconf 86' lang='lat' dir='ltr'>quaesita</span> <span class='ocrx_word' id='word_1_400' title='bbox 640 4136 669 4198; x_wconf 91' lang='lat' dir='ltr'>io</span> <span class='ocrx_word' id='word_1_401' title='bbox 694 4135 828 4217; x_wconf 80' lang='lat' dir='ltr'>margine</span> <span class='ocrx_word' id='word_1_402' title='bbox 851 4135 1077 4216; x_wconf 85' lang='lat' dir='ltr'>perallectioae,</span> <span class='ocrx_word' id='word_1_403' title='bbox 1103 4135 1224 4198; x_wconf 87' lang='lat' dir='ltr'>exhibet</span> <span class='ocrx_word' id='word_1_404' title='bbox 1247 4134 1304 4198; x_wconf 89' lang='lat' dir='ltr'>sub</span> <span class='ocrx_word' id='word_1_405' title='bbox 1319 4135 1461 4197; x_wconf 80' lang='lat' dir='ltr'>columna</span> <span class='ocrx_word' id='word_1_406' title='bbox 1483 4125 1531 4195; x_wconf 89' lang='grc'>562</span> 
     </span>
     <span class='ocr_line' id='line_1_42' title="bbox 185 4219 1531 4309; baseline -0.004 -20"><span class='ocrx_word' id='word_1_407' title='bbox 185 4223 356 4309; x_wconf 83' lang='lat' dir='ltr'>parallaxin</span> <span class='ocrx_word' id='word_1_408' title='bbox 385 4222 551 4286; x_wconf 88' lang='lat' dir='ltr'>latitudinis</span> <span class='ocrx_word' id='word_1_409' title='bbox 581 4222 635 4288; x_wconf 89' lang='grc'>522</span> <span class='ocrx_word' id='word_1_410' title='bbox 663 4222 742 4300; x_wconf 86' lang='grc'><strong>3822,</strong></span> <span class='ocrx_word' id='word_1_411' title='bbox 781 4225 859 4287; x_wconf 88' lang='lat' dir='ltr'>uode</span> <span class='ocrx_word' id='word_1_412' title='bbox 888 4225 994 4287; x_wconf 86' lang='lat' dir='ltr'>ablata</span> <span class='ocrx_word' id='word_1_413' title='bbox 1023 4225 1091 4288; x_wconf 87' lang='lat' dir='ltr'>visa</span> <span class='ocrx_word' id='word_1_414' title='bbox 1119 4223 1246 4286; x_wconf 84' lang='lat' dir='ltr'>latitudo</span> <span class='ocrx_word' id='word_1_415' title='bbox 1277 4223 1386 4291; x_wconf 83' lang='lat' dir='ltr'>Lunae</span> <span class='ocrx_word' id='word_1_416' title='bbox 1417 4242 1438 4285; x_wconf 89' lang='grc'><strong>6</strong></span> <span class='ocrx_word' id='word_1_417' title='bbox 1466 4219 1531 4285; x_wconf 85' lang='lat' dir='ltr'>Sole</span> 
     </span>
     <span class='ocr_line' id='line_1_43' title="bbox 187 4306 1529 4393; baseline -0.004 -16"><span class='ocrx_word' id='word_1_418' title='bbox 187 4316 313 4391; x_wconf 79' lang='lat' dir='ltr'>(pustr.)</span> <span class='ocrx_word' id='word_1_419' title='bbox 337 4311 369 4375; x_wconf 90' lang='grc'>22</span> <span class='ocrx_word' id='word_1_420' title='bbox 396 4311 473 4389; x_wconf 89' lang='grc'><strong>1422,</strong></span> <span class='ocrx_word' id='word_1_421' title='bbox 512 4315 668 4376; x_wconf 90' lang='lat' dir='ltr'>coustituit</span> <span class='ocrx_word' id='word_1_422' title='bbox 701 4315 886 4376; x_wconf 86' lang='lat' dir='ltr'>latitudinem</span> <span class='ocrx_word' id='word_1_423' title='bbox 908 4315 1012 4376; x_wconf 89' lang='lat' dir='ltr'>Lunae</span> <span class='ocrx_word' id='word_1_424' title='bbox 1037 4314 1076 4376; x_wconf 87' lang='lat' dir='ltr'>ab</span> <span class='ocrx_word' id='word_1_425' title='bbox 1100 4312 1241 4393; x_wconf 89' lang='lat' dir='ltr'>ecliptica</span> <span class='ocrx_word' id='word_1_426' title='bbox 1278 4309 1333 4377; x_wconf 90' lang='grc'>502</span> <span class='ocrx_word' id='word_1_427' title='bbox 1371 4306 1440 4376; x_wconf 89' lang='grc'><strong>2422</strong></span> <span class='ocrx_word' id='word_1_428' title='bbox 1471 4311 1529 4373; x_wconf 88' lang='lat' dir='ltr'>bor.</span> 
     </span>
     <span class='ocr_line' id='line_1_44' title="bbox 185 4397 1528 4485; baseline -0.004 -19"><span class='ocrx_word' id='word_1_429' title='bbox 185 4401 330 4485; x_wconf 84' lang='lat' dir='ltr'>Ejusdem</span> <span class='ocrx_word' id='word_1_430' title='bbox 346 4422 417 4464; x_wconf 85' lang='lat' dir='ltr'>vero</span> <span class='ocrx_word' id='word_1_431' title='bbox 433 4403 596 4466; x_wconf 86' lang='lat' dir='ltr'>distantiae</span> <span class='ocrx_word' id='word_1_432' title='bbox 613 4400 673 4468; x_wconf 83' lang='grc'>702</span> <span class='ocrx_word' id='word_1_433' title='bbox 696 4401 728 4464; x_wconf 92' lang='grc'>42</span> <span class='ocrx_word' id='word_1_434' title='bbox 750 4405 859 4483; x_wconf 91' lang='lat' dir='ltr'>compl.</span> <span class='ocrx_word' id='word_1_435' title='bbox 887 4399 945 4467; x_wconf 84' lang='lat'>19⁰</span> <span class='ocrx_word' id='word_1_436' title='bbox 968 4397 1022 4466; x_wconf 89' lang='grc'>562</span> <span class='ocrx_word' id='word_1_437' title='bbox 1045 4402 1100 4466; x_wconf 89' lang='lat' dir='ltr'>sub</span> <span class='ocrx_word' id='word_1_438' title='bbox 1126 4401 1231 4464; x_wconf 90' lang='lat' dir='ltr'>eadem</span> <span class='ocrx_word' id='word_1_439' title='bbox 1255 4402 1397 4465; x_wconf 82' lang='lat' dir='ltr'>columna</span> <span class='ocrx_word' id='word_1_440' title='bbox 1412 4400 1528 4465; x_wconf 78' lang='lat' dir='ltr'>exbrbd</span> 
     </span>
     <span class='ocr_line' id='line_1_45' title="bbox 186 4489 965 4573; baseline 0.003 -19"><span class='ocrx_word' id='word_1_441' title='bbox 186 4492 354 4573; x_wconf 80' lang='lat' dir='ltr'>parallaxin</span> <span class='ocrx_word' id='word_1_442' title='bbox 378 4491 572 4573; x_wconf 82' lang='lat' dir='ltr'>longitudinis</span> <span class='ocrx_word' id='word_1_443' title='bbox 596 4493 810 4555; x_wconf 87' lang='lat' dir='ltr'>horizontalem</span> <span class='ocrx_word' id='word_1_444' title='bbox 837 4489 888 4557; x_wconf 90' lang='grc'>192</span> <span class='ocrx_word' id='word_1_445' title='bbox 912 4490 965 4556; x_wconf 89' lang='grc'><strong>522.</strong></span> 
     </span>
     <span class='ocr_line' id='line_1_46' title="bbox 274 4576 1529 4665; baseline -0.004 -19"><span class='ocrx_word' id='word_1_446' title='bbox 274 4581 351 4646; x_wconf 79' lang='lat' dir='ltr'>Cum</span> <span class='ocrx_word' id='word_1_447' title='bbox 373 4599 445 4643; x_wconf 84' lang='lat' dir='ltr'>vero</span> <span class='ocrx_word' id='word_1_448' title='bbox 465 4578 566 4661; x_wconf 61' lang='lat' dir='ltr'>15³1,o</span> <span class='ocrx_word' id='word_1_449' title='bbox 586 4600 630 4642; x_wconf 66' lang='lat'>222</span> <span class='ocrx_word' id='word_1_450' title='bbox 653 4583 694 4644; x_wconf 91' lang='lat' dir='ltr'>sit</span> <span class='ocrx_word' id='word_1_451' title='bbox 707 4583 736 4644; x_wconf 89' lang='lat' dir='ltr'>in</span> <span class='ocrx_word' id='word_1_452' title='bbox 751 4582 954 4663; x_wconf 90' lang='lat' dir='ltr'>nonagesimo,</span> <span class='ocrx_word' id='word_1_453' title='bbox 982 4589 1013 4643; x_wconf 86' lang='lat' dir='ltr'>et</span> <span class='ocrx_word' id='word_1_454' title='bbox 1032 4577 1086 4642; x_wconf 89' lang='lat' dir='ltr'>Sol</span> <span class='ocrx_word' id='word_1_455' title='bbox 1100 4579 1130 4640; x_wconf 92' lang='lat' dir='ltr'>in</span> <span class='ocrx_word' id='word_1_456' title='bbox 1147 4576 1187 4642; x_wconf 85' lang='grc'>22</span> <span class='ocrx_word' id='word_1_457' title='bbox 1200 4576 1254 4644; x_wconf 89' lang='grc'><strong>532</strong></span> <span class='ocrx_word' id='word_1_458' title='bbox 1270 4591 1314 4660; x_wconf 60' lang='grc' dir='ltr'>ἦ,</span> <span class='ocrx_word' id='word_1_459' title='bbox 1331 4579 1529 4665; x_wconf 81' lang='lat' dir='ltr'>distatigitut</span> 
     </span>
     <span class='ocr_line' id='line_1_47' title="bbox 188 4665 1529 4752; baseline -0.001 -19"><span class='ocrx_word' id='word_1_460' title='bbox 188 4691 207 4733; x_wconf 89' lang='lat' dir='ltr'>a</span> <span class='ocrx_word' id='word_1_461' title='bbox 229 4671 421 4751; x_wconf 87' lang='lat' dir='ltr'>nonagesimo</span> <span class='ocrx_word' id='word_1_462' title='bbox 445 4670 474 4733; x_wconf 93' lang='lat' dir='ltr'>in</span> <span class='ocrx_word' id='word_1_463' title='bbox 497 4690 636 4733; x_wconf 87' lang='lat' dir='ltr'>occasum</span> <span class='ocrx_word' id='word_1_464' title='bbox 654 4667 719 4749; x_wconf 88' lang='grc'>422</span> <span class='ocrx_word' id='word_1_465' title='bbox 742 4668 814 4748; x_wconf 87' lang='grc'><strong>522,</strong></span> <span class='ocrx_word' id='word_1_466' title='bbox 848 4690 923 4752; x_wconf 87' lang='lat' dir='ltr'>quae</span> <span class='ocrx_word' id='word_1_467' title='bbox 948 4671 1094 4733; x_wconf 87' lang='lat' dir='ltr'>distantia</span> <span class='ocrx_word' id='word_1_468' title='bbox 1118 4670 1173 4731; x_wconf 91' lang='lat' dir='ltr'>sub</span> <span class='ocrx_word' id='word_1_469' title='bbox 1198 4669 1337 4732; x_wconf 78' lang='lat' dir='ltr'>columna</span> <span class='ocrx_word' id='word_1_470' title='bbox 1362 4665 1417 4735; x_wconf 88' lang='grc'><strong>192</strong></span> <span class='ocrx_word' id='word_1_471' title='bbox 1440 4678 1472 4733; x_wconf 88' lang='lat' dir='ltr'>et</span> <span class='ocrx_word' id='word_1_472' title='bbox 1491 4665 1529 4732; x_wconf 88' lang='grc'>522</span> 
     </span>
     <span class='ocr_line' id='line_1_48' title="bbox 188 4755 1528 4841; baseline 0.004 -21"><span class='ocrx_word' id='word_1_473' title='bbox 188 4759 311 4825; x_wconf 85' lang='lat' dir='ltr'>exbibet</span> <span class='ocrx_word' id='word_1_474' title='bbox 352 4759 546 4841; x_wconf 83' lang='lat' dir='ltr'>longitudinis</span> <span class='ocrx_word' id='word_1_475' title='bbox 589 4761 755 4840; x_wconf 84' lang='lat' dir='ltr'>parallaxin</span> <span class='ocrx_word' id='word_1_476' title='bbox 792 4761 823 4823; x_wconf 93' lang='lat' dir='ltr'>in</span> <span class='ocrx_word' id='word_1_477' title='bbox 856 4778 994 4823; x_wconf 89' lang='lat' dir='ltr'>occasum</span> <span class='ocrx_word' id='word_1_478' title='bbox 1031 4777 1084 4820; x_wconf 83' lang='lat' dir='ltr'>seu</span> <span class='ocrx_word' id='word_1_479' title='bbox 1120 4758 1333 4821; x_wconf 82' lang='lat' dir='ltr'>antecedentia</span> <span class='ocrx_word' id='word_1_480' title='bbox 1369 4757 1422 4824; x_wconf 88' lang='grc'>122</span> <span class='ocrx_word' id='word_1_481' title='bbox 1457 4755 1528 4831; x_wconf 83' lang='grc'><strong>5622.</strong></span> 
     </span>
     <span class='ocr_line' id='line_1_49' title="bbox 188 4842 1528 4935; baseline 0 -25"><span class='ocrx_word' id='word_1_482' title='bbox 188 4862 277 4933; x_wconf 76' lang='lat' dir='ltr'>quem</span> <span class='ocrx_word' id='word_1_483' title='bbox 300 4845 386 4911; x_wconf 82' lang='lat' dir='ltr'>aulen</span> <span class='ocrx_word' id='word_1_484' title='bbox 407 4867 428 4910; x_wconf 87' lang='grc'><strong>6</strong></span> <span class='ocrx_word' id='word_1_485' title='bbox 450 4845 680 4914; x_wconf 74' lang='lat' dir='ltr'>risibili-Luras</span> <span class='ocrx_word' id='word_1_486' title='bbox 703 4847 911 4929; x_wconf 77' lang='lat' dir='ltr'>praecessione</span> <span class='ocrx_word' id='word_1_487' title='bbox 936 4845 990 4913; x_wconf 81' lang='grc'>302</span> <span class='ocrx_word' id='word_1_488' title='bbox 1012 4842 1093 4924; x_wconf 82' lang='grc'><strong>4022,</strong></span> <span class='ocrx_word' id='word_1_489' title='bbox 1110 4849 1216 4935; x_wconf 78' lang='lat' dir='ltr'>prodit</span> <span class='ocrx_word' id='word_1_490' title='bbox 1239 4848 1326 4930; x_wconf 81' lang='lat' dir='ltr'>quael</span> <span class='ocrx_word' id='word_1_491' title='bbox 1349 4866 1425 4914; x_wconf 77' lang='lat' dir='ltr'>vers</span> <span class='ocrx_word' id='word_1_492' title='bbox 1444 4866 1528 4931; x_wconf 85' lang='lat' dir='ltr'>prae·</span> 
     </span>
    </p>
   </div>
   <div class='ocr_carea' id='block_1_3' title="bbox 197 456 1543 897">
    <p class='ocr_par' dir='ltr' id='par_1_3' title="bbox 197 426 1543 897">
     <span class='ocr_line' id='line_1_50' title="bbox 200 456 1543 897; baseline -0.003 -358"><span class='ocrx_word' id='word_1_493' title='bbox 200 486 306 540; x_wconf 91' lang='lat' dir='ltr'>centra</span> <span class='ocrx_word' id='word_1_494' title='bbox 330 471 411 536; x_wconf 89' lang='lat' dir='ltr'>Solis</span> <span class='ocrx_word' id='word_1_495' title='bbox 434 482 466 536; x_wconf 82' lang='lat' dir='ltr'>et</span> <span class='ocrx_word' id='word_1_496' title='bbox 487 475 590 537; x_wconf 88' lang='lat' dir='ltr'>Lunae</span> <span class='ocrx_word' id='word_1_497' title='bbox 613 456 994 897; x_wconf 43' lang='lat' dir='ltr'>melmhgcu&#39;um</span> <span class='ocrx_word' id='word_1_498' title='bbox 1019 476 1203 540; x_wconf 87' lang='lat' dir='ltr'>verticalem.</span> <span class='ocrx_word' id='word_1_499' title='bbox 1247 473 1333 546; x_wconf 82' lang='lat' dir='ltr'>Quae</span> <span class='ocrx_word' id='word_1_500' title='bbox 1348 473 1452 538; x_wconf 88' lang='lat' dir='ltr'>omnia</span> <span class='ocrx_word' id='word_1_501' title='bbox 1470 492 1543 554; x_wconf 89' lang='lat' dir='ltr'>quo-</span> 
     </span>
     <span class='ocr_line' id='line_1_51' title="bbox 197 562 1543 645; baseline -0.004 -15"><span class='ocrx_word' id='word_1_502' title='bbox 197 567 284 630; x_wconf 91' lang='lat' dir='ltr'>modo</span> <span class='ocrx_word' id='word_1_503' title='bbox 308 564 478 626; x_wconf 84' lang='lat' dir='ltr'>habeantur</span> <span class='ocrx_word' id='word_1_504' title='bbox 501 565 588 625; x_wconf 93' lang='lat' dir='ltr'>modo</span> <span class='ocrx_word' id='word_1_505' title='bbox 612 562 807 645; x_wconf 31' lang='lat' dir='ltr'>observat&#39;io&#39;·</span> <span class='ocrx_word' id='word_1_506' title='bbox 875 565 1038 641; x_wconf 87' lang='lat' dir='ltr'>dmirabili,</span> <span class='ocrx_word' id='word_1_507' title='bbox 1073 566 1234 628; x_wconf 87' lang='lat' dir='ltr'>artificioso</span> <span class='ocrx_word' id='word_1_508' title='bbox 1265 573 1296 627; x_wconf 86' lang='lat' dir='ltr'>et</span> <span class='ocrx_word' id='word_1_509' title='bbox 1314 563 1543 645; x_wconf 84' lang='lat' dir='ltr'>jucundissimo,</span> 
     </span>
    </p>
   </div>
   <div class='ocr_carea' id='block_1_4' title="bbox 0 0 1682 5504">
    <p class='ocr_par' dir='ltr' id='par_1_4' title="bbox 0 0 1682 5504">
     <span class='ocr_line' id='line_1_52' title="bbox 0 0 1682 5504; baseline 0 3"><span class='ocrx_word' id='word_1_510' title='bbox 0 0 1682 5504; x_wconf 95' lang='lat' dir='ltr'> </span> 
     </span>
    </p>
   </div>
  </div>
 </body>
</html>
