3354 5504
159 286 204 357 84
577 291 677 344 Literae
694 290 797 355 Kepleri
816 292 966 357 aliorumque
982 297 1085 343 mutuae

162 470 233 554 quia
273 471 375 546 addis,
417 476 447 532 te
480 489 601 552 sperare
642 471 866 533 satisfacturam
906 471 1180 547 observationibus,
1215 477 1248 534 et
1275 456 1510 554 cogitationbius

160 560 329 622 effinxisse:
354 580 419 623 non·
437 561 560 635 faciam,
585 561 699 623 inutilis
723 561 816 624 labor.
855 559 907 623 -Es
930 561 1023 623 etiam
1046 562 1219 624 irritandus.
1265 561 1332 642 Ego
1355 556 1510 623 vera'nou

160 658 194 712 ut
217 659 250 712 ta
272 649 480 730 praeconcipio
503 649 652 730 integram
685 650 884 731 hypothesin,
917 669 1005 730 quam
1037 658 1146 730 postea
1176 650 1299 733 probem
1332 652 1412 713 bona
1443 668 1509 731 spe.

158 739 239 802 Nam
263 740 349 801 fallet
372 759 426 800 uos
450 747 604 801 aeternum
627 751 699 820 spes
721 741 805 801 haec.
851 739 953 802 Pauca
976 759 1054 820 pono
1086 740 1296 820 principiorum
1325 741 1406 816 loco,
1439 740 1509 802 iuda

158 841 267 910 sequor
290 828 525 891 observationes.

247 918 298 980 Ad
321 918 443 980 ultimas
467 917 509 998 7.ἱ
522 914 607 991 (17.)
632 917 704 997 Maj.
732 913 827 981 1603.

247 1008 294 1069 Do
318 1008 519 1089 computanda
540 1007 687 1070 distantia
711 1005 792 1069 Solia
816 1013 848 1068 et
870 1006 981 1068 Terrae
1006 1006 1155 1087 quereris,
1186 1013 1216 1069 te
1249 1006 1391 1070 confundi
1413 1006 1511 1071 tribus

160 1097 266 1172 modis,
291 1116 377 1159 uuum
394 1104 509 1178 optare.
546 1096 591 1157 At
606 1116 662 1176 ego
679 1116 716 1157 ue
731 1096 951 1169 confunderem,
967 1097 1057 1158 tertio
1081 1097 1148 1159 loco
1170 1104 1202 1158 te
1226 1097 1264 1158 ad
1288 1096 1512 1179 similitudinem

161 1187 348 1268 quaerendae
372 1186 535 1248 distantiae
559 1184 640 1247 Solis
665 1193 696 1247 et
717 1186 828 1247 Martis
851 1185 1002 1265 ablegari.
1048 1187 1118 1264 lpse
1147 1204 1219 1248 vero
1251 1186 1365 1265 primus
1391 1185 1511 1260 modus,

162 1277 188 1339 si
210 1276 325 1337 minuta
347 1283 512 1348 sectemur,
546 1274 639 1336 habet
671 1275 748 1336 hanc
780 1275 877 1354 ipsam
906 1274 1034 1336 similem
1057 1275 1259 1354 operationem
1283 1284 1314 1337 et
1336 1274 1512 1337 venerimus

162 1372 220 1428 est.
258 1363 413 1428 Secundus
437 1383 508 1426 vero
532 1364 759 1444 compendiosus
775 1363 894 1443 quidem
911 1363 984 1425 etin
1004 1383 1123 1426 aeneum
1140 1363 1212 1426 uihil
1227 1374 1344 1445 peccat,
1369 1363 1513 1427 distrahit

160 1462 262 1517 tamen
287 1452 390 1518 Solem
411 1454 442 1516 in
466 1454 641 1534 operatione
665 1474 684 1514 a
707 1453 901 1514 similitudine
927 1460 1104 1516 ceteromm.

248 1560 345 1642 Igitur
367 1562 423 1623 hoc
447 1561 524 1622 habe
547 1568 755 1642 praeceptum:
790 1559 909 1640 cognito
940 1579 1011 1622 vero
1042 1560 1107 1622 loco
1131 1559 1212 1623 Solis
1236 1559 1261 1621 si
1285 1560 1369 1640 cupis
1402 1559 1513 1643 ejnsa

158 1650 253 1713 Terra
276 1650 453 1713 distantiam
477 1668 675 1730 cognoscere,
709 1649 835 1730 primum
867 1650 952 1722 vide,
985 1657 1130 1730 qnantum
1162 1650 1200 1712 ab
1233 1667 1368 1729 apogaeo
1399 1648 1512 1726 distet;

160 1740 268 1802 deinde
292 1740 368 1802 adde
401 1740 470 1802 hnic
503 1740 666 1802 distantiae
700 1739 737 1800 ab
770 1757 917 1819 apogaeox
931 1738 1085 1802 dimidiam
1109 1739 1318 1822 aequationem
1341 1739 1408 1819 ejus
1437 1738 1512 1814 loci;

158 1829 250 1893 tertio
279 1829 345 1893 dic:
374 1837 408 1892 nt
431 1830 514 1892 sinus
543 1830 632 1910 hujus
648 1824 762 1890 ¹auctae
787 1828 951 1891 distantiae
966 1827 1005 1890 ab
1019 1847 1154 1910 apogaeo
1170 1829 1209 1890 ad
1228 1835 1335 1903 totum,
1361 1828 1405 1889 sic
1429 1828 1512 1890 sinus

158 1920 239 1984 illius
262 1938 352 1982 verae
375 1918 540 1981 distantiae
564 1919 602 1981 ab
627 1937 762 2000 apogaeo
787 1919 825 1979 ad
849 1917 1027 1981 distantiam
1046 1917 1183 1981 Soliset
1201 1918 1323 1980 Terrae.
1361 1919 1398 1980 In
1411 1917 1513 1980 Marta

159 2016 232 2090 puto
255 2008 469 2090 propemodum
492 2007 571 2070 idem
601 2007 698 2070 locum
727 2008 915 2082 habitarum,
946 2016 980 2069 tu
1012 2006 1077 2088 ipse
1109 2006 1273 2093 periculum
1306 2007 1411 2069 facias.
1458 2004 1514 2070 sin

160 2106 261 2161 antem
287 2098 378 2161 nimia
402 2097 611 2160 ecoentrioitae
634 2117 693 2160 non
717 2100 777 2159 fert
799 2096 855 2158 hoc
880 2097 1100 2177 compendium,
1131 2115 1220 2159 mane
1243 2114 1316 2176 ergo
1339 2095 1514 2178 inproprie

160 2189 249 2250 modo
273 2188 366 2250 Marti
391 2186 555 2267 adscripto.
1533 2190 1539 2203 ·

252 2294 431 2353 Fabricius,
460 2311 509 2346 non
529 2288 1103 2360 exspectansKepleriresponsa,die18l28.
1123 2293 1190 2344 Junii
1217 2291 1281 2343 haec
1308 2290 1376 2342 dedit
1391 2288 1515 2357 Ksplsro:

160 2367 238 2417 Juxta
256 2372 325 2416 tuam
343 2365 489 2430 hypothesin
518 2366 629 2431 exempla
657 2363 792 2430 aliquotd
814 2363 951 2421 calculari,
978 2365 1023 2414 sed
1041 2365 1151 2414 veritatis
1176 2379 1277 2429 scopum
1295 2379 1345 2415 non
1365 2364 1513 2429 attigerunt,

159 2439 225 2504 qaod
243 2452 399 2501 speraveram
416 2440 476 2488 iore.
514 2440 594 2490 Video
617 2438 726 2487 nondum
750 2438 863 2488 sufficere
889 2443 958 2487 taam
982 2436 1130 2500 hypothesin
1155 2436 1372 2491 observationibus.
1409 2434 1465 2501 Epa
1481 2449 1514 2487 ax

160 2511 232 2560 variis
260 2511 378 2573 exemplis
404 2512 515 2576 cognovi,
543 2517 636 2560 motum
654 2509 778 2574 quendam
805 2523 916 2559 aunuum
943 2509 1186 2559 commensurabilem
1213 2507 1293 2558 Solari
1319 2509 1401 2557 inesse
1424 2504 1511 2559 Muti.

158 2579 315 2645 Acronychia
333 2582 481 2644 respondent
498 2582 636 2646 hypothesi,
656 2587 683 2631 at
698 2582 724 2630 in
741 2581 801 2629 locis
821 2586 891 2630 extra
909 2580 1059 2643 scronychia
1076 2595 1126 2629 nou
1144 2581 1211 2630 item.
1240 2579 1297 2629 Nou
1315 2577 1415 2636 sufficit,
1435 2576 1513 2629 allam

159 2668 250 2720 ponere
268 2655 480 2703 ecceutricitatem
498 2670 541 2718 pro
560 2653 684 2703 distantiis
701 2653 727 2701 iu
746 2651 836 2702 circulo
854 2650 957 2709 Martis,
984 2651 1029 2702 sed
1054 2658 1150 2715 oportet
1168 2654 1243 2701 etiam
1262 2656 1356 2700 motum
1374 2656 1511 2725 eommuta-

159 2726 233 2776 tionis
250 2723 341 2774 Martis
360 2738 469 2774 annuum
488 2725 657 2779 considerare,
676 2725 702 2772 iu
721 2738 768 2788 quo
787 2725 865 2772 omnis
883 2722 1011 2774 diversitas
1030 2723 1107 2780 latet,
1127 2737 1176 2772 nou
1194 2725 1221 2773 in
1238 2723 1290 2787 ipso
1309 2722 1366 2773 orba
1385 2726 1430 2771 mr
1447 2721 1512 2772 ariis

159 2798 248 2848 Martis
267 2797 428 2854 dimensione,
454 2797 499 2847 sed
523 2797 581 2847 orbe
604 2810 694 2846 annuo.
732 2795 807 2845 Miror
824 2796 913 2859 igitur.
937 2801 963 2844 te
981 2796 1008 2846 in
1026 2794 1141 2858 exemplis
1159 2793 1207 2845 hoc
1224 2809 1274 2844 uon
1300 2792 1511 2845 animadvertisse.

158 2869 224 2920 Vide
243 2868 395 2931 exemplum:
415 2860 686 2918 mn01587.·9.'Jan.
704 2865 728 2916 h.
742 2882 778 2917 m.
794 2873 876 2916 exstat
887 2865 998 2929 Tychoni
1016 2866 1041 2927 d
1061 2867 1086 2915 in
1106 2862 1136 2913 2⁰
1149 2863 1191 2914 47⁸
1205 2867 1269 2924 2,
1290 2861 1367 2914 1002.
1388 2861 1430 2914 18.
1443 2864 1512 2916 lunii

159 2940 183 2991 h.
206 2937 246 2989 10.
267 2955 291 3003 p.
311 2955 344 2987 m.
364 2938 389 2999 d
407 2942 478 3002 iuxta
502 2954 585 2990 meam
609 2944 723 2989 exactam
748 2938 943 2988 observationem
967 2938 992 2988 in
1011 2934 1059 2987 27ο
1077 2933 1120 2986 43¹
1140 2936 1182 3013 dp
1219 2937 1274 2989 Tua
1298 2934 1440 3002 hypothesis
1466 2934 1511 2987 dat

160 3007 209 3060 28⁰
230 3008 271 3058 12‘
291 3008 332 3085 ilp,
351 3013 371 3059 si
390 3018 458 3065 recte
476 3012 584 3061 memini.
622 3008 664 3060 Sic
682 3010 757 3060 etiam
776 3011 803 3060 in
822 3009 875 3060 aliis
894 3024 958 3075 quae
977 3008 1076 3060 adhibui
1095 3008 1219 3074 exemplis.

251 3081 334 3142 Quare
347 3089 376 3132 ut
389 3081 529 3148 diligentins
542 3089 612 3133 tuam
623 3081 769 3145 hypothesin
783 3082 924 3132 consideres
934 3096 1032 3145 moneo,
1044 3087 1071 3132 et
1082 3087 1175 3131 motum
1188 3079 1386 3131 commutationis
1399 3079 1511 3130 σκιῶν

160 3155 310 3219 et·penitim
329 3155 462 3204 examines.
500 3155 572 3205 Haec
591 3168 652 3204 sane
671 3166 789 3218 comper
814 3152 937 3204 calculum
955 3167 1014 3204 vera
1038 3153 1221 3211 adinvenerim,
1246 3152 1322 3202 iibere
1338 3152 1384 3202 tibi
1402 3148 1509 3205 scribare

158 3243 208 3277 non
227 3241 281 3275 sum
299 3226 397 3276 veritas.

247 3296 332 3358 Miror,
353 3295 522 3361 copemicum,
542 3296 774 3363 Regiomontanom,
793 3295 970 3360 Ptolemaeum¹
982 3302 1008 3346 et
1021 3295 1081 3348 alios
1100 3310 1130 3346 ex
1148 3294 1317 3353 observatione
1336 3292 1419 3359 aliqua
1436 3293 1509 3346 sami·

92 3410 98 3424 .
161 3370 275 3420 diametri
294 3369 359 3418 orbis
379 3371 454 3419 annui
481 3370 660 3433 proportionem
680 3369 711 3418 ad
730 3369 814 3418 orbem
828 3366 919 3418 Martis
943 3362 1064 3433 inqulr'ere
1089 3367 1207 3428 voluisse,
1231 3381 1281 3416 uon
1306 3365 1379 3416 slitar
1396 3379 1429 3416 so
1446 3368 1467 3415 si
1484 3368 1510 3416 iu

161 3443 249 3493 ceteris
267 3443 304 3491 ita
322 3456 417 3506 quoque
437 3448 517 3499 esset,
546 3454 601 3490 eum
626 3449 711 3490 tamen
730 3454 760 3489 er
778 3441 895 3490 universis
923 3442 1039 3505 exemplis
1064 3440 1137 3504 longe
1156 3437 1207 3488 alia
1233 3440 1304 3489 detur
1328 3438 1510 3491 semidiameter

162 3515 242 3567 orbis,
260 3513 332 3577 idque
356 3516 428 3575 juxta
447 3527 521 3578 quam
539 3513 628 3562 virtute
653 3513 826 3563 distantiarum
845 3510 888 3574 (da
913 3512 1067 3576 acrouyehiis
1085 3525 1151 3562 nunc
1168 3510 1267 3575 loquar,
1285 3524 1317 3560 ne
1336 3510 1509 3571 mutim

162 3587 267 3634 mutatio
286 3586 311 3634 in
337 3585 391 3635 aliis
418 3585 479 3634 locis
505 3585 574 3634 uobis
593 3583 633 3636 hic
656 3586 786 3650 quicquam
814 3581 939 3647 obiiciat),
967 3586 989 3634 si
1012 3585 1156 3635 distantiam
1182 3582 1357 3647 acroaychiam
1382 3583 1508 3640 sumserit,
1548 3590 1551 3597 '

163 3657 280 3722 angulum
298 3656 453 3721 paraliaxeos
471 3663 497 3706 et
516 3655 634 3722 angulum
658 3657 856 3706 commutationis
880 3670 953 3707 verae
971 3657 1009 3707 val
1035 3656 1178 3707 distaumm
1197 3654 1223 3717 ό
1243 3654 1343 3704 alinea
1368 3648 1508 3721 coaequata

159 3729 234 3778 medii
251 3734 332 3778 motus
352 3726 437 3790 (biduo
457 3735 516 3779 aute
536 3728 573 3777 vel
586 3735 642 3791 post
666 3722 773 3791 006¹et
786 3721 841 3788 Θ),
861 3735 887 3778 et
899 3730 935 3778 sic
948 3742 964 3778 a
975 3728 1103 3792 posteriori
1120 3726 1271 3792 inquisiveris
1289 3724 1508 3783 semidiameamm,

159 3816 189 3849 ex
206 3801 244 3849 his
262 3814 308 3862 par
324 3800 505 3864 proportionem
523 3801 608 3866 anguli
627 3801 658 3850 ad
678 3799 821 3849 mansam
840 3798 865 3859 ὀ
887 3795 945 3866 ιδ
971 3800 1044 3849 datm
1067 3798 1250 3851 semidiameter
1277 3797 1380 3848 minima
1402 3799 1429 3846 in
1446 3797 1510 3862 pest-

160 3885 224 3936 gaeo
244 3870 309 3931 det
327 3872 435 3921 maxima
453 3874 479 3922 iu
492 3885 612 3937 apogaeo,
630 3878 760 3936 propterea
778 3871 843 3934 quod
854 3870 894 3922 hic
912 3872 1009 3938 longior
1020 3871 1071 3922 illio
1088 3871 1182 3921 brevior
1201 3869 1372 3921 distantiasit
1401 3868 1509 3930 Quaere,

160 3943 280 4008 quomodo
294 3941 442 4006 Ceperuicns
461 3944 587 3995 adhibitae
606 3944 740 3994 distantiae
753 3941 778 4003 ὀ
792 3942 941 3995 adminiculo
960 3956 1043 3994 veram
1060 3943 1239 4011 proportionem
1258 3940 1351 3993 orbium
1370 3940 1511 3993 adinvenna

161 4013 289 4079 potuerit?
318 4014 368 4064 Car
385 4016 593 4066 semidiametrum
617 4016 679 4065 orbis
698 4015 774 4065 semel
797 4015 924 4066 inventam
941 4016 1032 4080 ubique
1055 4014 1196 4071 retinuerit,
1216 4027 1272 4064 cunr
1290 4011 1337 4063 hoc
1356 4026 1519 4085 nequaquam¹

163 4086 208 4136 liat
226 4101 253 4136 re
270 4085 349 4135 vera?
377 4086 500 4137 Examina
517 4095 544 4137 tu
564 4089 647 4137 omnia
666 4085 814 4149 acronyohia
833 4086 901 4145 loca,
929 4087 968 4136 vel
992 4086 1072 4151 potius
1096 4098 1159 4150 quaa
1182 4083 1255 4135 hiduo
1275 4089 1334 4136 ants
1352 4083 1392 4134 vsl
1409 4076 1510 4149 post8

159 4172 232 4207 veras
261 4159 420 4222 confingunt.
446 4174 504 4224 ergo
527 4173 585 4210 vera
613 4159 796 4209 semidiameter
814 4159 997 4209 semidiameter
1014 4172 1072 4208 rara
1089 4172 1140 4208 nou
1158 4158 1217 4213 erit,
1234 4156 1282 4206 uisi
1299 4169 1364 4221 quae
1382 4168 1414 4207 ex
1431 4155 1512 4209 neda

161 4227 319 4290 distantiad
336 4226 423 4277 10000
441 4229 514 4279 datur
532 4233 557 4279 in
569 4233 656 4282 mediis
674 4231 742 4287 locis,
763 4237 789 4279 et
806 4231 906 4281 retineri
924 4237 1008 4280 tamen
1026 4231 1052 4280 iu
1064 4229 1193 4294 hypothesi
1210 4242 1259 4281 asc
1270 4234 1353 4292 potest
1364 4241 1413 4278 nec
1425 4227 1510 4287 debus

158 4301 215 4351 hinc
235 4313 333 4366 quoqne
351 4308 411 4364 puto
439 4301 542 4352 multum
570 4302 718 4354 diversitatis
746 4302 867 4352 accidere.
905 4302 943 4351 Tu
968 4302 1066 4367 quidem
1094 4301 1303 4352 semidiametrum
1328 4299 1393 4350 orbiu
1420 4301 1512 4355 varin

160 4373 288 4422 constituis
311 4375 384 4436 juxta
410 4372 537 4424 dimidiam
566 4376 776 4425 eccentricitatem
800 4372 864 4423 Solis
888 4370 973 4431 180ος
998 4373 1044 4424 aad
1066 4372 1218 4438 parumhoc
1237 4371 1326 4421 estad
1345 4371 1511 4423 excusandam

160 4444 229 4494 illam
249 4445 423 4505 diversitatem,
445 4444 475 4494 de
495 4459 544 4508 qua
562 4461 608 4510 ego
627 4460 693 4495 nunc
712 4446 799 4504 scribo,
821 4460 876 4495 cum
895 4459 926 4495 aa
944 4451 1017 4495 tauta
1035 4445 1075 4506 sit,
1098 4450 1193 4509 quauta
1211 4450 1249 4494 est
1267 4448 1322 4493 tota
1340 4442 1512 4495 memoratam

163 4515 260 4566 Martis.
298 4515 397 4576 Quaeso
416 4516 477 4566 mihi
494 4516 559 4567 huuc
577 4518 667 4567 nodum
686 4517 760 4568 latius
786 4517 908 4581 explices,
932 4530 991 4566 nam
1009 4532 1048 4567 me
1066 4518 1127 4567 mire
1147 4514 1306 4580 perturbavit
1343 4514 1399 4580 Ego
1416 4515 1443 4564 iu
1461 4513 1512 4566 sai-

164 4587 269 4640 culaudo
288 4604 354 4639 nunc
373 4589 444 4653 plura
456 4590 563 4646 invenio,
581 4603 655 4653 quam
671 4603 780 4654 unquam
797 4595 932 4653 putassem.
957 4588 1057 4650 Quaeso
1075 4589 1135 4639 mihi
1147 4588 1180 4638 ad
1198 4586 1375 4639 omniasemel
1392 4586 1514 4640 manhu
1556 4624 1558 4630 .

165 4665 191 4708 et
209 4659 240 4711 de
258 4663 307 4712 tuis
326 4660 501 4724 hypothesibus
529 4661 629 4710 ulterius
656 4660 779 4722 advehae,
808 4662 952 4725 praesertim
976 4661 1039 4726 quod
1068 4662 1100 4711 ad
1127 4660 1335 4710 semidiametmm
1353 4658 1419 4710 orbis
1438 4658 1514 4711 anarn'

163 4732 260 4790 attinet,
279 4734 353 4797 idque
371 4747 414 4795 per
432 4731 577 4795 exemplum.

250 4805 297 4854 His
317 4812 430 4868 exparte
448 4806 510 4854 satis
522 4803 642 4869 perplexis
660 4804 738 4854 verbis
756 4804 826 4855 addit
837 4802 964 4854 Fabricius
982 4804 1008 4852 in
1020 4802 1138 4855 schedula
1156 4802 1305 4870 perexigua:
1326 4800 1371 4861 ,P.
1386 4798 1412 4852 S.
1427 4800 1513 4864 Quae·

159 4870 220 4927 dtur
240 4889 273 4928 au
290 4877 416 4942 inquisitio
435 4876 628 4933 ecomtsicitatis
646 4889 696 4929 nou
707 4877 785 4943 possit
803 4875 949 4943 participer
961 4875 1073 4929 dmidios
1091 4890 1164 4933 arcus
1182 4881 1209 4928 et
1225 4877 1295 4930 sium
1310 4874 1338 4930 lu
1349 4872 1515 4937 ammaus.
