3354 5504
664 823 699 876 nr
718 822 853 874 rruurun
872 822 1006 875 nouum

594 965 1084 1041 COMMENTARIORUM

219 1118 314 1221 DE
358 1119 706 1225 nonnus
752 1120 1099 1223 sunam
1146 1123 1450 1230 manum

694 1262 806 1367 enus
827 1301 972 1366 eurus.
1087 1280 1092 1289 ’

217 1435 224 1451 ·
419 1456 481 1545 nu
514 1452 878 1549 couruurrrouu
915 1454 1253 1549 urrorrrrrsruu.
1338 1380 1346 1395 ’
1408 1421 1412 1429 ’

743 1638 863 1739 Caput
894 1638 923 1713 I.

167 1760 412 1886 marsana
431 1806 535 1865 „aaa
551 1799 653 1881 prae
673 1799 1000 1863 eremmanos
1017 1801 1232 1883 proprrmm,
1258 1811 1287 1866 c
1309 1807 1346 1868 rn
1363 1807 1509 1889 propr-ru

521 1887 761 1969 inaequalitatis
783 1891 911 1972 primae
933 1897 963 1952 et
984 1889 1147 1953 secundae.

245 2032 440 2096 Pisuetarum
472 2039 571 2093 motos
609 2029 792 2093 cubiculares
825 2049 892 2093 esse
924 2030 1097 2110 perennitas
1134 2039 1275 2096 testatur.
1321 2032 1357 2096 ld
1385 2033 1424 2096 ab
1452 2053 1508 2099 ex-

165 2121 308 2206 perientia
330 2130 469 2185 mutuata
491 2118 569 2184 ratio
592 2120 697 2183 statim
712 2120 887 2200 praesumit,
912 2138 1003 2202 gyros
1026 2120 1157 2201 ipsomm
1180 2124 1332 2204 periectos
1355 2142 1424 2185 esse
1446 2124 1509 2187 cir·

166 2212 257 2288 cnios;
282 2230 354 2277 uam
376 2230 415 2284 ex
438 2208 539 2290 figuris
555 2208 692 2285 circulus,
717 2229 754 2271 ex
769 2208 943 2290 corporibus
959 2208 1083 2287 coelum,
1103 2220 1262 2276 censentur
1275 2211 1506 2292 perfectissima.
1556 2221 1559 2229 '

166 2301 218 2371 Ubi
247 2319 321 2363 vero
343 2299 513 2381 diligenter
543 2298 735 2369 attendentes
760 2297 947 2380 experientia
969 2297 1118 2363 diversum
1141 2300 1249 2364 docere
1272 2300 1406 2372 videtur.
1430 2304 1509 2384 quod
1540 2298 1549 2313 ⁸

165 2391 299 2471 planetae
324 2388 458 2453 scireut
482 2388 609 2468 simplici
633 2387 743 2452 semita
766 2389 945 2462 exorbitent,
970 2386 1098 2468 plurima
1121 2389 1227 2452 existit
1240 2389 1409 2468 admiratio,
1433 2412 1509 2474 quae

165 2480 282 2543 tandem
304 2479 336 2541 in
358 2498 469 2541 causas
493 2477 685 2558 inquirendas
701 2478 844 2559 ¹homiues
868 2477 996 2557 impulit.

243 2568 324 2633 Hinc
357 2567 433 2630 adeo
466 2576 540 2630 nata
563 2577 612 2630 est
633 2567 713 2631 intur
735 2567 870 2629 homines
893 2566 1094 2640 astronomia,
1118 2566 1203 2647 cujus
1227 2585 1336 2651 scopus
1360 2566 1427 2631 e'sse
1450 2589 1508 2652 pu-

163 2666 236 2723 tstnr
269 2658 378 2721 docere
411 2677 538 2734 causas,
576 2676 628 2721 cur
649 2657 805 2720 stellarum
829 2667 928 2719 motus
950 2656 1130 2736 irregulares
1153 2657 1183 2717 in
1207 2656 1309 2719 Terris
1332 2669 1509 2739 appareant,

161 2768 222 2812 oum
243 2748 308 2811 sint
330 2745 548 2810 ordinatissimi
571 2746 602 2809 in
625 2748 723 2821 coeto,
753 2744 1007 2824 etinvestigare,
1040 2745 1219 2829 quibusnam
1251 2745 1371 2809 circulis
1399 2749 1507 2813 stellae

159 2837 306 2919 deantur,
337 2843 373 2899 ut
401 2834 506 2901 borum
537 2835 681 2901 beneficio
705 2835 774 2898 loca
796 2844 828 2898 et
850 2833 1056 2916 apparitiones
1079 2835 1198 2899 iliarum
1220 2835 1259 2897 ad
1282 2835 1406 2917 quaevis
1428 2846 1507 2900 tem-
1609 2862 1613 2870 ·

159 2945 226 3007 pora
247 2925 385 3009 praedici
407 2925 535 3005 possint.

241 3012 321 3080 (ium
349 3015 479 3077 nondum
511 3022 667 3078 constaret
688 3013 726 3076 de
750 3011 920 3076 discrimine

159 3094 233 3169 iuter
256 3116 371 3169 motum
393 3103 520 3187 primum
543 3113 575 3167 et
596 3103 758 3178 secundos,
787 3103 922 3164 homines

159 3193 255 3257 intuiti
280 3192 402 3270 Soiein,
425 3193 543 3277 Lunam
571 3203 602 3256 et
633 3192 741 3257 stelias
770 3201 921 3279 notarunt,

159 3283 266 3349 itinera
296 3282 429 3365 ipsorum
462 3283 568 3346 diurna
609 3282 798 3363 aequiparari
835 3301 924 3365 quarn
963 3315 987 3356 a,

160 3373 294 3454 proxime
321 3371 441 3437 circulis
465 3373 504 3434 ad
535 3391 669 3442 sensum,
700 3373 744 3434 sic
767 3380 867 3434 tamen
890 3379 980 3456 ut·

160 3462 232 3525 aiter
255 3480 297 3523 ex
319 3461 415 3524 altero
446 3471 618 3525 necteretur
640 3462 669 3522 in
697 3462 739 3524 iiii
767 3459 925 3541 glomerati

161 3552 293 3627 modum,
328 3551 514 3633 circuitusque
545 3559 579 3614 nt
607 3548 765 3631 plurimum
794 3550 922 3615 minores

166 3728 283 3811 ABCE,
306 3727 438 3806 FMNG,
471 3739 610 3793 secantes
639 3731 696 3793 AB
729 3737 923 3810 aequatorem

165 3814 239 3896 inc,
262 3819 310 3891 N)
343 3827 461 3899 partem
486 3839 587 3883 eorum
610 3819 639 3881 iu
661 3826 783 3894 austro,
805 3825 922 3899 partem

168 3903 347 3982 inborea.⁶)
371 3906 522 3971 Viderunt
536 3908 639 3981 etiarn,
658 3905 801 3987 distingui
817 3906 923 3969 stellas
942 3943 952 3957 ·

171 3995 311 4060 celeritate
336 3996 365 4058 iu
387 3996 443 4059 boo
466 3997 570 4059 diurno
595 4006 626 4060 et
640 3994 797 4078 apparenti
821 4007 920 4059 motu:

173 4081 232 4149 fixas
254 4086 384 4151 omnium
409 4106 476 4148 esse
506 4086 698 4161 celerrimas;
732 4078 803 4168 unia
825 4085 921 4168 pridie
964 4144 968 4149 .

175 4171 244 4273 eboni
270 4178 458 4257 planetarum
483 4175 608 4257 junctae
632 4178 679 4251 [ut
699 4176 730 4237 Η
756 4174 814 4257 ipsi
837 4177 879 4252 A,
890 4184 922 4239 et

200 4406 204 4416 Ι
243 4333 269 4405 ’)
289 4339 384 4394 Motus
413 4337 514 4410 primus
544 4346 589 4394 est
618 4338 702 4394 totius
732 4337 801 4393 coeli
830 4343 860 4392 et
885 4339 1001 4396 omnium
1021 4342 1050 4398 iu
1070 4361 1103 4399 eo
1129 4347 1272 4404 stellarum
1294 4351 1341 4408 ab'
1361 4362 1423 4411 ortu
1451 4373 1519 4428 per·

178 4414 290 4474 sentiam
316 4419 344 4474 in
365 4435 490 4474 occasum
511 4425 540 4474 et
561 4420 599 4475 ab
625 4436 725 4474 occasu
743 4435 795 4489 per
822 4418 905 4475 inrum
932 4421 1001 4476 coeli
1022 4422 1050 4478 in
1070 4433 1175 4489 ortum,
1205 4437 1328 4500 tempore
1353 4434 1391 4490 24
1421 4436 1502 4494 bora·

179 4505 231 4559 mu;
257 4499 284 4554 in
305 4501 446 4554 schemate
472 4501 614 4571 praesenti
634 4501 742 4555 secl).
783 4500 875 4554 nouus
903 4503 1014 4556 secundi
1041 4513 1105 4559 sunt
1130 4508 1300 4579 singulorum
1325 4515 1501 4583 planetarum

179 4571 205 4624 ὓ
220 4595 311 4637 bedun
329 4596 427 4635 uersum
447 4588 545 4647 ortum,
566 4583 603 4636 ab
622 4586 649 4636 A
669 4583 697 4636 in
716 4581 750 4646 Ε,
771 4582 808 4635 nb
826 4581 850 4635 F
869 4581 898 4636 in
918 4583 952 4647 G,
972 4584 1141 4656 temporibus
1161 4589 1340 4662 longioribus.
1376 4594 1500 4654 Circulos

179 4658 288 4746 Qus
307 4661 447 4732 sphaerae
466 4667 519 4726 est,
540 4663 587 4733 qui
600 4663 756 4733 aequaliter
775 4661 861 4717 distet
880 4663 916 4721 ab
936 4670 1052 4735 utroque
1072 4684 1182 4723 suorum
1202 4669 1336 4738 polonum.
1367 4675 1497 4746 morsa,

180 4744 211 4798 ib
226 4749 283 4796 suut
302 4742 385 4796 alteri
406 4742 530 4812 polorum
551 4743 708 4814 propiorem
730 4748 762 4796 ut
782 4740 860 4799 HLK
881 4743 945 4813 polo
966 4744 991 4807 Q
1011 4747 1122 4818 propior
1141 4755 1186 4803 est
1205 4765 1286 4821 quam
1305 4753 1371 4825 polo
1392 4757 1425 4814 R.
