3354 5504
469 1180 973 1287 Puoonmuht

142 1655 294 1723 Passim
285 1676 315 1718 ιιι
329 1657 506 1737 praemissis
521 1675 642 1739 operum
652 1657 776 1739 Keplori
790 1656 990 1721 voluminibus
1007 1653 1137 1719 occurrit
1152 1648 1265 1719 mentio
1283 1648 1393 1739 operis,

143 1745 405 1811 conscribendum
430 1746 487 1809 hibi
509 1746 666 1829 proposuit
688 1747 839 1828 Keplerus
862 1746 1140 1828 inscribendnmque
1162 1741 1283 1807 consuit
1302 1738 1395 1821 Hip-

141 1837 247 1901 r-hum
293 1835 505 1898 Voluminal.
533 1844 567 1897 et
586 1837 659 1901 XV
683 1835 957 1916 Manuscriptornm
985 1832 1226 1899 Pulkowensium
1242 1828 1396 1895 uhibsnt

141 1945 203 2008 qnae
226 1943 280 2005 per
296 1924 406 1986 multoe
420 1944 514 1987 annos
528 1925 710 2006 Keplerus
701 1945 731 1987 ιιι
753 1925 802 1988 his
825 1925 935 1988 studiis
956 1924 1095 2006 proiecit,
1116 1942 1182 1987 oum
1205 1920 1245 1985 ad
1268 1910 1395 1983 formem
1456 1984 1459 1989 .

141 2022 198 2079 ‚cta
219 2032 296 2088 eam,
320 2032 395 2093 quae
418 2015 457 2076 ad
480 2022 585 2096 typum
607 2023 681 2097 apta
702 2014 830 2090 videtur,
853 2022 916 2078 tum
939 2012 1069 2077 nondum
1090 2013 1179 2095 plane
1200 2010 1338 2095 perfecte
1363 2013 1396 2070 et

167 2102 303 2167 limanda
323 2102 363 2164 ad
385 2103 486 2183 aptius
509 2111 627 2185 tempus
649 2112 819 2179 reservata,
842 2108 906 2167 tum
929 2102 1055 2186 deniquo
1078 2102 1249 2183 trogmoots
1269 2106 1396 2170 tentum,

141 2214 161 2259 u
192 2193 270 2256 inter
306 2210 339 2253 se
363 2192 557 2255 cohaerentia
583 2193 752 2275 raptimque
775 2193 956 2276 conscripta,
978 2193 1065 2256 utin
1087 2200 1219 2257 mentem
1240 2196 1396 2294 ιιιιιιιιιιιιΞ

141 2282 208 2367 ipto
233 2281 297 2357 die,
321 2300 378 2363 quo
402 2281 573 2363 conscripta
595 2291 679 2358 sunt,
703 2283 832 2345 velut
807 2302 894 2363 signo
918 2283 958 2345 od
980 2282 1181 2345 revocandam
1200 2281 1331 2367 posthae
1351 2278 1396 2343 rei

141 2372 238 2437 uuam.
284 2370 500 2434 Testimonium
529 2373 674 2452 praebent
704 2371 778 2435 haec
801 2373 971 2453 fragmenta
992 2390 1059 2435 cum
1079 2371 1253 2435 hudeiesne
1273 2360 1397 2453 Kepleri

141 2460 223 2527 triae
246 2467 277 2521 et
300 2480 433 2523 summae
456 2460 642 2541 diligentiae,
665 2470 728 2525 tum
750 2461 911 2565 peculiaris
934 2460 1245 2529 librosooussribeudi
1255 2457 1397 2527 rationis

141 2570 170 2615 ss
192 2549 273 2613 redit
295 2550 335 2612 ad
358 2550 483 2611 eandem
504 2569 577 2626 rem,
601 2550 628 2612 si
649 2551 745 2632 primo
769 2538 882 2632 inipetu
904 2571 972 2614 eam
990 2548 1111 2634 assequi
1123 2568 1184 2617 nou
1196 2549 1306 2632 potuit.
1326 2547 1398 2613 nit-

141 2640 254 2721 repetit
276 2657 432 2708 numeros,
457 2639 551 2702 donec
576 2640 614 2700 ad
639 2648 812 2721 exoptatum
835 2641 920 2703 venit
941 2642 1039 2716 linem,
1062 2658 1256 2722 quemquam,
1279 2650 1314 2705 ιιι
1332 2638 1399 2723 ipse

141 2749 179 2797 us
207 2729 338 2801 fatetur,
366 2726 541 2790 conficiendi
564 2728 672 2791 calculi
701 2729 1054 2815 numericieplurimum
1044 2727 1105 2809 rpsi
1126 2728 1322 2793 merebant
1342 2749 1399 2793 ue-

141 2838 189 2895 m,
218 2825 249 2880 ct
269 2817 418 2898 Keplerus
451 2817 500 2879 hic
523 2817 619 2879 minus
642 2826 757 2882 certum
779 2838 811 2881 se
834 2817 991 2901 praebuit,
1016 2836 1104 2898 quam
1126 2816 1157 2880 in
1179 2816 1399 2901 philosophicis

141 2905 336 2981 risitionihus,
360 2925 417 2986 quo
447 2907 476 2968 in
506 2907 659 2970 doctrinae
687 2925 796 2988 genere
824 2907 970 2971 neminem
992 2906 1099 2970 habuit
1119 2925 1232 2987 parem.
1278 2908 1398 2971 lotaeto

141 2996 294 3060 utramite
322 3013 518 3076 progressus,
551 3015 655 3076 pamm
685 2998 806 3078 adJutus
837 2995 1111 3072 observationibus,
1143 2996 1249 3077 quibus
1275 2995 1399 3060 tirmiter

141 3086 149 3150 i
173 3091 288 3168 posset,
310 3104 384 3156 rem,
408 3104 495 3165 quem
519 3084 549 3146 in
572 3085 671 3148 Marte
695 3086 823 3151 feliciter
845 3104 1007 3168 aggressus
1030 3092 1087 3160 est,
1110 3085 1325 3150 absolvendum
1341 3085 1398 3150 sibi

141 3174 219 3238 osuit
241 3173 271 3235 in
294 3172 416 3255 reliquis
438 3173 578 3255 planetis,
601 3174 631 3236 in
642 3173 713 3239 Sole
737 3184 768 3239 et
790 3176 821 3239 in
835 3176 931 3253 Luus,
954 3174 1089 3239 imitatus
1106 3175 1274 3239 Ptolemaei
1287 3175 1397 3240 Alma·

141 3284 190 3331 im.
237 3260 403 3338 Quantum,
430 3264 508 3326 hunc
535 3272 676 3344 spectans
706 3265 809 3340 linem,
845 3265 1017 3329 insumserit
1043 3264 1157 3328 laboris
1185 3271 1221 3329 et
1244 3264 1398 3345 temporis,

141 3362 177 3419 to
204 3351 432 3434 perseverantia
458 3372 520 3416 rem
544 3352 635 3416 toties
658 3361 807 3418 tentatam
844 3349 951 3419 iteru'm
975 3355 1141 3437 iterumque
1163 3371 1326 3436 aggressus
1348 3354 1398 3430 sit

142 3442 300 3527 perculsus
323 3441 489 3518 erroribus,
515 3462 589 3523 quos
617 3443 843 3507 observationes
865 3445 962 3509 minus
984 3445 1060 3508 fidae
1083 3444 1300 3519 causabantur,
1324 3462 1399 3526 quos

149 3531 182 3596 in
205 3530 329 3593 calculis
352 3530 569 3607 committebat,
593 3530 667 3594 hoec
689 3540 830 3596 enarrant
853 3534 972 3615 singula
994 3534 1056 3596 iere
1079 3532 1154 3596 lolia
1173 3532 1400 3616 manuscripto-

151 3640 227 3703 quae
243 3619 436 3701 inspeximus,
459 3628 550 3702 atque
566 3640 603 3683 cx
616 3620 663 3683 his
682 3622 870 3703 potissimum
884 3641 931 3700 ea,
945 3642 1021 3706 quse
1034 3621 1189 3685 continent
1203 3621 1307 3697 libros,
1323 3641 1399 3705 quos

141 3718 224 3775 entes
254 3708 396 3772 exhibent
417 3711 556 3791 paginae.
608 3710 702 3773 Iidem
732 3711 1000 3792 veroKeplerum‚
1029 3718 1064 3775 ut
1087 3711 1232 3785 diximus,
1261 3711 1400 3777 inlibris

141 3798 255 3865 ciendis
287 3807 462 3879 occupatum
490 3799 576 3883 qussi
599 3799 692 3863 oculis
724 3799 947 3881 adspiciendum
968 3790 1123 3881 praebent.
1169 3798 1303 3873 Quorum
1325 3819 1399 3883 ope-

160 3888 276 3973 priores
307 3906 373 3950 cum
396 3887 561 3968 inspexeris
584 3889 728 3970 paginas,
759 3890 900 3954 absoluto
921 3897 954 3953 et
975 3890 1063 3970 plane
1085 3889 1126 3951 ud
1147 3891 1235 3955 linem
1256 3891 1401 3972 perducta

141 3977 217 4054 ebis3
249 3977 376 4059 primum
408 3977 536 4041 occurrit
558 3977 683 4055 titulus,
721 3978 853 4042 maxims
876 3979 1064 4059 conscriptus
1091 3977 1266 4060 diligentis,
1298 3980 1345 4043 its
1365 3987 1400 4045 ut

141 4087 157 4131 s
185 4066 334 4131 coloribus
363 4064 475 4148 depicti
502 4066 564 4129 siut
590 4066 700 4147 singuli
731 4087 855 4145 versus;
891 4068 934 4131 uil
965 4068 1068 4144 deest,
1097 4067 1158 4131 nisi
1178 4088 1286 4133 nomeu
1307 4077 1399 4153 typo-

141 4156 183 4223 hi.
228 4155 360 4219 Titulum
383 4155 518 4237 sequitur
540 4155 704 4233 dedicatio,
727 4157 814 4239 qussi
836 4177 885 4221 res
908 4157 950 4221 sit
970 4157 1060 4240 plano
1078 4157 1221 4221 absoluto
1241 4158 1315 4233 (uon
1329 4157 1400 4241 qui·

152 4245 184 4311 iu
206 4245 392 4327 Hipparcho,
425 4253 459 4308 at
480 4245 511 4307 iu
534 4246 609 4318 alio,
638 4246 711 4309 item
732 4267 793 4310 non
814 4247 902 4329 plane
924 4247 964 4309 ud
986 4246 1099 4311 cslcem
1120 4247 1265 4328 perducto
1287 4246 1400 4320 libello.

141 4356 151 4399 ι
181 4335 352 4416 inscripsit:
381 4335 617 4399 Transiormatio
650 4334 851 4419 hypotheseos
879 4343 911 4399 et
936 4335 1107 4399 tubulorum
1127 4336 1291 4400 Lunorium
1317 4336 1398 4413 &ek

141 4424 172 4491 ie
202 4423 300 4487 adhuc
329 4424 414 4487 firma
439 4444 528 4488 mauu
558 4424 689 4505 scriptae
718 4424 861 4488 exhibent
888 4433 1047 4506 sequentes
1070 4425 1198 4507 paginae
1220 4425 1321 4506 operis
1341 4444 1398 4490 ex·
1490 4470 1492 4475 .
1577 4399 1579 4403 Ι

141 4532 188 4590 nu,
203 4512 348 4577 subdivisi
360 4513 390 4577 in
401 4512 512 4594 capito,
524 4512 721 4591 theoremata,
731 4512 930 4596 problemata,
944 4512 1104 4596 adscriptis
1118 4514 1175 4578 rite
1184 4514 1328 4593 numeris3
1344 4515 1399 4579 sed

141 4610 239 4689 rpost
259 4602 355 4684 magis
378 4600 531 4685 magisque
553 4603 686 4666 senescit
706 4603 848 4678 studium,
869 4604 977 4667 literae
999 4611 1156 4667 occurrunt
1176 4603 1273 4668 miuus
1288 4604 1397 4681 duae,
1436 4617 1445 4637 ⁹

141 4691 211 4757 titia
234 4692 349 4767 deficit3
375 4691 522 4774 paulatim
545 4691 742 4774 deprehendis
764 4692 908 4756 minorem
929 4693 1074 4757 orationis
1095 4690 1303 4770 subtilitatem,
1326 4701 1397 4759 ren-

154 4781 254 4851 subito
278 4780 461 4866 abrumpitur
483 4801 590 4847 sermo.
637 4780 779 4875 Singula,
802 4801 878 4867 quae
901 4789 1077 4867 sequuntur,
1098 4782 1175 4847 tolia
1195 4783 1397 4868 testimouium
