3354 5504
462 289 493 341 de
511 287 698 342 Commentariis
717 291 747 342 ds
766 297 836 343 motu
853 292 943 346 atellae
961 292 1059 345 aaran
1389 287 1432 359 33

72 472 165 546 debe,
196 477 234 533 ut
255 488 365 551 pacem
388 489 459 532 esse
482 469 653 549 intelligas:
684 472 849 535 cavendum
871 481 989 546 tamen,
1020 491 1058 535 ne
1081 471 1240 534 veritatem
1263 470 1432 534 adulatorio

73 561 172 625 animo
197 560 327 642 prodere
350 559 467 622 videar.
511 559 561 622 En
584 559 635 635 iis,
665 581 742 642 quae
765 563 971 643 'lengnaglius
992 562 1033 623 ad
1056 569 1088 623 te
1112 561 1248 641 scripsit,
1271 559 1433 623 etiamnum

72 651 193 715 nmium
218 649 276 712 tabi
299 648 397 712 videri
422 650 468 711 ais
491 667 588 710 meam
612 648 791 713 industriam
814 652 895 714 circa
918 652 1128 714 refutationem
1156 649 1287 713 recentis
1310 650 1432 731 Tycha·

71 741 181 803 nianae
204 738 414 821 hypotheseos
436 739 466 800 in
488 739 585 801 Luna.
632 738 713 810 Quid
736 741 942 822 Tengnaglius
965 740 1121 821 scripserit
1144 759 1204 802 non
1234 746 1355 801 constat
1376 757 1433 801 neo

72 830 155 893 lubet
185 832 366 891 excnoeret'
382 828 526 910 quidquid
557 835 589 890 tu
618 829 777 910 scripseris
807 832 1008 894 condonatum
1040 838 1117 892 esto.
1133 832 1141 865 ·’
1164 831 1210 891 Tu
1239 847 1311 890 vero
1340 828 1430 903 scias,

73 939 119 982 me
142 918 260 980 nullam
293 918 389 980 talem
419 917 588 979 instituisse
620 919 841 983 refutationem.
886 919 980 985 Aliud
1010 927 1060 982 est
1089 918 1316 992 transformare,
1349 917 1430 980 aliud

73 1009 207 1071 refutare
207 1052 302 1069 .....
463 1068 466 1072 ,
973 1005 976 1011 ’
1252 1006 1253 1009 ’
1281 1020 1284 1026 ·

157 1097 211 1160 Ab
235 1094 398 1158 wcusandi
421 1102 454 1156 et
480 1094 630 1159 refutandi
660 1097 837 1160 curiositate
869 1115 916 1158 me
949 1116 1085 1161 revocas.
1130 1098 1229 1161 Pareo
1260 1115 1316 1158 nec
1343 1103 1439 1176 puto,

71 1209 117 1251 mc
137 1188 261 1267 justam
282 1204 404 1247 cansam
427 1178 558 1260 dedisse,
582 1186 637 1248 sed
660 1187 722 1249 illis
745 1187 863 1268 magnis
886 1187 1001 1263 causis,
1025 1208 1099 1270 quas
1123 1187 1255 1266 allegas,
1278 1205 1339 1248 non
1363 1193 1430 1250 erat

70 1298 156 1359 opus.
204 1275 312 1338 Amice
335 1274 445 1337 abste
468 1273 583 1355 accipio
607 1290 724 1339 omnem
747 1275 991 1339 admonitionem.
1035 1278 1080 1342 Ut
1107 1296 1176 1339 mea
1206 1274 1327 1357 incepta
1353 1293 1427 1355 per-

69 1367 184 1441 ficiam,
208 1364 265 1426 tihi
287 1371 341 1427 tna
362 1364 544 1445 relinquam,
569 1365 728 1444 justa-est
757 1366 932 1447 postulatio.
977 1369 1124 1432 Attamen
1156 1365 1201 1426 ita
1229 1365 1267 1427 ah
1299 1362 1428 1427 invicem
1504 1370 1509 1379 '

69 1455 140 1519 nexi
164 1463 237 1537 ¹sunt
259 1473 364 1533 omues
385 1452 544 1533 planetae,
577 1454 621 1515 ita
652 1456 777 1519 multum
800 1457 883 1518 valet
905 1455 1072 1520 similitudo
1095 1453 1364 1536 argumentationis
1388 1454 1426 1517 ab

69 1565 127 1607 uno
149 1544 278 1626 planeta
298 1543 330 1605 iu
353 1541 478 1616 ceteris,
506 1550 540 1604 ut
568 1545 687 1608 veniam
711 1546 830 1608 omuino
852 1554 1004 1609 mereatur
1025 1547 1101 1609 haec
1124 1543 1295 1607 curiositas.
1343 1541 1425 1614 Quin

70 1635 128 1696 imo
152 1633 271 1714 gratias
292 1631 402 1694 mereri
423 1632 529 1694 videor
550 1640 583 1694 et
613 1654 652 1696 es
679 1644 768 1714 parte
791 1656 809 1696 a
832 1645 862 1697 te
886 1655 952 1698 sum
974 1635 1116 1710 meritus,
1149 1641 1183 1696 ut
1213 1639 1284 1694 tuae
1318 1632 1425 1695 literae

68 1728 238 1797 testantur,
270 1721 350 1803 quod
376 1728 408 1782 te
440 1721 600 1785 admonere
623 1724 705 1786 volni
729 1733 761 1787 et
781 1726 946 1788 Benatieae
970 1733 1002 1787 et
1024 1742 1062 1786 ex
1085 1723 1188 1807 Styris
1218 1740 1274 1803 per
1304 1720 1423 1786 literas.
1514 1742 1520 1755 ¹

68 1813 136 1876 h'on
156 1812 224 1894 jam
247 1819 296 1874 est
318 1809 471 1893 quaestio,-
489 1812 700 1875 necessariane
724 1815 815 1877 fuerit
837 1814 1001 1878 admonitio
1017 1835 1056 1876 an
1085 1830 1323 1895 supervacanea;
1357 1811 1424 1873 sni-

68 1902 143 1979 scit,
166 1901 300 1963 animum
322 1899 417 1962 fuisse
441 1899 631 1965 laudabilem.
677 1903 825 1967 Vicissim
847 1925 924 1986 quae
946 1914 980 1968 tu
1002 1924 1050 1966 me
1080 1900 1279 1976 admonuisti,
1308 1901 1359 1963 ubi
1386 1908 1423 1963 tu

68 2011 114 2053 me
137 1990 330 2053 aberrantem
354 1989 385 2051 in
407 1988 488 2051 viam
510 1991 668 2068 reduxisti,
692 2002 779 2073 grato
803 1995 902 2057 animo
926 1995 1053 2076 agnori3
1076 2000 1165 2074 potes
1188 1990 1220 2053 id
1239 2009 1329 2071 porro
1345 2008 1422 2070 quo-

69 2099 133 2162 quc,
157 2077 260 2160 potuit
281 2087 313 2140 et
333 2078 492 2143 Fabricius
517 2098 555 2141 ex
578 2081 733 2145 Ostfrisia.
780 2086 844 2147 Nec
866 2085 1019 2147 diversum
1042 2084 1081 2145 de
1104 2100 1151 2144 me
1175 2079 1310 2153 sentias,
1344 2079 1422 2160 quod

69 2171 122 2232 trhi
147 2168 308 2231 succensui
333 2169 438 2229 orales
461 2187 548 2232 curas
571 2172 721 2253 carpenti:
755 2193 817 2236 non
842 2175 919 2236 enim
947 2172 1003 2236 tibi
1029 2174 1067 2234 de
1091 2169 1328 2234 contradictione
1352 2187 1423 2231 snc-
1476 2196 1481 2211 ·

68 2258 180 2332 censui,
206 2257 261 2319 sed
282 2258 321 2319 de
344 2257 465 2338 injuria,
488 2260 568 2339 qnod
590 2260 652 2322 ista
675 2263 713 2323 ad
732 2263 824 2327 alium
840 2263 998 2345 scripseris
1015 2263 1116 2324 adme
1131 2279 1191 2323 non
1207 2249 1427 2321 instituendum
1497 2312 1500 2317 .
1544 2284 1547 2291 ’
1585 2279 1589 2289 ·

68 2349 119 2411 scd
152 2346 383 2409 deformandum
417 2352 662 2422 aengamtasss:
680 2361 706 2410 ta
719 2358 834 2413 'arettas
852 2371 878 2414 ee
896 2378 945 2412 non
964 2361 1068 2425 amplius
1086 2358 1183 2418 ιιιιιο,
1202 2363 1231 2406 ιιι
1248 2370 1279 2406 ex
1296 2356 1326 2405 ts
1343 2355 1421 2420 hyps
1452 2376 1455 2383 ·

67 2438 148 2488 dues
166 2442 280 2485 motuum
298 2434 443 2487 acdestinm
460 2437 505 2488 tibi
526 2439 571 2488 soli
588 2441 719 2499 confidas,
742 2442 823 2493 audio.
859 2444 912 2510 Ego
938 2447 1005 2493 caste
1030 2455 1080 2490 non
1103 2444 1157 2490 tam
1175 2437 1257 2488 evasa
1275 2450 1350 2501 qnam
1367 2437 1423 2501 ipss

67 2533 112 2568 m
127 2517 228 2582 plurmi
246 2512 335 2577 aete.)
380 2508 543 2573 Commune
566 2531 641 2593 opus
665 2533 818 2591 curamus,
841 2535 913 2591 nec,
935 2522 970 2576 nt
992 2512 1071 2574 alius
1094 2519 1143 2574 est
1162 2508 1304 2590 bipennis
1325 2508 1422 2583 faber,

67 2599 143 2661 alius
163 2597 314 2680 plaustri,
348 2598 392 2660 sic
424 2618 480 2661 uos
510 2601 585 2663 totis
613 2603 713 2684 operis
739 2605 831 2669 divisi
861 2616 973 2668 munus.
1020 2601 1153 2665 Subinde
1183 2598 1360 2672 usuvenit,
1388 2605 1423 2661 ut

67 2689 122 2750 duo
145 2695 254 2768 patres
277 2685 410 2751 familias
433 2708 618 2753 communem
638 2693 786 2772 parietem
799 2703 913 2769 curent,
937 2693 1045 2756 divisis
1059 2690 1154 2754 nihilo
1167 2689 1266 2752 minus
1281 2688 1422 2751 domuum

63 2777 180 2856 junbus
203 2775 325 2838 ceteris.
364 2777 513 2841 Venisses
537 2800 609 2842 sane
624 2783 765 2862 Pragam,
788 2785 885 2847 itate
909 2784 948 2845 de
969 2800 1036 2844 meo
1059 2780 1198 2843 instituto
1222 2778 1420 2853 edocuissem,

66 2875 96 2928 nt
115 2873 244 2947 praeter
266 2863 392 2928 lubitum
414 2876 541 2947 pacatus
564 2870 771 2936 discessisses.
811 2877 857 2939 At
879 2874 906 2937 si
927 2873 1057 2935 infestus
1075 2878 1107 2932 et
1124 2869 1286 2931 iracundus
1300 2886 1349 2928 me
1371 2867 1420 2929 in-

66 2956 212 3031 venisses,
235 2953 294 3016 hoc
316 2975 389 3018 sane
412 2978 431 3018 a
453 2976 501 3019 me
524 2960 719 3036 obtinuisses,
741 2972 776 3026 ut
797 2982 899 3027 coram
921 2961 1045 3024 arbitris
1067 2959 1303 3041 disputationem
1320 2963 1420 3019 tecum

65 3065 121 3108 uon
144 3050 342 3106 recusaturus
365 3046 498 3108 fuissem.
527 3047 627 3119 ¹(duod
649 3053 688 3113 ad
711 3061 742 3115 te
766 3053 817 3117 diu
832 3072 891 3116 non
911 3051 1028 3131 scripsi,
1052 3049 1168 3112 tribuas
1182 3036 1441 3110 incommoditati'

65 3134 197 3197 locorum
221 3140 254 3195 et
276 3131 432 3209 simultati,
457 3155 533 3218 quse
554 3147 627 3203 tunc
651 3151 718 3206 erat
738 3162 786 3206 me
809 3144 888 3206 inter
903 3151 935 3204 et
949 3138 1178 3221 Tengnaglium,
1201 3136 1280 3199 unde
1297 3134 1418 3215 facturn,

66 3232 96 3287 ut
118 3242 189 3286 cum
213 3222 253 3284 ad
275 3230 307 3284 te
330 3224 476 3288 scriberet
508 3227 661 3299 (simodo
685 3231 838 3314 scripsit),
862 3232 935 3295 mihi
969 3229 1143 3294 occasiones
1171 3245 1231 3291 non
1262 3224 1417 3291 indicaret

65 3312 153 3386 Quod
175 3330 251 3376 vero
272 3312 370 3376 Jauus
392 3312 631 3398 Hamburgensis
653 3340 709 3402 pro
739 3321 837 3387 literis
871 3318 1094 3385 excusationem
1125 3316 1229 3380 attulit
1250 3323 1417 3389 (Longomen-
1464 3374 1469 3383 .

64 3409 147 3454 tuus:
168 3402 247 3453 dete
265 3406 349 3453 auum
367 3402 398 3453 oh
415 3410 514 3456 marum
533 3405 673 3460 dammam
691 3417 718 3462 et
735 3411 859 3463 insuetam
877 3413 910 3462 ad
927 3427 967 3462 me
979 3409 1193 3464 intermissionem,
1211 3405 1259 3453 imo
1271 3417 1315 3468 per
1326 3402 1418 3453 Jannm

63 3472 152 3525 uns
172 3474 360 3524 menatenam
378 3477 498 3540 suspicari
515 3479 595 3545 arata
613 3483 740 3548 magique
759 3485 842 3548 coepi.
861 3483 941 3535 donec
959 3482 1053 3534 ιοιιιιιι
1068 3478 1213 3542 Bamtnrgo
1230 3489 1309 3538 nuper
1327 3474 1360 3523 sd
1376 3488 1418 3525 me

64 3548 138 3596 aissa
166 3558 226 3596 sam
253 3557 348 3595 meram
372 3560 423 3597 non
446 3551 592 3616 maesse
617 3552 682 3611 nlla,
710 3555 755 3606 sed
781 3555 874 3606 incivili
901 3565 933 3604 aa
956 3554 1021 3604 falsa
1039 3550 1210 3604 σιιιιιιιιιιιιοιιο
1229 3542 1416 3610 eunpeuuflls

64 3616 241 3698 prudentiae
256 3616 333 3696 ejus,
356 3626 419 3693 aut,
441 3619 467 3682 si
481 3622 615 3685 atrocius
629 3624 797 3702 dicendum,
820 3627 989 3690 curiositati
1002 3626 1135 3699 tribuas3
1159 3618 1209 3701 qui
1228 3636 1295 3679 cum
1314 3618 1417 3699 suspi-

65 3716 197 3783 caretur,
228 3724 277 3768 me
299 3706 459 3788 scripsisse
481 3710 573 3786 talia,
605 3734 682 3796 qnae
705 3716 768 3779 sint
788 3716 914 3780 laesura
932 3713 1166 3795 Tenguaglinm‚
1195 3707 1302 3769 literae
1320 3722 1418 3771 ”meas

65 3797 168 3888 maluit
189 3794 385 3879 supprimere.
424 3797 515 3863 Certo
540 3801 631 3879 scias,
653 3824 701 3867 me
725 3806 771 3868 illi
794 3807 1021 3870 commendasse
1044 3804 1150 3865 literas
1174 3817 1227 3859 seu
1249 3797 1416 3860 mittendas

68 3905 115 3948 seu
135 3884 345 3967 perferendas.
383 3885 533 3951 Schedam
548 3910 647 3955 meam
660 3896 797 3975 appellas
820 3895 972 3959 incivilem
996 3901 1028 3954 et
1041 3892 1150 3953 falsam
1165 3885 1416 3950 criminationem.

68 3976 158 4057 uago.
207 3973 272 4038 Sed
293 3974 320 4035 si
343 3975 517 4040 iracundam
540 3979 668 4059 dixeris,
700 3984 818 4048 fatebor
849 3993 881 4047 et
903 3994 937 4048 ut
958 3985 1016 4045 hoc
1046 3977 1119 4042 mihi
1151 3976 1302 4039 condones
1330 3995 1416 4057 rogo,

69 4083 118 4144 pro
140 4083 176 4127 eo
200 4062 281 4146 quud
305 4070 337 4126 et
358 4065 399 4127 ad
420 4066 500 4128 idem
522 4087 596 4150 erga
616 4064 649 4134 'te
673 4075 804 4137 stadium
826 4081 951 4157 paratus
967 4090 1044 4134 sum.
1081 4065 1239 4132 Incivilem
1254 4072 1286 4130 et
1305 4065 1416 4129 falsam

70 4164 146 4217 marn
166 4152 412 4217 criminationem
433 4156 565 4238 increpui
580 4160 719 4238 civiliter,
743 4165 823 4246 quia,
846 4183 913 4228 curn
926 4179 1049 4243 possem
1063 4157 1109 4221 uti
1123 4155 1299 4229 retorsione,
1322 4154 1439 4218 malni·

69 4251 94 4305 te
112 4242 259 4327 privatim
279 4242 364 4323 prius
386 4244 557 4310 admonere.
593 4252 733 4333 Apparet
754 4255 873 4336 quidem
887 4253 928 4326 id,
944 4250 1024 4332 quod
1040 4249 1097 4322 aia,
1121 4255 1151 4308 te
1170 4246 1240 4309 dnm
1258 4245 1319 4307 ista
1337 4242 1415 4307 scri-

68 4330 157 4410 beres,
179 4331 326 4414 epistolio
348 4352 415 4396 meo
438 4335 532 4399 fuisse
556 4339 741 4404 destitutum.
788 4345 866 4406 Nam
889 4360 948 4402 uon
971 4339 1086 4421 opinor,
1108 4346 1141 4399 te
1163 4335 1193 4398 in
1215 4334 1268 4397 illo
1291 4334 1414 4413 legisse,

68 4421 357 4577 msebementer
378 4424 452 4489 mihi
474 4427 656 4507 applaudam
679 4433 716 4494 de
739 4429 1003 4496 transformatione
1034 4427 1196 4511 hypothesi
1220 4421 1415 4506 Tychoniana

145 4600 326 4686 Suspicaris
347 4603 458 4685 (neme
481 4607 561 4671 enim
589 4608 710 4672 memini
740 4628 788 4671 me
818 4592 851 4670 in
879 4605 977 4670 literis
1010 4608 1050 4668 ad
1076 4615 1108 4669 te
1140 4602 1291 4687 quippiam
1324 4601 1414 4682 hujus

69 4692 340 4768 commemorasse),
362 4708 411 4755 me
434 4693 474 4755 ad
495 4695 613 4761 divinas
636 4718 720 4761 meas
741 4697 952 4779 proportiones
975 4696 1088 4779 aliquid
1105 4693 1291 4756 emendasse.
1328 4691 1414 4756 Nihil

68 4779 146 4867 ῆι·
166 4782 241 4847 feci
278 4781 333 4847 Ad
354 4800 479 4847 causam
500 4786 620 4870 quidem
640 4788 798 4871 physicam
820 4787 1031 4868 aequationem
1055 4780 1195 4858 ecceutri,
1219 4782 1304 4864 cujus
1327 4781 1414 4863 iuge-

132 4888 225 4945 ΙΝ
238 4888 319 4941 m
332 4886 370 4931 Ν·
1186 4884 1202 4939 ³
