3354 5504
159 269 224 340 284
642 263 682 322 De
699 263 808 322 Motibus
826 263 919 322 Stellae
936 265 1025 322 Muris

422 386 425 395 '
1286 376 1317 429 αἰ

160 450 252 515 Solis.
291 451 375 529 Ergo
392 370 565 600 &nea
581 466 697 528 semper
712 449 875 529 parallelos
890 447 948 510 erit
962 447 1059 510 lineae
1080 435 1207 528 apogdbi
1221 424 1371 510 Solisac.
1401 442 1510 520 Quod-

160 540 188 602 si
209 538 382 621 parallaxes
494 556 528 598 as
551 537 661 599 Martis
683 537 714 599 in
737 557 774 598 ea
795 537 987 619 proportione
1011 537 1050 599 ad
1072 537 1245 618 parallaaes
1268 537 1366 612 Solis,
1396 537 1429 599 in
1452 555 1512 618 qua

160 636 231 690 suut
260 626 442 708 aTychone
470 625 624 706 proditae,
657 626 829 688 retinendas
860 625 1033 700 arbitraris,
1063 626 1121 688 erit
1149 628 1229 702 ικλμ
1252 626 1343 688 etiarn
1373 624 1512 707 aequalis

159 717 296 779 theoriae
319 715 419 778 Solis:
439 723 604 796 propterea
627 722 658 776 et
679 720 728 776 θο
752 715 887 797 aequalis
911 715 1128 776 eccentricitati
1150 716 1253 795 puncti
1276 739 1302 791 τ,
1326 716 1409 778 circa
1431 712 1512 796 quod

160 792 365 909 Solffovetur
386 804 560 885 aequaliter.
598 804 661 867 Sed
680 811 711 864 et
726 805 756 866 in
771 813 874 885 partes
894 804 1015 865 easdem
1030 812 1166 866 movetur
1187 808 1276 880 ικλμ,
1299 804 1329 867 in
1350 823 1427 888 quas
1445 804 1512 886 ipse

161 894 217 959 Sol
239 914 270 956 in
293 914 347 955 suo
371 892 480 954 circulo
505 894 665 955 secundum
687 893 906 955 Ptolemaeum:
931 902 962 954 et
983 893 1090 954 iisdem
1112 895 1307 975 temporibus,
1329 894 1442 956 iisdem
1464 892 1515 955 vel

161 982 411 1064 respondentibus
435 981 464 1042 in
488 981 562 1044 locis
586 989 709 1063 uterque
734 983 932 1063 reperiuntur,
956 981 1011 1044 Sol
1033 982 1064 1044 in
1084 1002 1137 1061 suo
1154 983 1321 1046 eccentrico
1341 991 1373 1045 et
1387 983 1515 1065 planeta

162 1074 194 1135 iu
222 1091 276 1134 sno
310 1070 457 1153 epicycl03
486 1071 530 1132 sic
552 1079 586 1132 ut
607 1071 706 1133 lineae
730 1090 767 1132 ex
790 1094 806 1132 τ
828 1089 881 1153 per
904 1070 1007 1133 Solem
1035 1079 1066 1132 et
1187 1091 1242 1153 per
1263 1072 1419 1154 planetam
1441 1090 1514 1153 per-

162 1168 253 1242 petuo
277 1161 339 1222 sint
359 1159 509 1241 paralleli,
532 1160 658 1221 docente
682 1160 785 1221 itidem
808 1161 992 1223 Ptolemaeo.
1040 1159 1083 1224 Ce
1182 1180 1254 1241 ergo
1278 1161 1417 1224 omnibus
1440 1179 1515 1223 con-

163 1249 372 1323 sentientibus,
396 1267 448 1310 cur
470 1268 530 1310 non
554 1256 585 1311 et
607 1250 663 1311 hoc
686 1249 875 1312 consentiat?
893 1258 935 1324 ut,
960 1249 1030 1331 qnia
1051 1252 1132 1325 ικλμ
1154 1270 1211 1312 non
1235 1250 1316 1312 circa
1334 1273 1350 1312 r
1368 1259 1515 1324 centrum,

165 1340 220 1402 aed
250 1337 330 1400 circa
354 1361 370 1398 o
398 1346 540 1418 punctum
563 1338 699 1419 superins
722 1339 888 1419 aequaliter
910 1347 1064 1414 movetur,
1098 1340 1176 1419 quod
1205 1340 1261 1401 hoc
1293 1340 1361 1402 loco
1389 1340 1520 1402 demon-·

168 1434 297 1490 stratum
328 1433 377 1487 est
408 1427 594 1507 transpositu
623 1426 782 1489 eccentrici
814 1426 968 1489 terrestris
999 1427 1029 1490 in
1057 1428 1237 1510 epicytlum,
1275 1429 1305 1491 iu
1335 1449 1394 1510 quo
1416 1447 1474 1510 pro
1496 1450 1516 1489 a

170 1524 281 1599 puncto
305 1515 386 1577 nacti
411 1534 512 1577 sumus
535 1521 575 1591 θ,
603 1536 656 1597 pro
679 1541 708 1597 y,
725 1539 755 1588 r,
778 1524 809 1578 et
830 1535 884 1597 pro
907 1538 941 1586 rr,
961 1540 994 1593 o,
1020 1516 1064 1578 sic
1088 1518 1178 1579 etiam
1201 1517 1231 1579 in
1255 1518 1326 1581 Sole
1350 1518 1417 1599 ipso
1440 1519 1516 1579 haec

172 1606 234 1669 sint
256 1606 364 1678 divisa,
388 1604 432 1666 ita
455 1612 488 1666 ut
511 1628 556 1666 ατ
578 1605 800 1680 eccentricitas‚
831 1625 906 1686 quae
935 1624 972 1666 ex
996 1606 1154 1668 Solaribus
1185 1607 1447 1670 observationibus
1469 1606 1517 1668 in-

169 1695 307 1769 venitur,
340 1693 503 1755 bisecanda
533 1694 626 1756 sitin
649 1693 684 1768 ξ,
716 1702 747 1755 et
770 1694 810 1756 sit
832 1694 1001 1768 §centrum
1025 1695 1183 1757 eccentrici
1206 1696 1289 1760 Solis
1312 1697 1426 1776 lpoo?
1449 1713 1518 1758 nam

169 1784 225 1846 tali
247 1802 390 1865 processu
404 1783 597 1844 Ptolemaeus
620 1784 723 1858 utitur,
747 1792 779 1845 ut
794 1791 948 1865 appareat,
973 1785 1000 1845 si
1018 1785 1232 1864 apparentibus
1246 1785 1328 1848 Solis
1351 1785 1428 1848 locis
1447 1804 1518 1847 usus

169 1881 263 1944 esset,
287 1871 406 1934 omniuo
430 1871 521 1933 etiam
544 1872 648 1934 eadem
673 1872 896 1934 eccentricitate
921 1893 1041 1935 usurum
1058 1874 1150 1935 fuisse
1167 1873 1197 1936 in
1216 1874 1350 1957 epicyclo
1365 1874 1516 1956 planetae,

168 1982 257 2045 quam
280 1961 311 2023 in
334 1960 406 2023 Sole
429 1961 677 2040 deprehenderat.
724 1961 920 2023 Testantibus
943 1961 1034 2042 igitur
1064 1963 1322 2027 observationibus
1346 1964 1383 2025 de
1408 1962 1519 2045 duplici

169 2050 297 2134 epicycli
319 2049 498 2112 Ptolemaici
523 2050 754 2113 eccentricitate
788 2051 871 2132 (quia
893 2059 1016 2132 propter
1038 2051 1184 2114 linearum
1206 2053 1460 2134 parallelitatem,
1487 2059 1520 2114 nt

166 2141 292 2214 dictum,
324 2137 430 2200 eadem
457 2139 609 2219 triangula
636 2147 767 2214 manent,
792 2158 867 2221 quae
891 2149 978 2201 erant
999 2140 1029 2203 in
1053 2142 1151 2220 forma
1173 2141 1412 2224 Copemicana),
1432 2142 1519 2222 jubet

166 2250 223 2292 nos
245 2228 414 2291 Ptolemaei
443 2227 565 2307 genius,
599 2229 691 2291 etiam
724 2228 807 2290 Solis
835 2229 1091 2303 eccentricitatem
1112 2230 1265 2307 bisecare,
1298 2240 1332 2293 ut
1354 2232 1399 2294 sic
1422 2231 1518 2300 lineae

167 2322 212 2389 λι,
230 2341 279 2398 ρκ,
295 2320 346 2392 ol,
360 2341 405 2393 νμ
424 2317 564 2397 paralleli
587 2326 737 2380 maneant.

255 2407 322 2470 Hac
344 2406 445 2488 itaque
468 2408 586 2468 ratione
610 2407 701 2468 etiam
724 2407 899 2469 Ptolemaeo
922 2407 1168 2488 persuadebitur,
1198 2433 1239 2472 ατ
1261 2409 1519 2472 eccentricitatem

168 2503 268 2560 motus
291 2494 374 2559 Solis
406 2496 589 2578 aTychone
618 2496 770 2558 inventam
800 2496 993 2558 bisecandam
1024 2517 1091 2559 esse
1119 2498 1151 2560 in
1174 2496 1208 2574 ξ,
1240 2507 1274 2561 nt
1296 2499 1379 2562 Solis
1404 2499 1519 2587 orbiqe

169 2593 302 2650 centrum
326 2585 419 2648 sitin
442 2583 468 2659 ξ,
493 2585 662 2666 aequalitas
682 2593 780 2647 motus
803 2585 834 2645 in
857 2605 882 2645 r.

255 2676 341 2738 llaec
363 2673 455 2753 igitur
478 2674 699 2766 argumentatio
723 2673 753 2734 in
778 2674 878 2736 forma
896 2673 1082 2736 Ptolemaica
1105 2675 1164 2748 (nti
1180 2677 1268 2740 modo
1289 2676 1349 2739 dici
1368 2677 1519 2758 coeptam)

101 2796 103 2811 ·
168 2784 226 2828 non
257 2772 305 2826 est
332 2762 457 2836 firmior,
487 2783 575 2843 quam
606 2781 766 2843 compages
793 2763 861 2843 ipsa
890 2763 992 2824 mundi
1020 2764 1217 2826 Ptolemaica.
1270 2767 1350 2830 Nam
1382 2766 1434 2847 qui
1465 2766 1520 2827 hoc

168 2855 343 2917 Ptolemaeo
368 2853 472 2927 eredit,
495 2853 526 2914 in
549 2853 644 2915 tribus
669 2851 872 2932 superioribus
896 2851 995 2914 inesse
1015 2853 1141 2916 totidem
1162 2855 1296 2918 theorias
1310 2855 1520 2937 epicyclorum,

169 2944 209 3005 ad
232 2942 376 3006 amussim
399 2942 568 3020 aequalium
588 2941 723 3002 theoriae
747 2941 840 3015 Solis,
864 2940 894 3002 in
917 2941 1086 3022 quantitate
1110 2950 1141 3005 et
1164 2944 1309 3026 qualitate
1333 2963 1400 3006 cum
1423 2945 1520 3007 linea·

169 3053 233 3095 rum
256 3041 319 3096 tum
341 3039 475 3093 motuum
498 3029 617 3093 omnino
642 3031 780 3105 omnium,
823 3030 901 3091 idem
924 3048 1013 3092 unam
1035 3031 1113 3094 hanc
1138 3033 1358 3096 dissonantiam
1381 3053 1441 3096 non
1464 3033 1519 3095 ad·

170 3122 280 3197 mittet,
305 3121 359 3184 sed
383 3139 420 3181 ex
440 3119 573 3202 epicyclo
589 3119 695 3180 lubens
709 3118 740 3180 in
755 3119 903 3180 theoriam
918 3117 1009 3194 Solis,
1033 3129 1176 3202 tanquam
1193 3143 1211 3183 a
1225 3121 1375 3204 speculari
1391 3123 1518 3202 imagine

170 3212 202 3274 iu
223 3212 321 3293 ipsam
344 3209 465 3286 faciem,
489 3207 638 3271 derivabit
660 3207 738 3269 hanc
761 3226 875 3288 quoque
898 3206 1104 3272 bisectiouem.

257 3299 392 3364 Tandem
415 3318 497 3375 vero,
520 3297 570 3359 ubi
588 3296 796 3379 hypothesium
813 3297 997 3377 comparatio
1013 3299 1153 3362 instituta
1169 3300 1260 3362 luerit
1277 3300 1516 3382 apparueritqw,

171 3397 298 3472 quatuor
321 3389 394 3464 (imo
418 3407 489 3464 sex,
521 3396 555 3449 ut
586 3384 659 3447 alibi
682 3385 812 3458 dicetur)
840 3385 975 3447 theorias
999 3387 1081 3450 Solis
1105 3408 1141 3449 ex
1168 3409 1228 3450 nna
1255 3389 1372 3451 theoria
1396 3391 1517 3463 Terrae,

170 3488 314 3561 tanquam
344 3479 446 3559 plures
476 3476 624 3556 imagines
649 3474 685 3535 ab
710 3494 769 3535 nna
792 3474 868 3535 facie
892 3474 1103 3552 substantiali,
1127 3478 1310 3539 descendere
1332 3498 1442 3559 posse:
1468 3477 1521 3541 Sol

170 3569 236 3651 ipse
260 3567 398 3631 veritatis
421 3566 608 3629 clarissimus
632 3582 749 3626 omnem
776 3563 854 3625 hunc
876 3573 1054 3645 apparatum
1074 3567 1290 3629 Ptolemaicum
1311 3587 1367 3630 ceu
1381 3567 1519 3650 butyrum

174 3657 367 3740 colliquebit,
400 3664 431 3718 et
452 3652 621 3718 Ptolemaei
649 3652 784 3714 asseclas
815 3652 926 3733 partim
956 3655 986 3716 in
1010 3654 1183 3736 Gopernici,
1215 3656 1324 3738 partim
1356 3657 1388 3719 in
1409 3654 1519 3720 Brahei

173 3755 276 3810 castra
298 3744 468 3827 dissipabit

189 3840 193 3847 '
262 3836 399 3908 Quaerat
427 3833 477 3896 hic
509 3831 637 3915 aliquis,
672 3850 738 3893 cum
774 3829 925 3912 epicyclns
954 3825 1154 3894 Ptolemaicu's
1187 3833 1248 3895 tria
1276 3834 1389 3897 habeat
1410 3841 1521 3916 puncta

173 3924 330 4001 notabilia,
353 3947 370 3986 r
391 3931 535 3999 centrum,
557 3926 583 3983 θ
603 3928 746 4002 punctum
770 3921 849 4001 quod
873 3920 1002 3983 diximus
1025 3922 1182 3997 affixionis,
1206 3930 1237 3984 et
1253 3946 1269 3985 o
1285 3930 1426 4004 punctum
1443 3925 1521 3987 circa

175 4017 254 4098 qnod
276 4023 383 4077 motus¹
398 4013 463 4094 ejus
485 4010 619 4093 aequalis
642 4018 705 4086 est3
736 4009 849 4071 dictum
871 4029 942 4071 vero
966 4010 1022 4086 sit,
1053 4011 1162 4072 lineam
1185 4017 1232 4072 θο
1255 4031 1376 4074 manere
1399 4011 1459 4095 ipsi
1482 4033 1521 4075 aa

175 4105 354 4187 parallelum
375 4121 429 4183 per
452 4120 568 4165 omnem
592 4098 762 4162 obeditum:
788 4098 892 4178 quales
916 4117 987 4179 ergo
1011 4100 1151 4162 circuitus
1175 4100 1383 4164 describantur
1405 4123 1426 4163 a
1448 4101 1520 4164 reli-

176 4195 243 4277 quis
275 4194 390 4257 duobus
418 4191 538 4273 punctis
567 4212 583 4251 r
610 4197 641 4251 et
666 4189 704 4249 o?
757 4187 809 4249 nd
836 4187 892 4249 hoc
919 4188 1132 4250 declarandum
1164 4191 1310 4252 ducantur
1338 4209 1376 4251 ex
1406 4188 1425 4263 ξ
1455 4199 1522 4253 etv

177 4284 236 4365 ipsi
259 4285 315 4362 αβ,
339 4283 411 4343 item
435 4300 473 4342 ex
494 4282 555 4361 β,χ
578 4278 636 4359 ipsi
660 4300 707 4339 ατ
729 4275 877 4357 paralleli,
901 4296 1031 4358 eousque
1055 4279 1148 4339 donec
1172 4299 1204 4340 se
1228 4288 1329 4341 mutuo
1354 4280 1520 4343 secuerint:

179 4383 210 4436 et
232 4373 377 4435 linearum
400 4390 438 4432 ex
460 4368 477 4443 ξ
499 4377 530 4430 et
552 4370 572 4445 β
595 4368 689 4428 sectio
713 4366 754 4427 sit
777 4387 813 4443 q,
838 4385 875 4426 ex
897 4364 914 4438 ξ
936 4374 967 4427 et
989 4392 1006 4448 χ
1030 4367 1070 4441 sit
1092 4382 1132 4447 ψ,
1155 4387 1193 4428 ex
1215 4391 1232 4429 τ
1254 4376 1284 4429 et
1307 4370 1327 4447 β
1350 4368 1431 4445 site,
1456 4376 1524 4431 ena

179 4470 211 4524 et
239 4486 257 4546 χ
284 4461 325 4524 sit
352 4483 385 4522 o.
433 4455 688 4531 Quemadmodum
718 4454 810 4534 igitur
832 4463 973 4535 punctum
994 4460 1019 4516 θ
1042 4456 1174 4519 decurrit
1196 4457 1225 4518 in
1250 4457 1436 4534 eccentrico,
1475 4456 1523 4540 qui

179 4551 347 4632 descriptus
379 4568 416 4610 en
445 4549 465 4625 β
495 4544 674 4626 regulariter
700 4551 837 4605 movetur
867 4544 947 4606 circa
973 4570 1004 4626 χ,
1035 4546 1079 4607 sic
1101 4568 1117 4607 r
1139 4546 1269 4608 decurrit
1292 4545 1322 4607 in
1346 4547 1524 4623 eccentrico,

182 4640 232 4722 qni
256 4640 424 4720 descriptus
447 4656 485 4698 ex
509 4657 530 4713 φ
553 4633 730 4712 regulariter
752 4640 888 4695 movetur
910 4635 989 4697 circa
1011 4650 1046 4714 ψ,
1067 4641 1098 4695 et
1120 4657 1136 4695 o
1160 4634 1291 4697 decurrit
1313 4635 1343 4697 in
1358 4637 1525 4699 eccentrico

183 4730 272 4791 tertio
296 4728 451 4811 ‚prioribus
482 4723 619 4787 similiter
650 4721 784 4804 aequali,
817 4721 866 4802 qui
898 4723 1066 4803 descriptus
1093 4741 1132 4783 ex
1155 4724 1366 4803 cregnlariter
1388 4733 1526 4788 movetur

183 4818 265 4881 circa
287 4833 333 4880 a:
369 4815 510 4881 Omnium
538 4830 609 4873 vero
639 4811 729 4875 trium
755 4809 861 4873 horum
889 4813 1121 4877 eccentricorum
1148 4812 1225 4874 idem
1255 4812 1308 4876 snb
1332 4814 1457 4878 zodiaco
1480 4822 1529 4877 est
