3354 5504
633 254 695 309 Pars
714 254 818 319 crana
855 256 936 322 Caput
954 254 1041 309 XLIX.
1446 254 1511 330 359

241 414 380 496 Planeta
402 434 480 497 circa
505 433 626 515 apsidas
650 435 683 495 fit
706 434 819 497 tardior
839 436 938 515 justo,
961 434 1041 497 circa
1064 433 1178 497 medias
1202 436 1402 517 longitudines
1425 441 1510 503 velo-

181 518 358 686 illiciis,
391 612 533 692 proficere
565 632 620 674 nos
643 612 671 672 in
703 613 805 692 pejus,
840 633 905 676 cum
919 578 995 693 bap.
1019 613 1164 676 XLVIII.
1198 614 1320 694 propius
1352 617 1510 680 veritatem

163 701 332 764 venerimus
355 720 422 763 cum
445 703 560 765 effectu.
608 702 701 781 Atqui
725 721 742 762 o
766 703 858 777 bone,
894 703 920 765 si
944 704 980 765 de
1005 704 1113 764 effectu
1137 704 1284 766 sollicitus
1308 723 1424 778 essem,
1453 726 1510 788 po-

163 800 258 854 teram
283 799 349 853 toto
372 790 428 853 hoc
452 791 554 854 labore
578 791 784 870 supersedere,
808 799 965 853 contentus
989 792 1148 873 hypothesi
1171 793 1293 854 vicaria.
1340 793 1424 857 Scito
1446 797 1509 858 ita-
1618 783 1625 798 ⁰

162 899 226 962 que,
252 881 330 961 quod
354 880 384 941 hi
408 899 522 942 errores
546 879 595 940 via
618 880 703 941 nobis
728 879 818 941 intnri
841 881 902 941 sint
918 881 956 942 ad
975 881 1145 944 veritatem.
1181 876 1304 945 Interim
1323 883 1379 946 hoc
1399 893 1512 947 certum

161 969 248 1032 nobis
272 978 349 1042 esto,
373 989 427 1032 nos
451 970 572 1032 tandem
596 969 754 1049 aliquando
779 970 920 1052 physicas
943 989 1059 1044 causas,
1085 990 1160 1052 quae
1184 970 1270 1033 uobis
1294 980 1364 1034 snut
1386 973 1416 1034 in
1436 977 1525 1054 sup?

161 1058 262 1140 posito
293 1078 361 1139 cap.
384 1059 490 1134 XLV,
525 1059 602 1120 citra
633 1076 764 1120 errorem
794 1079 910 1121 omnem
934 1060 971 1120 ad
996 1060 1127 1121 calculos
1152 1081 1286 1122 vocame.
1334 1061 1429 1125 Simul
1453 1083 1509 1124 au-

164 1157 224 1211 tem
256 1149 449 1211 confirmatur
476 1157 508 1209 et
536 1148 670 1226 superior
701 1167 767 1227 cap.
790 1148 922 1211 XLVII.
958 1149 1108 1223 calculus,
1143 1149 1189 1212 cui
1218 1151 1277 1212 iste
1311 1152 1512 1233 aequipollet:

162 1245 337 1319 certumque
370 1246 434 1313 est,
465 1257 541 1317 quae
572 1238 634 1299 illic
669 1245 702 1298 ut
733 1236 939 1316 dysopsapqrc
969 1246 1111 1317 suspecta
1134 1239 1306 1315 habuimus,
1330 1241 1403 1302 nihil
1427 1241 1515 1304 nobis

162 1327 305 1391 sensibile
329 1325 575 1389 incommodasse.
622 1328 747 1407 Itaque,
779 1327 898 1407 siquid
923 1337 1061 1407 superest
1085 1328 1304 1408 discrepantiae
1328 1327 1433 1392 harum
1457 1350 1512 1392 ae-

161 1417 340 1500 qualitatum
362 1438 381 1479 a
405 1417 542 1490 veritate,
568 1417 597 1477 id
620 1435 678 1477 non
701 1416 842 1478 methodo
866 1417 1038 1478 numerandi
1066 1415 1268 1493 tribuendum,
1298 1418 1352 1480 scd
1381 1419 1514 1500 opinioni

161 1525 227 1588 cap.
252 1505 361 1581 XLV,
397 1507 475 1568 unde
508 1506 602 1567 fluunt
624 1505 654 1566 hi
678 1506 808 1567 numeri:
833 1524 889 1566 non
915 1506 993 1587 quod
1017 1506 1120 1567 statim
1144 1508 1242 1587 opinio
1265 1506 1332 1587 ipsa
1350 1515 1416 1570 tota
1436 1509 1515 1572 ialsa

162 1597 212 1671 sit,
236 1597 293 1658 sed
317 1596 393 1677 quod
417 1594 537 1657 nimium
560 1595 699 1655 fuerimus
723 1595 913 1675 praecipites,
938 1595 986 1675 qni
1001 1614 1059 1656 nou
1076 1605 1253 1676 exspectata
1268 1598 1513 1660 observationum

162 1686 315 1749 decisione
338 1686 483 1765 plenaria,
507 1684 610 1746 statIm
633 1692 721 1763 atque
745 1684 962 1758 intelleximus,
987 1685 1045 1746 iter
1068 1686 1210 1765 planetae
1234 1686 1319 1748 ovalo
1343 1706 1419 1761 esse,
1445 1706 1513 1750 cer·

163 1784 224 1839 hm
253 1775 351 1836 ovalis
379 1775 579 1855 quantitatem
602 1776 739 1854 (propter
768 1774 863 1834 solam
886 1792 1042 1836 cansarum
1066 1775 1256 1855 physicarum
1280 1775 1511 1839 concinnitatem

163 1874 194 1928 st
220 1865 390 1945 gratiosam
418 1865 499 1927 illam
528 1862 771 1943 aequabilitatem
794 1870 893 1925 motus
917 1862 1089 1945 epicyclIci,
1124 1863 1203 1927 falso
1225 1873 1327 1927 tamen
1350 1865 1511 1940 creditam)

163 1974 223 2019 sm
247 1973 355 2016 urruns.

222 1973 410 2115 anomodo
435 2049 533 2104 autem
557 2039 715 2103 verissima
737 2041 863 2120 demque
887 2042 1038 2103 sententia
1061 2041 1102 2102 sit
1125 2041 1163 2103 ad
1187 2042 1319 2105 calculos
1335 1994 1512 2118 revocanda,

163 2142 193 2198 st
229 2140 299 2196 cum'
335 2133 417 2194 hisce
453 2130 602 2210 capitibus
635 2130 850 2192 conformanda
886 2149 974 2210 qnam
1005 2131 1156 2210 proxime,
1208 2151 1261 2194 suo
1296 2134 1361 2195 loco
1398 2134 1514 2195 dicetur

162 2229 230 2307 (sap.
250 2230 321 2283 LvL
340 2227 432 2281 tvm.
451 2227 516 2279 1.1x.
536 2224 600 2290 LX).
645 2218 714 2281 Jam
745 2229 898 2300 pertexam
931 2219 1159 2310 explicationem
1182 2221 1360 2304 reliquomm
1382 2240 1512 2286 meomm

162 2320 338 2381 somnum.

748 2504 929 2516 ’,ι-

744 2681 862 2786 Caput
892 2682 934 2759 L.

276 2849 335 2914 De
357 2844 434 2910 aliis
454 2863 511 2908 sec
532 2845 636 2909 modis
659 2848 860 2929 aequatiorses
881 2846 1045 2909 eccentrici
1066 2845 1250 2911 exstruendi
1271 2848 1406 2912 tentatis.

146 2946 164 2993 ⁸
252 2970 302 3033 Ex
325 2972 382 3033 hac
407 2971 516 3033 tritura
539 2938 712 3050 quantulum
737 2971 875 3032 frumenti
900 2987 1039 3032 acervum
1062 2969 1255 3049 collegimus?
1291 2971 1335 3033 At
1350 2973 1417 3034 ride
1433 2992 1509 3035 nnnc
1535 3033 1541 3057 ,Ι

163 3064 256 3126 etiam
279 3063 429 3141 ingentem
454 3059 627 3139 siliquarum
650 3060 806 3122 cumulum.
851 3059 1024 3121 Debuerant
1046 3059 1109 3120 ista
1131 3059 1235 3122 reierri
1258 3060 1313 3122 sub
1335 3061 1510 3140 principium
1618 3088 1622 3095 ·

162 3170 229 3235 cap.
253 3149 401 3225 XLVIII,
427 3168 462 3211 eo
486 3151 573 3229 quod,
599 3157 862 3229 antequamarcus
879 3149 946 3211 viae
962 3149 1057 3210 ovalis
1072 3148 1293 3230 investigarem,
1317 3149 1378 3211 ista
1392 3157 1508 3212 tracta-

163 3242 266 3307 verim.
313 3238 375 3301 Sed
405 3239 501 3302 lubuit
529 3257 683 3302 secernere
713 3238 788 3300 lucis
819 3257 918 3302 causa
966 3235 1046 3309 Quin
1069 3237 1161 3301 etiam
1184 3238 1270 3303 utilia
1292 3238 1393 3320 aliqua
1414 3258 1509 3320 grana

162 3330 313 3395 inventuri
336 3347 447 3391 snmus.

367 3454 480 3518 Primi
513 3461 549 3514 et
579 3451 730 3514 secundi
765 3451 858 3512 modi
887 3471 1088 3533 processus
1120 3451 1193 3514 fuit
1223 3453 1305 3514 iste.

251 3561 352 3625 Primo
375 3559 599 3623 eccentricitate
614 3554 710 3632 9165,
735 3565 878 3639 quaeest
900 3560 989 3638 paulo
1013 3559 1108 3621 minor
1127 3560 1220 3638 justo,
1244 3558 1380 3641 quaesivi
1404 3578 1507 3621 omnes

163 3652 328 3716 distantias
361 3651 522 3713 secundum
556 3648 721 3710 doctriuam
750 3666 815 3726 cap
849 3645 973 3720 XXIX,
1004 3668 1079 3728 quae
1112 3648 1335 3728 respondebant
1366 3646 1509 3728 gradibus

162 3741 291 3822 integris
314 3739 494 3814 anomaliae,
519 3736 747 3800 intermediam
770 3744 802 3797 et
824 3755 893 3797 vere
918 3746 1112 3818 coaequatam
1136 3737 1234 3799 medio
1249 3740 1316 3800 loco
1339 3737 1506 3801 versantis:

162 3851 251 3914 qnam
275 3831 333 3892 etsi
356 3830 504 3892 interdum
528 3837 722 3908 coaequatam
746 3826 881 3906 appello,
906 3825 1105 3887 conditionem
1128 3834 1229 3890 tamen
1252 3828 1340 3902 addo,
1364 3827 1443 3909 quod
1467 3826 1508 3889 sit

160 3929 281 3985 tantum
304 3919 458 3982 distantiis
491 3918 663 3980 destinata:
698 3916 797 3997 itaque
830 3913 1052 3977 distantiariam
1061 3910 1248 3997 ⁸.)appello
1294 3918 1332 3979 In
1354 3916 1506 3979 schemate

162 4009 260 4074 altero
258 4028 340 4112 cap.
349 4007 466 4071 XLVI.
488 4012 556 4077 (11)
575 4015 624 4068 est
636 4004 894 4086 angulusFABf
885 4024 916 4065 m
931 4004 1082 4066 schemate
1098 4007 1233 4085 sequenti
1249 4006 1342 4071 OAD.
1368 4005 1506 4071 Secundo

160 4098 299 4182 quaesivi
329 4097 436 4161 tertias
467 4096 707 4178 proportionales
739 4093 850 4168 lineas,
883 4112 958 4174 quae
981 4093 1025 4154 sic
1054 4101 1157 4156 essent
1184 4095 1335 4175 quaelibet
1356 4095 1396 4158 ad
1419 4113 1504 4157 suam

160 4188 348 4263 distantiam,
372 4195 406 4249 nt
427 4186 501 4248 haec
525 4185 671 4247 distantia
693 4184 732 4245 ad
755 4182 871 4245 radium
886 4178 1036 4270 100000.
1082 4183 1186 4245 Tertio
1210 4194 1242 4246 et
1273 4191 1379 4266 quarto
1402 4183 1505 4247 addidi

160 4279 259 4343 lineas
283 4277 422 4339 inventas
454 4274 624 4354 sigillatim,
658 4273 770 4353 fuitque
804 4257 918 4334 summa
947 4272 1159 4334 distantiarum
1182 4269 1373 4349 35924252,
1406 4272 1505 4335 minus

161 4362 465 4450 marrr;36000000
489 4383 609 4425 causam
633 4363 727 4424 habes
751 4361 848 4442 capite
871 4360 939 4422 XL.
986 4360 1108 4425 Summa
1137 4381 1208 4424 vero
1238 4321 1505 4444 proportionalium

159 4457 285 4520 inventa
308 4463 357 4517 est
379 4449 562 4528 30000000,
587 4452 665 4533 qnod
688 4450 793 4512 mirum
816 4471 863 4512 me
886 4450 986 4512 habet.
1033 4448 1076 4510 Et
1097 4451 1167 4532 quia
1190 4451 1338 4527 delectat,
1362 4450 1448 4532 cupio
1470 4458 1505 4512 ut

160 4546 217 4610 hoc
240 4547 287 4609 ita
308 4562 432 4608 necesse
457 4562 524 4605 esse
556 4549 710 4622 geometra
743 4540 892 4622 quispiam
925 4539 1119 4603 demonstret.
1168 4538 1289 4609 Centris
1310 4497 1351 4618 ri,
1375 4541 1401 4607 B
1425 4539 1502 4602 scri-

248 4739 276 4812 1)
296 4742 358 4797 Etsi
372 4742 555 4813 quantitatem
568 4740 675 4794 obtinet
688 4737 803 4793 mediam
816 4736 888 4793 iuter
901 4737 1032 4809 reliquas,
1047 4754 1116 4794 cave
1128 4743 1224 4794 tamen
1236 4738 1351 4794 mediam
1367 4735 1501 4809 appelles.

158 4824 252 4882 Iiedia
272 4823 344 4881 euim
363 4821 474 4894 proprie
495 4827 539 4876 ert
557 4837 655 4879 nomeu
675 4817 811 4888 temporis.
