3354 5504
441 299 474 352 de
492 299 728 355 montanista
745 308 813 355 motu
830 303 919 356 stelias
936 302 1033 356 hlautis
1346 305 1410 371 113

57 475 208 540 mutui:
232 477 385 540 constituo
408 497 565 541 excessum
589 499 677 541 areae
700 500 791 562 supra
817 482 996 544 anomaliam
1012 482 1158 546 ecceutri:
1191 490 1223 545 et
1248 483 1318 566 quia
1340 505 1412 549 area

58 566 181 630 metitur
204 566 371 629 distantias
394 586 507 642 omnes,
532 569 695 630 distantiae
718 590 818 633 moras
834 590 887 633 seu
901 581 1029 652 tempus,
1053 571 1144 650 igitur
1164 573 1410 654 multiplicatione

58 655 184 738 physica
207 664 331 737 tempus
354 657 461 738 colligo
485 658 617 719 debitum
641 659 707 721 huic
731 660 897 722 anomaliae
921 661 1060 723 ecceutri.

144 742 333 796 Fabricius:
351 745 493 795 Admiratus
511 762 564 796 suus
583 747 720 812 aliquoties,
739 750 773 798 mi
790 749 907 813 Keplers,
924 749 1019 815 ingenii
1035 749 1072 799 tui
1091 749 1253 801 subtilitatem
1271 763 1408 816 sumam

60 822 89 867 at
105 830 225 882 σηοω
242 816 406 867 subtilitatem
423 819 591 868 inventionum
608 834 657 868 non
676 820 801 871 adrenari
817 821 940 886 principiis
958 820 1120 872 naturalibus.
1150 819 1251 872 Subtil'u
1269 829 1308 872 est
1320 821 1411 887 ceper·

62 888 111 939 uisi
127 886 297 952 hypotheseos
316 889 439 944 inmane,
464 896 493 939 at
518 903 592 954 quam
619 890 727 941 absurda
751 893 797 950 sit,
824 892 924 942 diffiteri
948 908 998 944 uon
1021 893 1120 956 poteris.
1156 893 1209 958 Ego
1227 894 1326 944 omniuo
1343 899 1411 959 puto,

61 959 158 1023 serinii
176 960 260 1026 magia
279 959 438 1025 propinquum
456 974 518 1018 ease,
537 976 585 1026 quo
603 961 661 1027 quid
679 961 811 1028 simplicius
829 963 911 1021 tuerit,
930 970 956 1013 et
972 965 1063 1013 veritas
1081 965 1135 1028 ipsa
1152 978 1196 1028 per
1212 979 1240 1014 aa
1257 963 1367 1030 simplex
1472 996 1488 1031 3

73 1050 82 1069 ·
145 1028 353 1110 chlerus:
377 1030 584 1094 Subtilitatem
608 1042 704 1103 meam
726 1034 959 1116 praedicandam
982 1043 1080 1115 putas,
1105 1035 1131 1096 si
1151 1054 1208 1097 nou
1229 1042 1413 1117 repugnaret

61 1127 196 1183 naturae.
243 1119 325 1201 Ego,
359 1119 398 1182 mi
426 1120 564 1196 Fabrici,
598 1123 704 1184 damno
737 1143 852 1186 omnem
884 1124 1082 1186 subtilitatem
1113 1123 1162 1185 vel
1194 1132 1412 1205 repugnantem

61 1216 186 1272 uatum
215 1208 264 1270 vei
293 1227 352 1271 nou
379 1206 589 1274 necessariam.
635 1211 715 1275 Dum
742 1232 813 1275 vero
842 1213 914 1275 mihi
943 1211 1180 1294 Oopernicanam
1210 1213 1411 1277 subtilitatem

61 1297 190 1380 exempli
213 1298 280 1360 loco
303 1298 390 1378 ponis
414 1298 451 1362 ob
475 1299 592 1376 oculos,
624 1300 724 1383 inepte
748 1301 838 1377 iacis,
862 1321 929 1364 oum
953 1302 1048 1377 scias,
1077 1301 1155 1382 quod
1178 1311 1210 1364 tu
1234 1303 1358 1365 damnes
1380 1302 1412 1365 lu

62 1385 230 1470 cupernico
253 1406 301 1449 me
323 1387 444 1450 mirifice
467 1388 644 1470 approbare.
692 1389 754 1454 Gur
779 1389 871 1472 igitur
899 1411 947 1453 me
975 1391 1063 1470 hujus
1085 1384 1289 1453 absurditatis
1317 1396 1410 1454 uocas
1456 1459 1461 1471 ,

62 1476 194 1540 testem?
229 1474 328 1538 Nimis
347 1495 417 1539 vero
436 1477 497 1540 late
521 1478 741 1560 philosopharis
765 1481 801 1541 de
825 1479 1016 1561 simplicitate
1039 1479 1188 1542 veritatis.
1226 1479 1285 1542 Est
1303 1489 1412 1543 natura

65 1566 209 1648 simplex,
238 1574 287 1627 est
315 1574 347 1627 et
374 1567 539 1647 multiplex.
585 1569 650 1632 Nec
676 1569 865 1631 aestimanda
893 1579 940 1632 est
968 1570 1043 1631 haec
1071 1569 1136 1648 ejus
1165 1568 1342 1649 simplicitas
1374 1587 1412 1630 ex
1526 1603 1531 1618 a

64 1664 169 1718 nostra
192 1654 341 1735 opinione,
365 1656 417 1717 sed
441 1675 478 1717 cx
502 1657 634 1738 seipsa.
673 1658 716 1720 Et
732 1677 803 1721 vero
826 1659 941 1734 mirum,
965 1658 991 1721 si
1015 1657 1211 1739 simpliciores
1235 1657 1302 1738 quis
1325 1664 1411 1720 attu-

64 1743 133 1808 lerit
162 1743 348 1827 hypotheses
376 1765 464 1826 quam
492 1764 548 1825 ego
577 1746 732 1822 constitui,
763 1748 791 1809 in
820 1747 927 1831 quibus
954 1749 1078 1828 planeta
1108 1746 1235 1828 primum
1265 1745 1410 1810 facultate

64 1833 188 1897 musali
221 1833 366 1895 directum
396 1842 480 1896 tenet
512 1854 598 1896 axem
631 1836 831 1916 magneticum
858 1845 890 1898 et
917 1856 1057 1899 successu
1084 1836 1250 1900 seculorum
1278 1833 1413 1899 nonnihil

63 1923 203 1998 inclinat,
228 1922 337 1983 deiude
360 1921 438 1984 idem
461 1924 585 2003 planeta
607 1925 718 1986 virtute
742 1925 888 2006 corporali
912 1925 1083 2005 magnetica
1108 1926 1147 1987 ad
1170 1924 1271 1988 Solem
1296 1922 1414 1987 accedit

64 2031 117 2095 pro
142 2010 320 2075 fortitudine
344 2013 445 2092 auguli
470 2014 669 2076 inclinationis
693 2015 758 2075 axis
782 2016 819 2076 ad
836 2013 950 2084 Solem,
975 2014 1065 2077 tertio
1079 2012 1133 2075 Sol
1156 2016 1309 2094 planetam
1330 2012 1413 2093 rapit

63 2102 89 2164 iu
112 2100 220 2164 orbem
243 2118 297 2180 pro
321 2101 438 2163 modulo
462 2121 602 2164 accessus
625 2103 700 2183 ejus.
742 2105 827 2168 Haec
850 2112 899 2166 est
921 2103 1050 2183 genuina
1072 2102 1260 2182 simplicitas,
1283 2103 1313 2165 iu
1338 2102 1413 2184 ipsis

63 2197 204 2272 spectata
226 2189 391 2270 principiis.
427 2189 476 2253 Ex
495 2191 542 2252 his
565 2199 628 2254 tam
651 2192 756 2274 paucis
780 2193 805 2254 si
824 2192 889 2273 jam
913 2193 1009 2255 multa
1028 2200 1201 2272 sequuntur,
1225 2190 1413 2272 aequatiouis

64 2299 134 2361 pars
156 2279 296 2362 physica,
322 2279 431 2360 optica,
457 2279 610 2356 distantia,
635 2281 693 2343 iter
716 2281 889 2362 ellipticum,
914 2289 984 2344 tuuc
1008 2281 1074 2343 ideo
1098 2280 1135 2342 ob
1156 2282 1212 2344 hos
1231 2281 1413 2362 multiplices

63 2377 188 2432 eventus
212 2367 348 2448 negabis,
372 2369 518 2450 principia
541 2389 608 2432 esse
632 2370 799 2451 simplicia?
841 2369 961 2433 Oblitus
981 2390 1013 2432 es
1036 2369 1127 2450 igitur
1141 2368 1290 2431 Platonici
1313 2369 1412 2432 illius:

123 2453 156 2521 s's
173 2480 223 2519 aas
246 2457 362 2519 nonu?

63 2457 101 2530 dc
146 2546 338 2597 Fabricius:
356 2545 482 2604 Existimo,
502 2561 627 2612 uunquam
644 2563 689 2597 nos
704 2548 736 2598 ad
749 2561 860 2598 seruum
877 2547 1049 2612 hypothesium
1066 2548 1234 2598 inventionem
1245 2551 1415 2612 perventuros.

64 2621 105 2670 uisi
124 2631 222 2669 cauae
239 2623 348 2667 moturum
366 2618 472 2681 penitius
490 2621 682 2683 perspiciantur,
712 2626 737 2669 et
764 2634 808 2669 cur
835 2619 937 2669 dimidia
961 2627 1059 2670 tautum
1078 2619 1249 2669 ecceutrioitas
1268 2617 1415 2670 sthbeatur

63 2690 239 2746 indistantiia.
258 2702 315 2738 oum
332 2689 564 2753 psostbaphaeresea
581 2697 666 2740 umen
685 2691 759 2740 allam
778 2690 845 2740 deut.
878 2691 964 2740 Talem
975 2691 1034 2740 mihi
1048 2691 1081 2741 da
1091 2688 1238 2754 hypothesin
1250 2686 1413 2752 ml'Keplers.

65 2760 88 2824 Ι)
104 2775 171 2828 quae
190 2762 268 2825 prims
286 2761 376 2811 intuitu
394 2762 518 2826 primoque
536 2769 563 2812 st
587 2777 636 2811 uuo
658 2762 767 2818 calculo,
791 2777 840 2811 non
863 2763 986 2823 invariata
1003 2761 1145 2826 hypothesi.
1171 2776 1202 2812 ex
1227 2761 1413 2817 eoeeutxmttate

64 2833 129 2895 tuli
147 2845 223 2883 seras
242 2830 357 2882 exhibeat
368 2831 601 2896 prosthaphaereaes
611 2840 637 2883 et
647 2833 720 2909 simpl
732 2846 803 2883 veras
816 2833 955 2884 dictandas
988 2832 1016 2895 2)
1034 2834 1069 2884 Ut
1086 2848 1116 2883 ex
1134 2833 1177 2884 illa
1193 2832 1323 2882 ostendere
1335 2832 1413 2896 possis
1510 2882 1529 2907 ·›
1618 2906 1621 2913 Ι

65 2903 164 2970 lapitas
177 2903 371 2954 eeeeumcitatts
389 2917 490 2952 causam
509 2911 535 2954 et
552 2906 680 2955 mdonem.
709 2901 737 2965 ³)
758 2903 885 2965 Quomodo
905 2921 935 2954 ex
954 2905 1041 2954 eadem
1059 2919 1102 2968 per
1121 2901 1136 2952 3
1156 2902 1306 2967 acronyohia
1323 2915 1412 2953 scoen-

66 2977 156 3026 trisltsa
169 2982 198 3025 at
210 2987 350 3040 apogaeum
363 2974 449 3024 rerum·
462 2976 549 3040 inquiri
561 2976 650 3039 possim
670 2983 696 3025 et
707 2975 732 3025 id
745 2976 789 3033 ita,
808 2982 836 3025 ιιι
847 2977 937 3040 ubique
950 2976 1102 3026 circulariter
1115 2981 1141 3025 et
1153 2974 1291 3058 aequditas
1303 2979 1413 3023 motuum
1459 3040 1462 3045 ,
1493 2980 1498 2987 “

67 3047 228 3097 ιιιιοιοιιιὶοο
247 3052 274 3095 et
290 3047 438 3112 geometrice
457 3048 598 3098 reducatur.
630 3047 658 3096 lu
676 3047 714 3097 his
732 3048 881 3111 inquirendis
900 3062 943 3112 per
960 3045 976 3095 4
996 3062 1074 3097 anuos
1092 3048 1203 3097 taboram
1228 3053 1255 3096 et
1277 3047 1413 3095 mannum
1446 3072 1454 3101 1.

67 3117 145 3169 laboro
164 3116 319 3182 et·lapidem
337 3122 537 3176 astronomorum,
557 3125 586 3169 ut
603 3119 640 3168 sio
657 3118 747 3176 dicaun
766 3120 869 3183 inquiro.
1470 3118 1473 3123 '

148 3190 355 3268 Keplerus:
387 3189 496 3251 Mirum
525 3210 609 3266 vero,
644 3191 747 3271 quales
777 3190 848 3253 mihi
872 3190 987 3254 scribas
1012 3191 1096 3271 leges
1119 3188 1292 3252 condendae
1315 3186 1412 3268 hypo-
1488 3190 1491 3195 '
1522 3250 1532 3267 ι
1561 3150 1607 3225 ³ss,

68 3279 186 3343 theseos
210 3297 248 3339 ex
278 3287 329 3340 tuo
359 3278 480 3341 cerebro
507 3299 566 3341 non
596 3298 634 3341 ex
662 3280 745 3341 coelo
774 3280 929 3343 deductas.
975 3279 1107 3342 Directis
1139 3278 1239 3342 verbis
1271 3296 1307 3337 ea
1340 3274 1413 3337 mihi

67 3368 210 3451 imperas,
246 3385 323 3448 quae
355 3366 481 3450 totidem
509 3365 564 3448 egb
595 3369 744 3450 capitibus
773 3368 803 3429 iu
835 3368 1067 3432 Commentariis
1097 3366 1235 3431 refutavi.
1286 3364 1414 3426 Miseret

70 3457 166 3539 itaque
190 3475 239 3519 me
263 3457 306 3518 tui
331 3456 457 3527 laboris,
485 3458 533 3538 qui
562 3465 609 3519 tot
631 3461 696 3538 jam
723 3477 817 3519 annos
844 3459 975 3521 sitorum
1002 3467 1103 3521 tentas
1130 3457 1213 3518 etin
1237 3472 1347 3535 genere
1370 3484 1412 3495 —

68 3559 161 3610 sctum
197 3545 275 3626 agis.
332 3546 474 3607 luventas
502 3547 581 3608 euim
612 3566 701 3608 veras
733 3555 864 3609 motuum
896 3567 1017 3623 causas,
1051 3544 1198 3628 quatenus
1226 3544 1264 3605 ab
1293 3543 1411 3605 homine
1488 3548 1492 3563 '

68 3634 275 3718 comprehendi
303 3643 443 3715 possunt,
468 3636 713 3699 constantissime
738 3656 851 3698 assero.

148 3723 335 3776 Fabricius:
353 3722 487 3775 secantem
505 3725 531 3774 in
548 3723 632 3776 Marte
650 3725 751 3775 adhibes
768 3740 811 3789 pro
830 3725 922 3790 ellipsi;
941 3732 1050 3791 atquae
1068 3738 1146 3775 causa
1163 3725 1195 3774 sit
1212 3721 1276 3772 seire
1295 3721 1374 3785 cupio.
1414 3755 1417 3762 ⁴

148 3796 353 3877 Keplerus:
387 3797 433 3858 De
457 3815 565 3870 causa,
589 3817 640 3860 cur
664 3816 772 3858 secans
796 3797 984 3877 aequatiouis
1015 3796 1132 3877 optioae
1160 3794 1270 3875 prodat
1295 3789 1412 3877 ellipsis

66 3885 271 3957 latitudinem,
309 3885 464 3964 quaerenti
491 3886 656 3964 respondeo
685 3905 723 3947 cx
752 3884 980 3949 Commentariis
995 3890 1080 3965 tcap.
1100 3889 1166 3953 Lx.)
1198 3883 1259 3945 sic:
1292 3881 1410 3963 quando

66 3973 215 4038 monialis
244 3973 389 4035 eccentri·
410 3982 458 4036 est
486 3970 547 4038 90⁰
576 3983 608 4037 et
639 3975 789 4036 anomalia
822 3983 989 4055 coaequata
1023 3973 1117 4035 minor
1149 3973 1202 4035 illa
1233 3969 1411 4050 aequatione

65 4064 163 4145 optica
189 4062 288 4138 totali,
312 4071 387 4142 puta
413 4059 475 4126 84ο
497 4059 561 4137 41‘,
589 4071 660 4126 tunc
693 4063 919 4126 observationes
951 4069 1114 4138 testantur,
1139 4060 1314 4124 distantiam
1342 4077 1409 4120 esse

65 4155 263 4226 mediocrem,
295 4171 338 4214 sc.
374 4148 511 4217 1⁰0000.
547 4144 619 4215 'At
650 4151 677 4214 si
708 4152 765 4215 iter
794 4154 934 4233 planetae
972 4160 1054 4213 esset
1085 4151 1238 4231 perfectus
1270 4147 1409 4221 circulus,

65 4240 209 4306 distantia
231 4250 295 4303 tum
318 4249 402 4303 esset
423 4260 531 4303 secans
558 4242 659 4322 auguli
686 4242 873 4324 aequatiouis
897 4240 1015 4323 opticae
1048 4236 1185 4304 100432.
1245 4237 1294 4301 Sit
1322 4233 1410 4298 FAG

65 4338 124 4409 (ng.
144 4336 194 4402 ³⁷)
221 4325 292 4400 90⁰,
323 4328 412 4392 ΒΘΑ
436 4323 520 4415 5¹s‚⁰
542 4331 629 4406 circ,
660 4330 717 4393 erit
743 4330 800 4394 BG
831 4350 953 4405 secans,
985 4330 1055 4411 quia
1078 4329 1139 4393 AG
1171 4330 1272 4392 radius
1297 4334 1328 4387 et
1351 4325 1409 4386 BA

65 4432 203 4503 tangens.
259 4420 314 4484 Ille
339 4439 446 4482 secans
470 4429 517 4481 est
543 4417 680 4485 100432.
734 4422 898 4483 Testa'ntur
927 4439 997 4482 vero
1020 4420 1192 4493 observata,
1216 4418 1246 4480 iu
1270 4417 1324 4477 hoc
1348 4414 1409 4475 situ

65 4511 117 4573 ΒΗ
147 4507 272 4590 aequari
303 4508 362 4589 ipsi
386 4509 443 4572 AF
464 4510 512 4571 vel
535 4507 612 4586 AG,
644 4517 679 4572 ιιι
710 4509 753 4571 sic
786 4511 909 4592 planeta
935 4505 1000 4572 'non
1032 4510 1073 4571 sit
1102 4508 1132 4571 iu
1160 4506 1208 4576 G,
1238 4503 1342 4568 sedin
1367 4502 1406 4564 H.

67 4598 142 4682 llrgo
181 4616 325 4660 excessus
356 4596 415 4659 BG
452 4598 585 4661 secantis
617 4618 707 4680 super
737 4598 807 4674 BH,
845 4598 900 4660 lroc
937 4608 985 4661 est
1023 4618 1111 4680 super
1142 4594 1220 4668 AG,
1253 4601 1302 4655 est
1333 4591 1405 4652 lati-

68 4690 132 4752 tudo
157 4688 291 4758 iunulae,
310 4687 490 4749 resecandae
504 4709 533 4773 'a
555 4687 683 4762 circulo,
710 4708 752 4750 sc.
785 4688 845 4750 iere
868 4686 939 4750 HG.
982 4687 1087 4771 Habes
1110 4704 1180 4766 ergo
1210 4701 1331 4747 causam
1352 4678 1405 4745 rei.

71 4775 126 4842 Gur
144 4795 216 4839 vero
239 4775 365 4859 planeta
390 4776 421 4840 iu
445 4777 593 4842 anomalia
626 4778 755 4841 ecceutri
778 4772 847 4861 90⁰,
871 4777 900 4842 b.
932 4797 958 4840 e.
989 4776 1112 4841 dimidia
1134 4774 1240 4850 totius,
1270 4769 1407 4836 conficiet

115 4880 203 4934 xmus
215 4880 293 4935 om
314 4882 351 4925 us
1179 4878 1197 4930 8
