3354 5504
164 264 226 337 134
643 267 683 321 De
700 269 809 322 Motibus
821 267 920 365 'Stellas
937 266 1026 325 Martia

155 451 267 533 saraca
292 447 511 530 Ceperaicaac
534 457 599 511 tota
621 455 670 525 qd,
694 470 774 531 prae
792 459 905 531 aequat
920 449 986 524 CA,
1001 453 1044 532 fit
1066 457 1204 534 tarrpcrta,
1227 452 1303 532 quia
1318 454 1384 528 ηδα
1404 469 1453 513 rec

160 546 189 601 et
213 545 255 600 da
277 538 401 602 radiae.
448 537 536 619 Erpa
559 544 624 615 qaid
647 546 692 599 eet
717 535 775 601 11⁰
797 536 851 603 23‘
874 537 948 604 53⁰.
995 541 1190 622 Differentia
1216 540 1244 601 1⁴
1267 538 1343 603 55⁰.

248 627 423 701 herides,
464 627 541 707 quod
583 627 792 707 aequationem
828 627 1030 705 eccentrici*)
1053 628 1180 704 attinet,
1212 628 1364 691 minimum
1394 626 1453 709 aliq

160 718 278 791 deesse,
304 736 360 798 quo
384 716 479 778 minus
503 717 711 798 hypothesium
736 717 848 779 formae
873 718 1104 799 aequipolleant.
1432 772 1437 777 .

246 807 483 886 Discrepaut
511 814 610 867 tamen
639 807 668 868 iu
692 806 844 870 distantiis
867 808 1011 888 planetae
1034 827 1054 871 a
1074 806 1144 871 visa
1166 807 1195 869 iu
1218 831 1253 883 α,
1288 813 1453 887 propterea

161 904 192 957 et
215 895 243 956 iu
268 895 588 975 prosthaphaeresibus
611 896 727 958 annuis.
764 897 843 960 Nam
861 897 891 958 iu
916 898 1012 958 forma
1024 896 1220 972 Ptolemaica,
1246 905 1279 959 ut
1297 896 1381 957 sinus
1404 913 1453 974 aur

160 984 244 1048 AEC
269 986 307 1047 ad
323 985 389 1059 Ac,
415 984 459 1045 ita
482 984 564 1046 siuns
588 994 670 1046 totus
694 985 732 1046 ad
745 985 813 1060 AB,
837 1006 912 1069 qnae
934 986 969 1047 fit
986 980 1125 1062 101766,
1150 986 1267 1068 quando
1281 984 1366 1048 Dan
1385 990 1435 1047 est

160 1075 203 1136 At
226 1074 254 1136 in
280 1073 486 1154 Gopemicaua
509 1096 550 1151 ηα
574 1094 680 1136 secans
705 1083 752 1137 est
775 1077 877 1155 auguli
900 1082 973 1153 ηαδ,
998 1075 1115 1138 scilicet
1141 1072 1280 1139 102012.
1327 1073 1453 1137 Differor

160 1159 225 1226 246
249 1164 424 1243 particulae,
450 1182 525 1243 quae
549 1164 578 1224 iu
602 1165 865 1244 prosthaphaeresi
889 1164 969 1227 orbis
993 1166 1082 1227 annui
1104 1166 1195 1246 paulo
1223 1165 1320 1246 majus
1344 1163 1414 1245 quid
1439 1182 1453 1225 e

159 1273 226 1314 cere
249 1260 393 1332 possunt,
418 1261 450 1314 ut
474 1253 552 1314 iufra
574 1261 660 1333 parte
685 1261 792 1334 quarta
814 1255 940 1335 patebit
986 1254 1150 1331 Possumus
1173 1263 1207 1317 et
1224 1255 1307 1317 illam
1331 1252 1453 1315 minutal

160 1344 367 1422 aequatiouum
392 1342 588 1404 differentiam
612 1342 781 1419 obliterare,
806 1343 841 1419 si,
867 1363 955 1424 quam
968 1345 1105 1408 Braneus
1127 1343 1383 1407 eccentricitatem
1396 1342 1453 1405 Ma

159 1432 188 1492 iu
214 1433 308 1494 forma
332 1430 539 1511 Cuperuicaua
570 1432 684 1493 iurauit
707 1428 829 1508 20160,
863 1452 929 1495 eam
952 1432 982 1495 iu
1007 1434 1102 1496 forma
1122 1433 1309 1497 Ptolemaica
1337 1440 1453 1495 statuat

160 1518 279 1585 20103.
333 1521 504 1583 Distantiae
542 1540 612 1583 vero
650 1523 763 1584 formae
796 1519 1021 1603 Copemicauae
1053 1522 1246 1586 Ptolemaicis
1284 1541 1342 1584 nou
1380 1539 1453 1601 poss

158 1612 290 1690 aequari,
315 1609 373 1671 nisi
388 1611 528 1690 aequatio
542 1607 584 1673 43
599 1610 720 1674 minutis
735 1611 876 1674 varietur.
900 1612 935 1674 In
950 1611 1079 1694 quadam
1094 1611 1328 1696 aequipollentia
1342 1617 1453 1672 tentati

158 1699 319 1782 hypothesi
351 1701 518 1763 tabularum
542 1701 703 1762 Lanarium
727 1701 876 1782 Tychonis
900 1701 975 1762 duos
1007 1700 1076 1763 illos
1109 1703 1259 1783 epicyclos
1284 1699 1453 1780 Cuperuica

158 1789 187 1850 in
213 1790 304 1851 talem
328 1790 524 1852 eccentricum
543 1790 758 1852 Ptolemaicdm
777 1808 841 1851 cum
865 1790 1038 1872 aequaturio
1057 1801 1167 1870 puncto
1179 1788 1369 1871 transposui:
1393 1788 1453 1851 nihi

160 1878 258 1940 minus
292 1885 407 1940 tamen¹
426 1887 458 1940 et
481 1880 645 1961 epicyclum
673 1879 774 1940 addidi
803 1888 926 1959 proptor
959 1880 1050 1942 aliam
1073 1890 1104 1943 et
1125 1881 1306 1961 peculiarem
1329 1879 1435 1940 Lunae

159 1968 381 2048 aequalitatem.

246 2054 381 2136 Denique
412 2076 477 2118 cum
502 2075 557 2137 per
580 2076 646 2138 cap.
669 2058 710 2119 Π.
743 2057 772 2118 in
796 2057 853 2119 hac
879 2059 973 2120 forma
998 2056 1206 2137 Cuperuicaua
1233 2059 1330 2138 maj0r
1350 2055 1453 2137 epicyc

158 2164 225 2208 curn
248 2165 302 2208 suo
327 2146 515 2208 comentrico
538 2146 759 2226 perfectissima
783 2147 1015 2228 aequipollentia
1038 2148 1136 2226 possit
1162 2148 1318 2229 transponi
1341 2147 1370 2208 in
1396 2163 1453 2207 ecc*

161 2234 278 2306 tricum,
302 2235 386 2315 cujus
410 2237 619 2297 eccentricitas
643 2235 685 2297 sit
708 2237 843 2316 aequalis
867 2236 1087 2298 semidiametro
1103 2237 1228 2318 epicycli
1243 2235 1374 2317 majoris,
1399 2250 1453 2315 sup

159 2324 262 2386 addito
300 2343 370 2404 ergo
408 2325 541 2406 epicyclo
574 2326 685 2386 minore
716 2325 774 2404 ipsi
802 2326 870 2387 huic
894 2336 1032 2387 eccentro
1057 2325 1263 2406 Copernicano
1287 2330 1430 2387 nascetur

161 2412 408 2495 ceutrepicyclus,
431 2415 517 2495 paria
542 2415 654 2477 iaciens
679 2414 716 2475 ad
741 2433 867 2492 unguem
890 2434 956 2476 cum
979 2415 1088 2494 duplici
1104 2416 1236 2499 epicyclo
1256 2415 1286 2477 in
1306 2411 1453 2477 concentri

164 2522 220 2566 nec
242 2503 310 2584 plus
334 2504 390 2566 hoc
414 2503 541 2584 ipsoab
565 2503 730 2566 eccentrico
753 2504 938 2567 Ptolemaico
962 2524 1028 2566 cum
1052 2514 1200 2587 aequante
1224 2505 1409 2586 discrepans.

739 2770 924 2781 -.-—-.....

733 2941 857 3086 Caput
883 2985 927 3058 V.

161 3147 323 3225 Quatenus
346 3144 422 3206 haec
448 3163 568 3225 qaoque
595 3145 760 3229 dispositio
784 3147 918 3220 ortium,
947 3153 1099 3227 aequante
1127 3143 1175 3208 uel
1201 3145 1337 3206 secando
1368 3142 1453 3227 epicp

158 3257 229 3310 aaa,
252 3236 377 3316 reipsa
399 3253 529 3296 amaena
554 3255 621 3298 aaa
643 3245 671 3299 et
694 3236 803 3298 eadem
827 3233 892 3317 (nel
907 3237 1056 3318 prosince
1078 3255 1145 3298 aaa
1167 3243 1195 3296 et
1217 3227 1357 3310 eadem),
1381 3234 1453 3296 dine

158 3344 221 3387 aaa
245 3323 403 3387 eteoclem
424 3332 574 3386 momento
597 3323 778 3407 spectacula
805 3326 949 3387 celtibera
966 3327 1084 3407 poscit,
1110 3333 1208 3407 preat
1233 3321 1382 3406 planctae
1403 3321 1452 3386 ael

299 3412 407 3476 media
427 3411 475 3474 vel
496 3414 532 3476 iro
553 3422 726 3497 apparente
749 3415 943 3496 oppositione
966 3433 1036 3476 cam
1059 3413 1134 3477 Sole
1157 3417 1363 3476 observentur.

246 3555 297 3618 Fit
319 3554 433 3616 duobus
463 3552 576 3616 modis:
602 3576 674 3632 uuo,
699 3555 727 3617 iu
752 3575 809 3636 quo
833 3555 1036 3636 aequipollent
1060 3557 1155 3618 forma
1177 3556 1364 3618 Ptolemaios
1388 3551 1453 3616 eti

160 3644 338 3727 pernicana:
373 3644 485 3720 altero,
519 3644 566 3723 qui
597 3646 758 3725 peculiaris
782 3654 829 3706 est
854 3646 966 3707 formae
992 3644 1232 3725 Cuperuicanae,
1263 3663 1349 3724 quem
1373 3650 1407 3704 ut
1429 3638 1453 3704 al

161 3735 275 3798 niorem
304 3755 322 3795 a
350 3741 453 3795 nostro
482 3733 619 3796 instituto
648 3734 729 3815 prius
760 3734 969 3814 expediemus3
1002 3743 1103 3797 manet
1126 3736 1203 3796 enim
1228 3743 1258 3796 et
1281 3732 1404 3813 propius
1428 3750 1453 3812 ap

162 3844 230 3886 sese
254 3842 340 3906 quam
364 3823 505 3904 reliquus.

250 3911 362 3976 Ceutro
385 3936 400 3994 y
423 3912 522 3992 spatio
536 3917 573 3992 yd
595 3911 744 3974 scribatur
768 3913 962 3988 eccentricus,
987 3913 1016 3975 iu
1039 3932 1095 3994 quo
1115 3937 1154 3994 ap
1175 3914 1217 3974 sit
1239 3912 1333 3994 primo
1348 3911 1414 3973 loco
1429 3908 1450 3971 li

162 4002 298 4083 apsidum
321 4010 352 4063 et
376 4025 395 4063 α
418 4002 520 4064 visus:
545 4002 732 4064 continuetur
754 4002 828 4063 haec
852 4002 882 4063 iu
906 4022 940 4076 a;
965 4002 1062 4084 sitque
1085 4026 1123 4081 γα
1151 4004 1304 4085 quantitas
1328 4007 1451 4063 ecceutr

160 4092 235 4155 tatis
257 4092 305 4154 uel
329 4091 405 4153 radii
430 4091 553 4174 epicycli
570 4089 767 4170 Cuperuicaui
792 4091 930 4170 majoris:
955 4111 1025 4152 uam
1044 4093 1079 4154 de
1095 4091 1328 4172 aequipollentia
1350 4089 1453 4151 utrius

100 4196 104 4205 ·
160 4183 272 4244 dictum
299 4189 347 4242 est
378 4180 408 4242 in
432 4181 488 4242 fine
512 4201 577 4262 cap.
602 4181 658 4243 IV.
705 4181 786 4260 Ergo
814 4191 916 4242 centro
941 4204 955 4242 a
978 4181 1077 4260 spatio
1106 4204 1143 4259 aq
1174 4183 1323 4243 scribatur
1355 4177 1453 4261 epicyt

160 4272 272 4346 minor;
297 4277 415 4331 etcum
439 4276 487 4331 est
510 4280 644 4332 centrum
667 4270 754 4349 hujus
778 4270 806 4330 iu
831 4293 854 4344 a,
880 4270 922 4331 sit
943 4271 1065 4350 planeta
1089 4270 1162 4348 inq,
1188 4271 1320 4332 incidens
1344 4267 1374 4329 in
1399 4267 1453 4330 lint

160 4383 202 4440 ay,
227 4360 270 4421 sic
294 4368 328 4420 ut
350 4362 388 4420 ad
410 4360 606 4421 eccentricum
629 4367 784 4438 percurrat
799 4378 856 4418 uon
878 4359 977 4434 stella,
1003 4360 1055 4420 sed
1080 4369 1214 4422 centrum
1239 4357 1363 4441 epicycli
1387 4356 1453 4419 stell

161 4449 296 4512 ferentis.
344 4448 403 4509 Per
427 4456 517 4526 caput
549 4448 639 4526 igitur
656 4442 719 4510 IV.
754 4468 897 4527 expressa
920 4448 967 4509 hic
992 4458 1039 4510 est
1067 4451 1162 4511 forma
1186 4448 1405 4528 Cepernicana.

54 4571 58 4580 ·
160 4557 213 4619 per
237 4544 328 4620 caput
350 4536 406 4599 111.
441 4535 658 4598 constituemus
692 4536 833 4603 aliamiu
857 4537 985 4603 veritate
1018 4558 1071 4600 seu
1101 4539 1130 4601 in
1154 4538 1333 4601 indicatione
1365 4534 1453 4617 ipsise

248 4754 273 4821 a)
294 4724 432 4827 Aequntio
462 4750 606 4807 eccentrici
637 4758 680 4806 est
710 4751 736 4806 iu
768 4751 856 4822 prima
886 4750 1095 4824 inaequalitate.
1137 4754 1275 4825 Aequatio
1306 4752 1379 4808 orbis
1410 4757 1453 4809 eat

160 4839 279 4890 secunda
299 4834 507 4917 inqualitate.
548 4835 616 4886 Item
636 4831 891 4905 prosthaphaeresia
913 4850 1012 4909 annuq
1273 4827 1278 4835 ’

894 4946 936 5019 θ
