3354 5504
663 266 724 322 Pars
742 269 834 322 Tertia.
872 270 952 337 Caput
970 267 1022 323 XL.
1456 268 1519 339 325

170 417 353 508 couchoidea
376 445 577 519 AQRBSLA
602 456 633 508 et
657 446 711 512 OD
742 449 831 528 plane
860 457 942 511 esset
975 447 1110 530 aequalis
1138 447 1249 526 figurae
1275 445 1393 512 CBBD.
1440 451 1521 513 Nam

169 536 308 599 couchois
343 545 462 599 secaret
484 538 537 599 BB
570 538 599 598 in
632 538 711 598 linea
733 538 810 611 EA;
832 547 875 600 et
904 538 974 619 quia
996 539 1053 599 BA
1084 556 1224 616 suprema
1256 548 1287 599 et
1318 540 1418 600 infima
1452 548 1522 601 sunt

168 626 321 709 aequales,
346 634 377 686 et
390 623 448 696 BQ
471 628 605 707 aequalis
629 628 685 706 ipsi
701 627 764 700 LB,
790 637 821 689 et
834 627 891 689 BR
914 626 971 707 ipsi
986 627 1035 689 SB
1052 627 1125 688 &ct
1151 646 1222 707 erga
1245 628 1357 708 figurae
1376 628 1520 700 BBRQA
1608 685 1612 691 .

166 723 193 776 et
216 714 356 777 BBALS
380 723 484 777 essent
506 734 672 793 congruae,
707 724 830 796 quarum
863 717 960 777 altera
990 716 1145 787 defectus,
1179 717 1276 777 altera
1307 715 1448 781 excessus
1473 726 1521 779 est

164 804 324 884 figurarum
349 802 457 867 CBBE
481 812 513 864 et
534 805 643 867 EBBD
668 806 855 885 aequalium:
888 813 953 866 tota
978 805 1068 884 igitur
1091 805 1187 882 figura
1217 806 1295 867 inter
1318 804 1520 876 AQRBSLA

164 890 191 955 e't
226 890 284 956 01)
318 893 374 954 toti
407 893 486 954 iuter
507 894 560 955 BB
591 902 622 954 et
646 893 700 956 OD
730 894 864 973 aequalis
899 902 956 955 est.
1003 895 1110 973 Itaque
1144 894 1307 974 spatiolum
1338 895 1415 956 inter
1443 897 1518 957 duas

162 981 345 1045 couchoides
368 979 568 1053 AQRBSLA
585 992 615 1042 et
630 983 845 1045 AAAAAAA
861 984 982 1044 metitur
1006 1001 1163 1044 excessum
1187 984 1401 1045 distantiarum
1426 1004 1463 1044 ex
1486 986 1516 1046 A

163 1091 252 1152 super
282 1071 444 1133 distantias
468 1090 506 1132 ex
528 1072 570 1145 B,
600 1072 629 1132 in
654 1091 691 1132 ea
715 1072 832 1154 quidem
866 1092 1023 1145 mensura,
1056 1072 1084 1132 in
1115 1090 1173 1150 qua
1202 1074 1519 1152 parallelogrammum

162 1160 286 1242 ponitur
309 1161 435 1240 aequale
459 1160 595 1223 omuibus
619 1159 775 1222 distantiis
798 1178 835 1222 ex
854 1158 894 1223 B.
981 1192 985 1200 ·

251 1248 295 1310 Et
318 1259 401 1322 uota,
426 1249 503 1330 quod
528 1249 659 1328 spatium
685 1250 742 1311 hoc
758 1268 816 1311 non
840 1258 888 1312 est
911 1249 1045 1329 ejusdem
1069 1248 1236 1315 latitudiuis
1257 1249 1286 1309 iu
1304 1249 1378 1309 locis
1403 1251 1520 1312 alinea

162 1337 221 1402 uA
244 1338 413 1420 aequaliter
437 1338 578 1410 remotis,
612 1340 666 1400 sed
688 1337 893 1403 iufralatius.
941 1339 1020 1401 Natu
1043 1337 1074 1399 in
1097 1338 1251 1400 schemate
1281 1339 1420 1401 circulari
1443 1357 1517 1402 con-

163 1427 296 1490 tinuetur
328 1426 415 1488 IIBR
445 1428 474 1488 iu
500 1427 539 1500 V,
573 1435 607 1489 ut
629 1428 702 1502 ΑΗ,
728 1426 787 1488 AV
821 1428 1024 1507 respondeant
1057 1427 1176 1506 angulis
1200 1422 1283 1487 ΗΒΕ
1317 1427 1463 1506 superiori
1487 1437 1518 1489 et

163 1516 246 1579 FBV
270 1516 405 1578 inferiori
428 1515 605 1599 aequalibus
629 1524 661 1577 et
683 1517 850 1598 aequaliter
873 1538 892 1577 a
914 1516 1021 1578 mediis
1045 1516 1164 1594 punctis
1187 1515 1223 1589 Ε,
1248 1517 1274 1575 F
1297 1518 1428 1578 remotis.
1476 1517 1519 1578 Et

164 1612 267 1668 centro
291 1607 321 1667 A
346 1605 524 1667 diastemate
556 1605 617 1668 AV
649 1626 703 1685 per
729 1605 789 1669 ΑΗ
818 1614 849 1666 et
876 1606 933 1667 BH
965 1625 1052 1666 arcus
1084 1605 1185 1666 circuli
1216 1605 1341 1665 ducatur
1364 1606 1457 1667 XY.'
1483 1606 1516 1668 Si

164 1713 235 1774 ergo
259 1694 321 1756 AY
344 1695 548 1767 connexueris,
574 1694 632 1757 erit
646 1694 736 1757 AYR
759 1695 849 1774 plane
872 1713 1034 1773 congruum
1058 1695 1209 1774 triangulo
1232 1694 1343 1756 AVR:
1369 1714 1437 1755 uam
1455 1696 1516 1756 AV

165 1793 194 1846 et
215 1783 279 1845 AY
302 1791 333 1844 et
354 1783 416 1845 AX
440 1792 511 1844 snut
540 1784 682 1864 aequales
713 1802 751 1847 ex
783 1784 1025 1857 constructione,
1054 1792 1086 1843 et
1113 1783 1283 1862 longiores3
1315 1783 1368 1843 sed
1391 1792 1422 1843 et
1445 1783 1513 1858 VR,
1587 1814 1592 1837 2

164 1871 222 1935 ΒΥ
246 1881 318 1934 snut
347 1873 488 1954 aequales
517 1879 549 1934 et
575 1872 716 1935 minores.
762 1873 812 1937 Ex
833 1881 943 1954 puncto
974 1891 1044 1933 vero
1068 1873 1097 1932 H
1130 1881 1217 1933 extra
1248 1872 1516 1934 circumferentiam
1624 1928 1626 1932 ,

164 1960 224 2023 ΧΥ
247 1961 357 2023 ductae
388 1969 458 2023 sunt
490 1961 566 2022 duae
589 1961 652 2041 ΗΧ
678 1981 733 2042 per
764 1968 897 2023 centrum
920 1963 950 2023 A
975 1968 1004 2021 et
1027 1960 1088 2022 HY
1109 1968 1230 2040 praeter
1262 1970 1411 2029 centrum,
1444 1980 1515 2040 ergo

165 2049 223 2113 ΗΥ
246 2058 296 2115 est
313 2041 434 2130 longior
457 2069 546 2131 quam
569 2051 648 2125 HX3
672 2051 769 2130 major
791 2069 863 2129 ergo
887 2050 949 2111 AV
972 2050 1021 2110 vel
1043 2050 1107 2112 AX
1135 2058 1263 2129 augetur
1292 2050 1421 2112 breviori
1442 2051 1514 2126 ΧΗ,

165 2148 194 2202 et
215 2139 315 2202 minor
338 2138 399 2201 VR
421 2139 470 2200 vel
493 2138 552 2200 RY
575 2147 701 2219 augetur
725 2139 850 2217 longiori
870 2139 948 2201 YH:
974 2146 1005 2200 et
1027 2144 1126 2200 tamen
1150 2145 1217 2199 tota
1240 2137 1298 2199 RH
1321 2147 1422 2200 manet
1446 2140 1515 2202 bre-

165 2229 229 2290 rior
261 2248 352 2309 quem
381 2235 449 2291 tota
471 2228 540 2290 ΑΗ.
587 2228 670 2308 Ergo
703 2229 874 2291 differentia
897 2227 956 2289 RH
980 2236 1012 2288 et
1042 2228 1103 2289 ΑΗ
1133 2227 1229 2289 minor
1262 2236 1310 2289 est
1346 2220 1515 2292 differentia
1624 2248 1627 2256 ·

164 2317 221 2379 RY
243 2325 277 2378 et
298 2319 372 2391 AX,
395 2318 452 2379 hoc
475 2325 524 2378 est
543 2317 716 2379 differentia
739 2317 800 2378 VR
818 2325 849 2378 et
865 2318 935 2379 VA.
973 2319 1078 2396 Itaque
1102 2316 1132 2377 in
1156 2316 1320 2378 couchoide
1339 2316 1394 2379 SA
1418 2320 1516 2398 major

164 2415 220 2481 est,
243 2405 306 2468 BA
329 2407 433 2479 minor,
459 2407 516 2467 etsi
539 2407 591 2481 IE,
615 2406 672 2467 ΕΗ
695 2408 846 2486 aequales.
883 2407 951 2467 Non
976 2422 1047 2485 ergo
1072 2405 1223 2466 bisecetur
1247 2406 1284 2467 ab
1304 2407 1360 2466 EA
1384 2411 1517 2485 spatium

163 2496 240 2561 inter
253 2492 331 2573 duas
346 2495 547 2559 couchoides:
571 2495 690 2557 videtur
712 2506 813 2557 autem
836 2495 964 2557 bisecari
981 2495 1076 2566 aBB,
1102 2494 1181 2572 quod
1201 2496 1338 2574 exploret
1360 2504 1517 2574 geometra

162 2585 340 2666 aliquisget
353 2585 442 2661 simul
457 2584 566 2646 doceat
586 2585 735 2666 quadrare
756 2583 887 2664 spatium
902 2584 979 2649 iuter
1003 2583 1193 2657 couchoides,
1213 2592 1247 2645 ut
1260 2585 1515 2651 numerationibus
1589 2629 1593 2648 ι
1651 2573 1655 2582 ’

162 2682 266 2763 aptum
289 2675 352 2735 liat.
390 2673 475 2734 Infra
498 2692 563 2752 cap.
584 2673 701 2734 XLIII.
727 2673 863 2735 invenies
887 2672 1128 2734 aestimationem
1147 2691 1279 2733 crassam
1300 2673 1387 2751 hujus
1412 2676 1514 2755 spatii.
1589 2711 1592 2721 ·

178 2770 212 2869 ,3²²
250 2762 338 2846 Haec
351 2760 453 2843 itaque
470 2762 506 2831 de
520 2761 708 2849 physicae
731 2761 971 2842 aequationis
990 2761 1212 2840 computatione
1228 2762 1410 2840 generaliter
1424 2784 1514 2843 prae·
1625 2768 1629 2772 ”

162 2861 285 2914 mittere
307 2852 403 2927 volui,
426 2860 474 2926 nt,
500 2850 635 2936 quamvis
660 2871 696 2913 ea
722 2852 851 2912 nondum
875 2872 893 2910 a
917 2850 1094 2912 necessariis
1118 2851 1301 2929 geometriae
1326 2852 1513 2933 adminiculis

160 2942 239 3006 satis
263 2948 312 3005 est
335 2940 497 3010 instructa,
530 2940 584 3002 sed
608 2959 701 3021 neque
725 2941 794 3003 dum
818 2959 920 3002 ornnes
949 2939 1180 3020 inaequalitates
1203 2941 1392 3020 planetarum
1423 2952 1512 3024 pate-
1555 2960 1559 2969 ·
1633 2955 1636 2961 ·

161 3032 261 3094 Acrae
288 3031 369 3105 (cnm
392 3030 569 3108 praesertim
592 3029 919 3109 praesupposuerimus,
945 3029 1023 3089 viam
1040 3026 1121 3089 Solis
1145 3029 1194 3089 vel
1217 3028 1327 3090 Terrae
1352 3048 1419 3091 esse
1443 3051 1513 3111 per-

161 3122 273 3221 lectqm
289 3119 496 3187 eecentricum
512 3118 590 3199 quod
606 3127 706 3179 tamen
721 3118 799 3181 inira
814 3119 850 3179 de
865 3118 964 3179 Marte
980 3116 1135 3196 negabitur
1150 3136 1216 3198 cap.
1231 3117 1347 3179 XLIV.
1360 3127 1391 3180 et
1402 3119 1511 3195 Lm),
1567 3117 1569 3124 ’

160 3215 344 3271 nontamen
369 3206 490 3268 nimium
513 3209 588 3281 haec
612 3207 746 3286 operatio
771 3229 789 3268 a
813 3228 868 3269 sua
896 3207 1100 3286 speculatione
1129 3207 1296 3286 praemissa
1319 3206 1511 3271 divideretur.
1608 3274 1611 3279 ,

159 3299 240 3362 llam
258 3296 339 3376 qno'd
361 3296 507 3359 theoriam
521 3296 603 3359 Solis
627 3297 746 3371 attinet,
770 3297 799 3357 iu
814 3316 873 3377 qua
895 3297 1002 3359 fuimus
1026 3295 1172 3358 hacteuus
1187 3296 1309 3369 versati,
1334 3296 1407 3359 nihil
1426 3299 1513 3361 nobis
1591 3305 1594 3311 ’
1627 3358 1629 3362 a

160 3386 367 3450 incommodet
398 3388 493 3467 neque
517 3385 689 3448 couchoidis
715 3386 810 3465 spatii
844 3385 1008 3464 neglectio,
1042 3405 1100 3465 qua
1129 3384 1224 3446 miuus
1252 3385 1337 3464 justo
1360 3387 1512 3463 sumimus,

159 3482 257 3558 neque
281 3473 406 3554 perfecti
430 3474 588 3537 ecceutrici
610 3476 766 3548 assumtio,
792 3493 850 3554 qua
873 3475 988 3535 ratione
1012 3473 1163 3535 abundare
1187 3474 1337 3534 videmur:
1362 3475 1392 3536 iu
1417 3496 1513 3557 quan-

158 3575 224 3635 tum
243 3565 310 3645 jam
329 3563 457 3644 judicari
480 3572 584 3643 potest
607 3564 735 3625 nondum
760 3562 897 3625 omnibus
921 3561 1088 3641 explicatis.
1135 3564 1198 3624 Imo
1229 3564 1304 3624 haec
1334 3562 1389 3625 hoc
1413 3567 1512 3645 capite

160 3655 217 3717 sub
239 3652 436 3735 paralogismi
460 3653 671 3733 notarejecta,
696 3653 783 3726 iufra,
809 3669 875 3713 cum
891 3651 930 3712 ad
954 3651 1141 3715 verissimum
1162 3644 1282 3713 modum
1300 3655 1513 3733 aequationum

161 3743 342 3817 venerimus,
366 3750 565 3818 resumatur,
599 3741 753 3804 eliminato
776 3741 828 3804 illo
852 3759 890 3802 ex
911 3738 1071 3822 hypothesi
1100 3731 1177 3810 i'sta,
1202 3741 1281 3821 quod
1311 3744 1532 3824 paralogismo*

161 3831 248 3895 dedit
272 3831 469 3895 occasionem.

252 3918 330 3983 Cum
353 3937 424 4000 ergo
448 3940 570 3983 cansam
600 3927 631 3981 et
663 3935 832 3980 mensuram
865 3916 1167 3997 inaequalitatis
1200 3918 1513 4002 secundae,*quae
1626 3956 1629 3960 Δ

160 4012 303 4092 planetas
327 4009 405 4072 visui
427 4009 632 4082 stationarios,
658 4007 789 4069 directos
812 4014 843 4066 et
866 4006 1057 4085 retrogradus
1081 4005 1217 4081 exhibet,
1250 4024 1305 4085 per
1328 4011 1513 4074 certissimas
1561 4062 1563 4066 a
1624 4039 1632 4078 ς

162 4096 392 4163 observationes
416 4105 448 4160 et
470 4096 740 4161 demonstrationes
764 4095 802 4159 ad
826 4114 955 4176 unguem
978 4094 1199 4175 descripserim,
1223 4102 1357 4175 ostenso,
1382 4101 1459 4182 quod
1483 4106 1533 4162 et·
1587 4095 1588 4098 '
1618 4137 1621 4141 -

160 4189 230 4271 Ipsa
251 4189 328 4250 haec
352 4188 484 4249 secunda
505 4187 706 4267 inaequalitas
730 4183 927 4248 communicet
950 4185 986 4245 de
1010 4182 1226 4264 inaequalitate
1251 4184 1356 4264 prima,
1381 4199 1412 4252 et
1434 4188 1529 4270 quod.
1604 4238 1607 4244 ,

161 4277 282 4341 theoria
304 4275 387 4339 Solis
418 4278 467 4339 vel
496 4278 608 4338 Terrae
632 4273 828 4355 (Gopernico)
855 4274 903 4334 vel
936 4273 1060 4356 epicycli
1093 4272 1298 4346 (Ptolemaeo)
1332 4277 1438 4341 similis
1472 4279 1513 4339 sit
1577 4277 1594 4306 ·'

161 4365 299 4430 theoriae
314 4372 480 4428 ceterorum
501 4367 699 4446 planetarum,
725 4371 756 4422 et
770 4363 871 4424 causis
894 4363 1025 4445 physicis
1048 4361 1137 4440 hujus
1160 4361 1384 4442 Inaequalitatis
1399 4367 1512 4448 primae

160 4455 296 4527 mventire
319 4454 417 4535 adque
445 4456 591 4517 calculum
618 4472 672 4534 pro
705 4450 823 4513 theoria
845 4450 927 4514 Solis
958 4448 1207 4514 accommodatis:
1238 4450 1306 4529 jure
1334 4455 1440 4519 merito
1464 4454 1537 4518 hie,

162 4546 320 4610 tertiam
351 4549 513 4624 partem,
549 4543 634 4623 quasi
668 4541 817 4622 quoddam
854 4540 1121 4602 antemeridianum
1157 4556 1300 4618 peneum,
1334 4544 1511 4626 interposito

161 4635 299 4717 prandio,
323 4631 413 4715 finiet:
438 4633 608 4695 succinente
632 4629 704 4692 mihi
728 4627 933 4712 remissionum
956 4628 1047 4690 animi
1069 4626 1233 4707 magistro:

298 4721 390 4785 Pars
421 4727 577 4803 superat
609 4717 756 4798 coepti,
788 4735 877 4798 pars
910 4726 969 4781 est
1000 4718 1181 4780 exhausta
1213 4717 1374 4784 laboris:

390 4809 458 4875 Hie
490 4815 621 4873 teneat
652 4812 804 4873 nostres
837 4805 999 4871 anchore
1026 4807 1140 4888 jacta
1170 4811 1283 4869 retes.
1373 4861 1374 4865 ,

743 4930 934 4946 ——n—fin—
