3354 5504
657 278 820 345 unm
1345 238 1410 345 ιιι

67 456 166 538 itaque
197 456 318 543 quoties
353 458 539 522 horatiorum
575 459 718 522 tractatio
754 459 785 520 in
817 456 932 538 copulis
969 457 1006 519 de
1043 457 1150 537 majori
1178 457 1411 536 eccentricitate,

68 564 155 627 quam
192 556 242 608 est
269 541 374 622 6520,
398 548 507 627 testari
535 549 708 623 videbatur,
745 547 836 609 toties
869 546 961 608 animi
990 547 1112 621 dubius,
1150 547 1279 609 horariis
1304 566 1412 613 assen-

67 635 138 696 tirer
162 655 202 696 au
225 635 391 710 diametris,
416 637 513 716 abjeci
536 640 634 699 totuin
657 637 808 715 negotium
831 636 991 716 desperato
1015 635 1176 717 explicatu.
1222 637 1268 698 Aa
1289 656 1347 699 non
1364 656 1412 701 me

66 725 199 786 deseruit
220 725 346 807 physica
370 727 595 806 contemplatio,
618 725 780 789 fidissimus
795 725 866 787 mibi
886 743 987 788 comes
1003 744 1057 806 per
1073 733 1168 787 totam
1184 726 1411 803 astronomiam,

65 813 121 876 imo
146 813 208 875 dux
230 814 454 895 sagacissimus.
501 815 550 876 Ex
572 834 609 876 ea
633 817 710 877 enim
733 816 854 876 taudmn
873 814 979 894 patuit,
1004 833 1061 875 non
1086 833 1161 893 opus
1176 833 1254 891 esse,
1279 822 1312 877 ιι
1325 834 1411 879 men·

67 912 151 964 strua
172 911 300 983 ponatur
323 903 449 966 mutatio
473 904 719 976 eccentricitatis,
744 904 898 977 sufficere,
923 912 957 964 ut
980 903 1021 965 sit
1043 922 1159 965 annua:
1183 903 1242 966 imo
1267 913 1411 968 uastare

66 991 184 1073 quidem
206 992 340 1059 rationes
363 993 514 1075 physicas,
539 994 597 1055 nisi
621 994 662 1055 sit
684 1013 791 1055 annua.
845 992 966 1055 Etenim
998 992 1028 1054 in
1058 1011 1147 1071 opere
1171 994 1207 1055 de
1230 994 1330 1055 Marte
1355 995 1411 1056 de-

64 1088 263 1145 monstratum
286 1088 347 1157 est,
380 1083 639 1145 eccentricitatem
662 1083 806 1144 circuitus
827 1082 968 1163 planetae
992 1082 1124 1144 existere
1148 1103 1166 1143 a
1188 1083 1219 1144 vi
1242 1084 1412 1162 magnetica

64 1170 147 1251 globi
169 1170 345 1250 planetarii,
378 1190 454 1254 quae
484 1172 572 1234 lineis
595 1173 688 1236 rectis
710 1180 776 1233 toto
801 1189 924 1249 corpore
947 1171 1030 1250 globi
1052 1171 1214 1252 porrigitur
1237 1182 1412 1235 constanter

65 1267 130 1322 tote
155 1258 279 1323 circuitu
302 1260 332 1323 in
356 1261 560 1338 longitudines
583 1262 708 1325 medias.
752 1262 803 1323 Fit
816 1261 917 1341 itaque
938 1268 1024 1341 raptu
1043 1260 1125 1341 globi
1143 1261 1224 1323 circa
1239 1259 1351 1337 Solem,
1375 1268 1410 1326 nt

65 1356 183 1412 tractus
196 1348 357 1431 magnetici
367 1350 507 1431 opposita
520 1350 705 1431 punctaSoli
717 1350 921 1423 obvertuntur,
941 1369 1019 1431 quae
1036 1357 1068 1412 ut
1086 1351 1226 1430 opposita
1241 1351 1410 1431 oppositam

67 1436 160 1501 etiam
182 1438 243 1501 vim
266 1437 411 1504 obtinent.
456 1440 536 1503 Nam
560 1440 612 1503 illo
636 1446 780 1516 extremo,
803 1440 882 1521 quod
896 1438 927 1500 in
942 1439 1158 1519 longitudinem
1176 1440 1304 1503 mediam
1325 1441 1410 1520 prio-

64 1546 126 1591 rem
148 1529 259 1609 vergit,
282 1528 397 1592 faciunt
418 1528 541 1608 globum
564 1548 650 1591 snum
674 1530 776 1608 lugere
799 1550 818 1591 a
840 1528 912 1600 Sole
936 1548 990 1608 per
1009 1528 1219 1591 ascendentem
1235 1530 1409 1593 semicircu-

64 1617 139 1693 lum,
173 1618 267 1681 donec
298 1619 477 1681 transmisso
497 1619 571 1699 jugo
600 1619 699 1680 altera
722 1618 899 1680 extremitas
921 1618 950 1679 in
973 1619 1170 1698 posteriorem
1192 1619 1408 1699 longitudinem
1464 1691 1471 1706 ι

63 1707 192 1771 mediam
219 1708 348 1789 obversa
373 1727 428 1788 per
456 1708 687 1770 descendentem
711 1707 929 1769 semicirculum
950 1707 1117 1787 prolectare
1140 1708 1264 1789 incipiat
1286 1710 1407 1788 globum

64 1814 160 1872 suum,
184 1804 219 1859 ut
239 1796 372 1860 vicissim
396 1798 435 1859 ad
458 1796 561 1860 Solem
586 1796 758 1876 adnaviget.
797 1796 971 1859 Ascendere
995 1797 1073 1860 enim
1096 1804 1153 1872 est,
1171 1797 1251 1860 iuter
1270 1798 1407 1880 gyratio-

62 1905 130 1950 nem
153 1886 341 1949 extrinsecus
364 1886 421 1949 sibi
444 1886 561 1948 illatam
584 1887 688 1967 lugere
711 1906 730 1947 a
749 1884 835 1949 Sole:
859 1885 1041 1948 descendere
1065 1892 1122 1959 est,
1146 1886 1245 1966 raptui
1268 1886 1407 1951 circulari

63 1975 250 2039 extrinsecus
278 1976 338 2038 sibi
367 1975 455 2055 illato
483 1976 609 2038 miscere
633 1992 789 2039 accessum
812 1985 897 2038 suum
920 1976 958 2037 ad
974 1975 1078 2040 Solem
1100 1975 1277 2040 intrinsecus
1298 1986 1406 2040 ortum.

62 2064 146 2129 llaec
174 2082 213 2126 ex
234 2065 346 2129 Martis
375 2064 542 2130 comment.
571 2066 629 2126 hnc
658 2065 870 2129 transferenda
901 2066 1038 2128 luerunt:
1063 2066 1129 2145 jam
1153 2066 1191 2128 ad
1213 2067 1332 2130 Lunam
1353 2084 1407 2130 ao-

62 2153 269 2218 commodabo.

150 2244 238 2306 Luna
260 2243 360 2324 itaque
383 2242 463 2304 circa
485 2234 609 2305 Terram
632 2243 777 2305 aTerrae
800 2242 957 2323 gyratione
981 2249 1133 2306 menstruo
1152 2243 1334 2307 circumactu
1347 2227 1421 2326 gy:

61 2340 130 2397 rata
153 2333 276 2395 easdem
299 2350 365 2393 cum
387 2331 498 2394 ceteris
521 2331 652 2411 planetis
665 2332 848 2405 ‚affecoones
871 2332 918 2392 sui
935 2333 1074 2412 'corporis
1088 2333 1228 2408 obtinet,
1254 2335 1314 2395 'sed
1337 2334 1406 2415 qui-

62 2423 117 2487 bna
140 2441 201 2485 non
224 2420 327 2485 Solem
348 2420 550 2501 longinquum,
576 2420 629 2481 sed
652 2420 782 2484 vicinam
804 2420 969 2494 Tellurem,
993 2441 1094 2500 aqua
1116 2431 1250 2504 gyratur,
1274 2423 1407 2486 vicissim

61 2512 141 2593 tagit
163 2519 196 2574 et
217 2510 347 2592 appetit:
373 2529 448 2591 quae
472 2511 562 2572 ctiam
586 2509 728 2581 efficiunt,
750 2518 785 2572 ut
794 2529 930 2590 quamvis
948 2510 1052 2572 Tellus
1067 2532 1085 2572 a
1100 2512 1173 2576 Sole
1186 2532 1240 2593 per
1253 2513 1407 2577 aetherem

62 2602 215 2705 rapiatur,
237 2598 428 2663 nihilominus
450 2599 538 2661 Luna
560 2598 644 2661 illam
667 2598 825 2662 comitetur
847 2618 965 2680 semper
982 2600 1016 2661 ιι
1036 2601 1122 2680 justa
1142 2602 1296 2665 distentia.
1321 2602 1406 2664 Haeo

63 2691 158 2773 igitur
180 2682 276 2753 virtus
298 2689 469 2769 magnetica
491 2688 625 2769 corporis
648 2688 789 2764 Lunaris,
813 2690 961 2770 quomodo
985 2700 1125 2753 censetur
1148 2691 1404 2754 eccentricitatem

61 2781 194 2863 aliquam
222 2800 242 2841 a
264 2785 366 2840 centro
389 2777 520 2840 Telluris
543 2777 727 2856 simplicem,
760 2777 950 2840 mediocriter
978 2780 1095 2858 patet
1087 2799 1118 2841 m
1140 2781 1275 2859 exemplo
1297 2781 1405 2860 plane

60 2878 160 2933 tarum
183 2875 363 2939 ceterorum,
387 2866 437 2948 qui
460 2888 479 2928 a
500 2876 604 2929 centro
628 2865 710 2929 Solis
733 2869 807 2930 fiunt
833 2866 1001 2930 eccentrici.
1047 2868 1093 2929 At
1124 2869 1271 2947 quomodo
1309 2868 1405 2931 virtus

59 2959 134 3024 haec
158 2956 262 3020 Lunae
285 2955 455 3035 magnetica
478 2955 594 3018 intendi
623 2963 656 3018 et
677 2957 789 3019 remitti
812 2956 925 3037 possit,
957 2963 991 3017 ιι
1013 2956 1081 3018 aliis
1104 2958 1290 3037 temporibus
1313 2957 1405 3019 aliam

60 3055 200 3113 causetur
231 3044 500 3120 eccentricitatem,
523 3046 555 3108 id
578 3045 785 3109 difficultatem
812 3046 906 3108 habet
927 3046 1071 3125 aliquam,
1095 3065 1150 3108 ιιι
1171 3048 1332 3127 profiteor,
1356 3064 1403 3108 me

58 3147 153 3202 totum
182 3136 261 3199 hunc
289 3154 429 3197 moenum
457 3142 581 3197 naturae
613 3137 786 3198 thesaurum
819 3143 1013 3216 aperturum,
1042 3154 1100 3197 non
1128 3136 1260 3197 reticebo
1291 3143 1402 3210 tamen,

59 3228 129 3309 qnid
153 3224 322 3289 diutissime
345 3243 492 3305 quaerens
515 3224 688 3300 invenerim,
712 3226 792 3307 qnod
814 3224 945 3287 numeris
968 3232 999 3287 et
1022 3225 1281 3287 observationibus
1301 3244 1334 3286 se
1349 3243 1403 3286 ac-

59 3315 239 3381 commodet
283 3314 429 3378 Nimirum
453 3313 480 3376 ιι
497 3331 662 3394 apogaeum
682 3314 786 3376 Lunae
806 3324 854 3377 est
868 3333 933 3377 cum
949 3312 1032 3389 Sole,
1051 3314 1299 3395 velperigaenm,
1316 3315 1404 3378 Luna
1427 3376 1447 3397 -.

58 3407 224 3469 virtuosam
254 3403 364 3465 lineam
388 3403 622 3465 eccentricitatis
646 3403 824 3465 effectricem
843 3412 905 3465 tum
929 3404 1045 3465 demum
1068 3404 1099 3466 in
1122 3402 1244 3466 Terram
1267 3403 1404 3484 porrigit,

60 3516 124 3561 eum
147 3502 200 3557 est
220 3493 252 3555 in
275 3493 422 3574 quadrato
446 3493 538 3557 Solis.
583 3494 628 3557 At
650 3493 737 3555 Luna
760 3493 788 3554 in
812 3493 959 3574 quadrato
982 3492 1064 3556 Solis
1087 3513 1212 3555 versans
1228 3493 1404 3556 diametrum

60 3586 193 3669 aliquam
215 3582 319 3645 circuli
342 3581 567 3645 illuminationis
591 3581 637 3644 sni
660 3582 793 3663 corporis
817 3582 908 3643 etiem
933 3583 963 3643 in
987 3583 1110 3645 Terram
1133 3583 1271 3663 porrigit,
1295 3592 1326 3644 ιι
1349 3582 1403 3658 ιιι,

59 3694 113 3758 qno
142 3682 280 3752 tempore
304 3672 360 3736 Sol
390 3672 484 3735 habet
510 3676 677 3753 apogaeum
705 3672 753 3733 vel
783 3671 955 3752 perigaeum
983 3671 1087 3737 Lunae
1115 3672 1229 3748 locum,
1261 3680 1327 3735 toto
1350 3672 1409 3736 illo>

59 3782 162 3827 mense
198 3780 270 3842 pars
301 3761 469 3831 illuminata
490 3763 595 3825 Lunae
626 3782 646 3823 a
666 3769 753 3843 parte
776 3761 905 3823 obscura
926 3759 1069 3823 dividitur
1092 3721 1253 3825 secundnm
1275 3764 1405 3825 tractun'r
1487 3784 1490 3789 ·

58 3854 278 3919 filamentnrum
308 3850 564 3932 magneticorum,
596 3850 640 3913 ιιι
677 3859 710 3935 nt
740 3850 836 3912 virtus
860 3845 1034 3937 magnetica
1060 3858 1094 3911 et
1114 3850 1201 3913 'lucis
1232 3851 1404 3915 terminatio

58 3940 229 4026 parallelae
263 3940 336 4003 sint
401 3938 522 4010 Contra
560 3940 587 4002 si
623 3916 688 4003 Sol
714 3939 850 4003 obtineat
890 3938 1006 4000 medias
1041 3940 1146 4002 Lunae
1189 3940 1403 4022 lougltndiues,

57 4030 189 4099 ιιιιιιιιι
225 4028 451 4093 illuminationis
489 4031 594 4093 Lunae
628 4037 713 4093 secat
746 4048 848 4092 omnes
885 4027 981 4090 lineas'
1016 4028 1168 4095 virtuosae
1209 4031 1247 4093 ad
1276 4030 1403 4134 angulos

56 4119 261 4187 ιιιιωΑι
286 4126 438 4183 ιιιιιιιιι
468 4119 712 4193 ιιιιιιιιιιιιι,
755 4119 782 4182 ιι
812 4118 866 4182 Sol
893 4117 1010 4182 obtinet
1041 4138 1207 4201 apogaeum
1238 4121 1286 4183 vel
1321 4120 1405 4201 peri·

56 4229 167 4296 gasum
56 4130 308 4284 reatuum,
339 4216 410 4273 tunc
445 4209 510 4273 lieri
537 4210 734 4300 aequationes
756 4208 918 4283 maximas,
956 4209 1136 4288 quadrarum
1158 4210 1294 4273 scilicet:
1324 4209 1405 4291 quod

57 4298 222 4369 nundum
243 4299 306 4363 ista
326 4298 475 4379 principia
494 4288 676 4363 tantundem
693 4307 742 4361 est
764 4316 800 4359 ac
822 4297 848 4359 si
871 4297 983 4374 dicam,
1009 4298 1157 4375 Lunam
1149 4320 1178 4361 ιι
1195 4300 1317 4381 quadris
1330 4318 1404 4361 ver-

57 4398 179 4457 santem
200 4388 308 4453 lortius
330 4389 454 4452 Terram
476 4395 634 4470 appetere,
663 4396 695 4450 et
716 4387 849 4450 vicissim
872 4386 1007 4467 lugere
997 4407 1029 4449 ιι
1052 4388 1206 4468 opposito,
1242 4397 1276 4450 ut
1302 4389 1347 4451 ita
1374 4389 1404 4450 ιι

56 4495 196 4564 apogaeo
221 4475 315 4541 altius
340 4476 544 4559 pervadat,
536 4497 566 4541 ιι
598 4478 739 4560 perigaeo
766 4476 917 4539 humilius.
968 4473 1209 4540 Consentaneum
1232 4485 1281 4541 ιιι
1302 4477 1403 4557 igitar,

56 4588 125 4635 cun
162 4566 258 4633 virtus
283 4566 390 4633 Lunae
424 4566 595 4647 magnetica
625 4566 756 4630 ιιιιιιιι
786 4573 817 4627 ιι
845 4566 938 4629 rectis
970 4567 1115 4635 lateribus
1138 4566 1277 4646 objicitur
1300 4565 1404 4631 lumini

54 4658 151 4735 Solia,
169 4655 222 4721 Ιιιιι
240 4663 278 4721 nt
298 4657 429 4721 ιιιιιιιι
451 4675 504 4721 ιιι
526 4658 671 4721 terminus
693 4655 921 4720 illuminationis
943 4656 998 4719 flat
1018 4656 1121 4719 virtuti
1139 4656 1314 4736 parallelus,
1338 4656 1403 4719 ιιι-

55 4757 156 4815 tutam
178 4747 257 4811 bano
276 4745 478 4828 magnetioam
494 4765 554 4828 per
572 4747 654 4813 hunc
676 4746 768 4810 situm
791 4746 831 4809 ad
844 4745 948 4809 Solem
970 4745 1102 4820 intendi;
1125 4744 1239 4809 nullam
1253 4764 1324 4810 varo
1338 4745 1404 4828 ejus

56 4858 128 4913 ease
148 4834 405 4912 ιιιιιιιιιιιιιιιι,
427 4855 494 4903 curu
515 4837 611 4903 virtus
634 4835 805 4919 magnetica
826 4834 921 4899 rectis
940 4834 1060 4900 lineis
1050 4853 1082 4898 ιι
1105 4824 1209 4899 Solem
1230 4836 1405 4918 porrigitur,

1132 4937 1192 4992 db*
