3354 5504
548 286 1141 357 ammoneremus.
1471 297 1515 369 ιι

249 479 320 541 Hoc
342 479 463 562 inquam
494 477 584 543 uuum
614 481 672 544 fuit
700 481 867 544 dicendum.
914 481 977 547 Sed
998 484 1069 565 quia
1096 483 1161 563 jam
1193 489 1292 544 sumta
1324 480 1435 562 pagina
1458 489 1515 559 est,
1618 542 1621 547 .

158 570 333 652 inpleatur.
373 570 499 652 Tyeho
523 590 643 633 suarum
665 572 909 634 observationum
930 591 1041 652 parcus
1057 573 1286 642 estadmodum.
1323 572 1402 635 Mihi
1416 579 1516 635 taumn

159 679 266 724 earum
288 659 378 742 copia
395 661 589 742 quotidiana:
613 662 700 723 modo
719 661 915 742 descriptioni
937 665 1110 725 sufficerem.
1144 662 1301 725 Electione
1317 662 1417 749 igitur·
1431 682 1516 743 opus.

157 752 206 814 Tu
223 749 337 825 scribe,
355 769 432 832 quae
450 749 642 829 potissimum
662 752 796 814 notanda
815 759 847 813 et
865 753 1053 835 excerpenda
1072 751 1126 815 tibi
1144 751 1311 815 videantur.
1340 753 1408 815 Hoc
1426 771 1515 816 unum

162 842 242 904 hane
265 840 455 919 Pregensem
476 859 592 902 moram
614 841 739 903 solatur.

251 928 417 991 Lunaris
438 929 680 1010 hypothesis,
708 950 797 1012 quam
821 937 1043 1007 assumserunt,
1067 937 1140 1012 puto
1162 929 1247 992 brevi
1269 930 1366 992 lucem
1390 929 1514 994 videbit.

162 1022 208 1084 u·
232 1018 345 1098 exigno
368 1017 499 1080 aberrat
537 1019 755 1095 Fundamenta,
773 1020 831 1081 hoc
852 1029 901 1082 est
916 1021 1154 1095 observationes,
1177 1038 1236 1081 nou
1254 1027 1325 1082 sunt
1345 1038 1401 1099 pro
1423 1019 1516 1090 insti-

163 1117 230 1172 tata
260 1107 467 1170 subtilitate
459 1129 490 1170 ιιι
517 1108 576 1170 hoc
605 1110 713 1172 sidere.
759 1111 838 1174 Nam
869 1117 1027 1172 assumunt
1060 1110 1191 1190 eclipses
1213 1110 1368 1184 Lunares3
1399 1109 1426 1171 si
1448 1108 1516 1190 quis

163 1199 305 1261 aduret
327 1197 526 1273 observaturi,
550 1218 601 1278 qur
592 1200 743 1261 medium
766 1199 916 1280 eclipseos
938 1199 1062 1274 diceret,
1085 1200 1253 1303 probarem.
1300 1198 1362 1262 Sed
1385 1198 1516 1263 medium

163 1278 316 1368 colligunt
337 1306 375 1375 ιι
397 1286 485 1348 initio
508 1297 540 1349 ιι
561 1289 629 1364 line,
653 1309 707 1351 nec
730 1308 766 1350 eo
791 1308 909 1370 semper
931 1290 976 1351 ita
993 1290 1165 1370 conspicuo.
1204 1287 1351 1369 coepisse
1374 1289 1516 1365 cernitur,

164 1396 223 1440 non
247 1353 391 1456 incipere,
416 1384 447 1438 et
468 1377 608 1453 desiisse,
631 1398 691 1440 non
714 1378 860 1440 desinere.
907 1379 989 1441 Ante
1011 1385 1136 1460 etpost
1158 1377 1400 1459 semiquadraute
1423 1377 1516 1440 horae
1604 1415 1607 1421 ,

164 1468 200 1528 da
230 1465 321 1528 initio
344 1473 377 1526 et
403 1466 461 1531 bno
494 1466 656 1530 dubitatur.
704 1470 738 1530 In
770 1467 879 1529 ceteris
908 1468 1012 1530 Lunae
1042 1466 1302 1531 observationibus
1332 1484 1516 1547 proposuere
1603 1528 1625 1555 ·.

165 1555 221 1618 sibi
246 1553 427 1616 orientalem
448 1555 498 1616 vel
521 1556 739 1618 occidentalem
760 1557 894 1631 limbum,
917 1557 1104 1637 superiorem
1125 1557 1175 1617 vel
1188 1556 1360 1619 inferiorem
1383 1555 1516 1630 limbum,

166 1654 195 1708 et
214 1643 337 1707 addunt
358 1644 407 1705 vel
431 1644 612 1708 subtrahunt
635 1640 739 1708 'visam
771 1646 1036 1708 semidiametmm.
1082 1646 1128 1709 At
1149 1646 1255 1709 eodem
1283 1653 1436 1708 momento
1462 1662 1517 1725 per

165 1734 306 1796 diverms
328 1732 543 1796 observatores
567 1736 605 1797 ad
627 1736 827 1797 iustmmenta
849 1735 970 1813 diversa
993 1736 1159 1798 collocatos
1182 1730 1235 1810 31,
1252 1732 1305 1809 32,
1320 1729 1374 1807 33,
1393 1730 1445 1808 34,
1463 1730 1516 1809 35,

165 1818 217 1898 36,
240 1819 286 1887 37
308 1822 517 1903 scrupulorum
549 1825 695 1886 diameter
723 1825 920 1906 pronunciata
948 1825 1005 1886 fuit
1025 1845 1078 1906 pro
1109 1824 1322 1887 constitutione
1352 1822 1514 1885 oculorum.

166 1912 368 1976 Humentibns
390 1912 470 1974 euim
492 1914 588 1975 oculis
611 1915 706 1994 major
728 1922 863 1995 apparet.
909 1916 1015 1996 Itaque
1038 1914 1069 1975 iu
1093 1913 1354 1976 observationibus
1376 1908 1517 1975 Lunae2

166 2002 210 2064 rel
234 1999 257 2064 3
281 2001 490 2081 scrupulorum
518 2003 675 2084 frequens.
688 2023 772 2066 error
801 2011 858 2066 ιιι
904 2005 946 2065 Et
968 2012 1069 2065 tamen
1095 2003 1140 2065 ita
1167 2003 1308 2084 pertinax
1331 2009 1381 2064 est
1401 2001 1516 2084 Tycha,

167 2100 197 2154 ut
218 2090 385 2173 hypothesi
408 2109 482 2151 suae
505 2110 595 2172 aegre
617 2093 767 2156 tantulum
789 2111 920 2155 errorem
944 2094 1113 2155 condonare
1136 2092 1219 2154 velit.

252 2179 337 2243 Mira
357 2198 431 2241 vero
454 2179 531 2242 haec
551 2181 645 2244 babet
666 2182 723 2244 illa
741 2182 936 2264 hypothesis:
967 2183 1064 2263 primo
1087 2183 1116 2244 iu
1145 2182 1226 2244 veris
1258 2180 1515 2261 conjunctionibus

167 2274 195 2332 et
216 2267 462 2351 oppositionibus
485 2269 711 2350 simplicissima
742 2279 864 2334 utnumr
892 2271 1070 2352 aequatione
1103 2270 1238 2353 (quam
1230 2291 1260 2333 m
1283 2271 1370 2332 Lnua
1391 2269 1516 2350 perinde

166 2357 243 2421 ιιι
269 2356 402 2450 circellis
425 2359 594 2435 conficiunt,
617 2369 651 2422 ut
669 2361 854 2442 (lopemicns
877 2358 946 2425 int
970 2360 1184 2441 superioribus,
1207 2361 1264 2422 hoc
1288 2367 1336 2421 est
1358 2366 1392 2420 ut
1402 2358 1516 2427 Ptole-

166 2467 269 2510 maeus
291 2465 349 2526 per
367 2431 549 2527 positionem
570 2450 675 2530 puncti
701 2450 861 2512 eocentrici
884 2459 916 2511 et
943 2450 1046 2531 puncti
1074 2449 1249 2531 aequantia:
1283 2469 1360 2530 quae
1383 2448 1463 2510 ratio
1486 2447 1516 2508 in

165 2535 301 2620 physicis
324 2536 491 2611 fundatur).
538 2537 687 2602 Circellos
706 2559 776 2602 varo
799 2538 977 2602 variationis
1000 2539 1125 2602 alterius
1149 2538 1295 2619 incipiunt
1318 2559 1337 2598 a
1351 2537 1432 2599 veris
1454 2536 1517 2598 illis

167 2623 429 2706 conjunctionibus
444 2633 475 2687 et
492 2628 742 2707 oppositionibus,
761 2649 819 2711 quo
833 2629 876 2704 fit,
890 2637 925 2690 ut
938 2627 1105 2710 inaequalis
1121 2630 1174 2690 fiat
1193 2626 1381 2690 circellorum
1397 2626 1517 2689 illomm

167 2724 273 2785 motus.
321 2714 357 2776 Id
380 2721 481 2777 antem
502 2724 536 2777 ιιι
558 2716 643 2780 (ιοιιι
664 2719 782 2800 Tycho,
816 2717 861 2779 ita
889 2736 946 2798 ego
976 2718 1082 2780 laetor.
1128 2718 1236 2781 Adhuc
1265 2715 1344 2778 enim
1375 2717 1462 2779 vinco
1487 2715 1517 2778 in

168 2823 209 2880 eo,
234 2805 268 2866 in
291 2822 353 2884 qno
384 2803 545 2885 aliqnando
568 2807 607 2867 ed
629 2826 677 2869 me
696 2807 841 2871 Gratium
874 2807 1009 2870 scribens
1039 2808 1159 2869 modum
1182 2826 1229 2869 me
1256 2824 1367 2887 ponere
1395 2804 1517 2886 jussisti

167 2893 272 2957 harum
294 2892 550 2973 speculationum,
579 2915 617 2957 ue
641 2897 740 2958 omnia
761 2898 836 2958 fiant
858 2896 974 2959 incerta
992 2903 1024 2964 (1,
1043 2901 1115 2966 ²13).
1158 2895 1382 2962 Contendebam
1406 2903 1516 2968 antem,

162 2984 286 3046 ratione
310 2981 438 3063 physica
460 2985 654 3064 aequatioues
676 2985 708 3047 iu
730 2985 921 3066 quadraturis
945 2985 1058 3066 angeri.

252 3071 415 3145 Secundo,
446 3092 620 3156 quocunque
644 3095 676 3136 se
706 3082 844 3146 vertant,
876 3074 1061 3137 commodius
1090 3073 1132 3136 nil
1164 3074 1335 3147 inveniunt,
1368 3091 1456 3152 qnam
1484 3078 1518 3132 ut

169 3161 327 3224 omittatur
348 3160 448 3223 altera
469 3180 561 3224 cansa
584 3164 772 3245 aequatiouis
786 3163 948 3245 temporis,
972 3164 1136 3227 retineatur
1159 3163 1226 3225 sola
1248 3164 1310 3235 illa,
1335 3180 1423 3242 quam
1440 3162 1514 3222 Asc.

170 3259 270 3313 rectae
296 3249 499 3330 suppeditant
537 3251 683 3317 Statuuut
696 3253 797 3334 itaque
812 3261 930 3315 aestate
949 3249 1032 3317 860⁰
1048 3249 1113 3328 57⁴,
1133 3253 1230 3315 hieme
1246 3247 1329 3316 361ο
1344 3247 1375 3314 3’
1399 3249 1516 3330 aequali

170 3347 304 3422 tempore
328 3335 371 3402 24
393 3338 534 3403 horarum
557 3342 648 3404 volvi.
694 3341 730 3403 Id
751 3341 827 3404 nihil
859 3343 941 3404 alind
968 3350 1017 3404 est
1047 3342 1162 3417 dicere,
1196 3362 1285 3423 quam
1307 3346 1361 3401 aut
1387 3339 1516 3419 primum

169 3429 277 3492 mobile
309 3428 508 3510 inaequaliter
539 3429 696 3506 incedere,
729 3431 807 3512 quod
829 3431 990 3494 maximum
1020 3438 1187 3494 monstrum
1209 3439 1257 3493 est
1288 3435 1440 3502 statuere,
1464 3435 1517 3490 aut

168 3518 296 3599 primum
319 3525 432 3582 motum
454 3519 608 3583 volutione
631 3521 743 3582 Terrae
765 3521 839 3595 fieri,
863 3540 939 3601 qnae
963 3520 1102 3583 celeriter
1130 3521 1269 3583 volvatur
1290 3516 1405 3592 hieme,
1428 3517 1515 3579 tarde

171 3616 298 3671 aestate.
350 3608 417 3669 Hoc
446 3609 538 3671 modo
571 3608 728 3672 institutus
759 3609 894 3673 calculus
926 3610 966 3671 ad
998 3630 1102 3673 omues
1133 3608 1360 3673 observationes
1392 3605 1515 3686 pulchre

169 3696 341 3778 respondet,
365 3703 398 3758 ut
420 3694 546 3761 rarol‘
569 3706 624 3761 ant
644 3695 677 3761 5⁴
700 3698 851 3761 aberratio
878 3698 1042 3780 contingat.

257 3784 423 3849 circellum
437 3806 528 3848 unum
541 3788 686 3850 inducunt
702 3781 901 3869 propte145⁰
923 3788 1086 3860 distantiae
1103 3790 1128 3859 b
1146 3788 1218 3859 a00,
1236 3786 1266 3861 ό
1288 3790 1359 3845 auto
1372 3771 1405 3844 et
1421 3791 1514 3846 retro.

170 3875 247 3937 Nam
270 3874 314 3935 ibi
336 3874 564 3955 deprehendunt
586 3877 767 3941 anomaliam
789 3879 892 3953 talem,
915 3885 949 3940 ut
970 3879 1029 3940 etsi
1051 3881 1079 3950 J>
1099 3876 1141 3939 sit
1162 3875 1193 3936 iu
1211 3892 1345 3954 apogaeo
1366 3873 1416 3934 vel
1430 3874 1514 3953 peri

170 3982 279 4065 μοι,
295 3963 490 4027 nihilominus
520 3985 614 4070 aeque
637 3974 727 4048 atque
750 3967 827 4029 alias
850 3967 969 4047 lougius
988 3968 1072 4047 justo
1094 3965 1175 4040 ad,
1197 3963 1368 4036 suiset
1397 3962 1514 4024 Lunam

172 4051 270 4135 itaque
292 4052 406 4115 nullius
429 4055 592 4119 excentrici
615 4064 754 4137 respectu
777 4056 1003 4137 deprehendunt
1025 4055 1152 4117 celerem
1173 4051 1263 4129 iud,
1286 4056 1324 4127 00,
1340 4050 1491 4113 tardem
1482 4071 1514 4114 ru

171 4134 212 4209 ss
258 4142 326 4206 Hoc
356 4142 468 4206 iterum
495 4146 639 4228 physicas
676 4164 760 4208 meas
790 4147 923 4208 rationes
956 4144 1119 4209 confirmat.
1172 4140 1269 4222 Vigor
1297 4159 1403 4221 nempe
1434 4141 1515 4205 inest

172 4231 267 4295 meaa
290 4230 471 4295 diametrali.

256 4322 364 4383 Motus
386 4320 433 4384 illi
454 4322 539 4385 veuit
562 4341 599 4384 ιι
621 4322 704 4397 Sole,
728 4324 783 4387 sed
805 4292 944 4386 mediate
954 4339 1008 4403 per
1023 4322 1158 4396 Terram,
1181 4340 1269 4402 qnam
1292 4317 1513 4393 circumcurrit3

173 4410 213 4473 nic
230 4411 301 4473 fons
319 4409 443 4473 virtutis
459 4411 607 4486 metricis,
631 4411 726 4493 quiin
743 4412 814 4476 aliis
830 4413 962 4494 planetis
976 4417 1025 4472 est
1041 4420 1192 4491 punctum,
1215 4409 1246 4472 in
1259 4411 1347 4473 Luna
1361 4416 1409 4472 est
1423 4407 1512 4469 linea.

255 4499 400 4564 Alterum
431 4501 583 4563 circellum
616 4500 790 4564 describunt
815 4501 880 4576 ita,
910 4510 945 4564 ut
972 4508 1110 4562 trauseat
1139 4519 1194 4582 per
1225 4507 1359 4561 centrum
1390 4499 1513 4572 Terrae,

175 4576 329 4671 dicmitque
354 4597 488 4653 centrum
511 4590 693 4662 conceptrici
715 4591 829 4665 Lunae,
853 4590 902 4672 qui
926 4589 947 4653 2
970 4589 1122 4671 epicyclos
1149 4590 1203 4663 (ad
1225 4587 1345 4650 modum
1366 4587 1453 4650 unius
1476 4605 1514 4648 ex

175 4675 433 4762 impericribus)
456 4680 551 4771 vehit,
573 4698 746 4761 percurrere
768 4679 853 4742 illum
875 4679 955 4741 bis
946 4700 977 4742 m
995 4698 1114 4755 mense,
1145 4697 1216 4740 vero
1239 4677 1270 4739 in
1292 4675 1511 4739 antecedentia.

255 4768 422 4832 Inhicatns
452 4777 484 4831 et
511 4768 659 4832 mirabilia
690 4768 814 4833 efficitur
845 4776 964 4845 motus,
995 4768 1124 4831 difficilis
1155 4778 1227 4830 vero
1259 4765 1402 4828 calculus.
1452 4764 1514 4828 Diu

178 4859 354 4941 uultumque
377 4857 512 4922 laboravi
543 4859 758 4923 transformare
786 4859 871 4921 illum
891 4877 946 4939 per
977 4857 1249 4941 aequipollentiam.
1296 4854 1429 4919 Tandem
1451 4853 1514 4917 vidi
