3354 5504
101 212 105 217 ·
125 258 195 327 ’168
655 264 808 328 Argumenta
829 260 952 328 (lapiton.

131 445 272 499 mmmm,
299 440 379 503 ipsum
397 437 530 491 refutatum
549 439 578 486 iri
597 437 629 487 ab
647 438 865 489 observationibus
902 438 996 489 liudem
1013 437 1085 488 modo
1103 438 1295 495 demontratus,
1314 448 1373 488 oum
1391 433 1438 487 Sol
1455 434 1491 487 sit

129 513 156 561 in
175 512 309 564 eccentrici
327 511 403 559 usalis
422 509 541 558 dameam
559 508 688 574 longiore.
712 517 830 573 punctum
848 512 923 575 igitur
941 509 1006 560 Solis
1022 512 1154 567 sicarium,
1173 520 1246 573 super
1263 523 1313 573 qno
1332 507 1490 573 Coponio!

114 584 234 633 ‘exstruit
252 582 438 639 sescentorum,¹
452 593 506 629 esse
525 587 595 629 extra
612 580 680 629 illam
698 580 832 645 longiorem
850 582 1022 631 diametrum‘
1042 584 1076 629 at
1094 581 1224 632 verisimile
1241 592 1404 644 nequaquam
1422 592 1489 638 sus,

130 646 309 704 ht'sccenirici
327 652 404 700 usalis
422 650 474 700 alia
491 652 524 700 sit
541 650 609 700 linea
627 652 746 714 apsidum.
765 666 839 716 quam
856 651 951 717 longior
969 652 1045 701 oralia
1064 653 1198 703 diameur:
1216 653 1293 717 igitur
1311 650 1488 714 linsamspsl·

131 727 189 775 dum
206 739 256 773 uon
273 728 373 787 praeter
390 720 472 770 Solem
490 723 608 771 transire:
636 729 662 770 et
688 724 724 771 sic
749 726 856 773 omnium
875 723 1030 787 planetamm
1048 723 1128 774 lineas
1147 722 1260 787 apsidum
1278 724 1306 772 in
1325 723 1380 786 ipso
1400 718 1489 773 omno

131 795 195 845 Solis
214 807 370 852 concurrere,
389 807 438 842 non
457 793 482 841 in
501 800 593 856 puncto
612 793 693 857 aliquo
712 793 786 844 medii
805 794 852 844 loci
870 792 941 843 Solis.

220 882 296 946 (lap.
316 878 384 930 LIII.
420 879 557 930 Peculiaris
579 880 708 931 methodus
733 881 867 947 inquirendi
887 881 1019 932 distantias
1037 880 1125 931 Martis
1144 894 1160 932 s
1178 881 1237 933 Sole
1252 896 1331 948 prope
1349 886 1488 950 uppem

130 964 188 1007 nem
206 957 259 1018 ejus
278 966 333 1002 cum
353 950 422 1001 Sole:
442 958 468 1000 et
485 952 556 1000 simul
575 951 753 1002 demonstratio
769 955 854 1016 puncti
872 953 936 1003 orbis
954 954 1048 1018 mavi,
1067 967 1098 1002 ex
1110 967 1231 1019 quosrror
1242 956 1269 1004 in
1283 954 1488 1007 distantiacosn·

119 1029 220 1077 missus
245 1029 349 1089 apparet
371 1025 478 1071 omnium
503 1025 631 1072 maximus.
683 1022 732 1072 Ubi
756 1025 961 1088 praesupponitur
986 1023 1128 1075 differentia
1152 1024 1261 1077 locorum
1286 1029 1488 1081 eccenirlcorun

127 1098 228 1149 duonum
254 1102 283 1146 st
305 1095 479 1144 distantiarum
502 1096 628 1159 utrimque
651 1093 741 1144 aSolu
766 1095 922 1145 mediocriter
939 1098 1047 1161 cognita
1086 1094 1143 1157 Qua
1159 1099 1257 1147 ratione
1276 1097 1351 1148 simul
1370 1104 1402 1149 nt
1418 1101 1488 1165 prins

127 1168 188 1233 Gap.
208 1166 250 1219 Ll.
271 1166 410 1231 exploratur
428 1165 490 1214 tides
508 1164 671 1229 hypotheseos
689 1167 806 1216 sicanas.
1165 1230 1168 1235 Ι

219 1237 293 1301 Gap.
313 1235 380 1287 L-IV.
413 1233 564 1286 (lollectione
589 1251 672 1287 eorum
694 1239 867 1302 quaeupassim
888 1243 946 1286 sunt
964 1236 1147 1294 demonstrata,
1172 1253 1267 1306 magns
1285 1242 1407 1295 cauum
1425 1256 1488 1294 002.

126 1313 236 1360 stituitur
251 1318 281 1358 et
298 1314 478 1371 attemperatur
499 1310 623 1378 proportio
642 1309 836 1359 eccentrlcitstis
855 1310 882 1357 et
898 1308 1000 1358 orbium.

215 1397 285 1461 (lap.
314 1394 369 1445 LV.
412 1394 524 1445 Tandem
550 1395 643 1446 reditur
667 1399 693 1446 iu
718 1399 798 1452 dam,
827 1395 892 1449 unde
911 1399 994 1460 capite
1012 1396 1088 1446 XLV.
1108 1398 1295 1451 deflexeramus.
1333 1401 1486 1458 haesione

127 1472 192 1522 enlm
213 1470 322 1518 omnium
341 1467 529 1523 demonstratur.
548 1469 708 1537 ntitcirculus
727 1471 809 1532 capite
827 1466 916 1517 XLIV.
937 1468 970 1518 ad
988 1468 1067 1519 latera
1085 1471 1158 1520 nimis
1177 1470 1320 1532 eratlarus,
1339 1475 1487 1528 siceram

128 1544 218 1605 eapitis
236 1539 314 1590 XLV.
345 1552 399 1587 esse
425 1540 499 1587 nimis
527 1544 667 1606 angustam.
711 1541 865 1605 Argumenta
888 1538 935 1588 dno
953 1546 1018 1590 sunt.
1056 1540 1166 1609 Alterum
1184 1554 1201 1592 a
1218 1542 1346 1595 dhtanffls
1365 1546 1485 1599 dum:

75 1668 80 1675 ,
125 1615 167 1664 ubi
198 1615 373 1675 comparantur
396 1609 540 1660 observatae
566 1617 592 1661 et
616 1626 670 1676 cap.
689 1611 733 1662 LI.
752 1609 819 1660 LIII.
845 1610 979 1674 productae
998 1626 1053 1660 cum
1072 1612 1197 1662 distantiis
1215 1629 1246 1663 ex
1263 1615 1397 1680 hypothesi
1417 1626 1486 1669 com·

46 1742 49 1749 ¹
125 1687 229 1749 putatis,
250 1697 280 1732 ex
297 1682 453 1747 proportione
472 1682 565 1731 orbium
585 1685 672 1748 capitis
691 1681 758 1732 LIV.
779 1688 805 1731 et
823 1682 900 1730 iorma
917 1689 1027 1733 motuum
1046 1685 1155 1746 capisam
1174 1684 1251 1735 XLV.
1278 1687 1370 1739 XLVL
1394 1689 1493 1742 XLlX.·

123 1757 157 1806 Et
173 1754 331 1810 ostenditur,
360 1752 503 1802 observatas
530 1767 584 1804 esse
608 1753 738 1820 longiores.
774 1753 886 1802 Alterum
912 1760 1084 1823 argumentum
1107 1758 1211 1805 sumitur
1229 1758 1261 1807 ab
1280 1762 1484 1825 aquationibus.

124 1828 190 1879 Nam
209 1827 371 1891 aequatioues
390 1838 420 1872 ex
438 1824 529 1874 circulo
548 1833 705 1890 computatae
725 1839 779 1888 cap.
798 1823 889 1874 XLIII.
914 1826 1054 1888 peccabant
1069 1824 1097 1875 in
1115 1834 1211 1890 partem
1228 1843 1320 1887 nnams
1340 1846 1408 1896 quas
1426 1848 1485 1885 seso

52 1916 56 1929 ·
125 1899 190 1949 osali
209 1911 264 1961 cap.
285 1893 362 1945 XLV.
382 1896 587 1967 computabantur
603 1913 648 1962 per
666 1912 720 1962 cap.
738 1895 830 1946 XLVI.
847 1894 950 1946 XLVH.
970 1894 1085 1947 XLVIII.
1104 1896 1191 1949 XLIX
1206 1899 1235 1955 L.
1254 1902 1407 1955 tantundem
1424 1918 1484 1970 pse.

124 1971 217 2021 cabaut
236 1971 262 2017 in
279 1974 376 2032 partem
394 1967 507 2017 alterans.

214 2038 261 2089 Ga
270 2055 300 2102 p.
314 2038 381 2087 LVI.
397 2050 400 2055 ·
418 2038 484 2088 Hinc
506 2041 558 2102 jam
582 2039 777 2101 demonstratur,
797 2036 929 2109 distantias
947 2052 996 2089 non
1016 2053 1046 2089 ex
1064 2039 1263 2092 circumferentia
1281 2046 1390 2109 spieyeli
1408 2048 1484 2099 dm.

79 2113 84 2126 '
123 2112 240 2167 menda,
270 2113 321 2159 sise
345 2102 508 2174 aequabiliter
533 2113 558 2159 in
583 2125 613 2160 eo
631 2111 734 2175 planeta
751 2110 865 2168 incedat,
883 2116 912 2159 ut
931 2124 986 2174 cap.
1005 2109 1084 2169 XLV,
1101 2114 1153 2164 sire
1170 2117 1354 2178 proportionem
1373 2122 1486 2171 setim

124 2192 206 2249 motus
225 2183 367 2241 eoceutnci,
385 2188 416 2230 ut
433 2194 488 2245 cap.
507 2180 573 2240 XLI,
592 2182 635 2231 sed
654 2182 787 2247 sumendas
804 2197 859 2231 esse
876 2196 906 2231 ex
925 2181 1029 2246 spicycli
1047 2181 1175 2235 diametro.
1205 2185 1364 2239 Praemissus
1377 2191 1484 2243 meda

125 2262 184 2305 suut
201 2268 267 2319 quae
284 2253 310 2302 in
328 2254 411 2317 priori.
486 2312 491 2319 Ι
726 2286 729 2291 .
1151 2300 1154 2306 ,

76 2378 80 2387 ,
164 2372 172 2377 ,,
215 2325 299 2388 cap·
311 2322 392 2373 LVII.
430 2321 492 2373 Cum
510 2326 620 2375 rationes
638 2325 753 2389 physicas
773 2325 862 2388 capitis
881 2322 958 2377 XLV.
978 2337 1079 2376 necesse
1097 2327 1131 2375 sit
1149 2327 1242 2393 aliquid
1256 2326 1312 2391 lalri
1328 2329 1426 2385 babere
1439 2333 1483 2386 ad.

122 2400 225 2448 mixtum
246 2404 346 2460 propter
373 2393 490 2446 effectum
515 2396 615 2447 falsum:
637 2401 690 2459 jam
715 2397 842 2461 mortecto
866 2397 974 2461 genuino
993 2395 1084 2446 effectu
1103 2399 1274 2451 instaurantur
1292 2403 1352 2455 illae
1371 2392 1483 2459 ratim

51 2532 54 2539 ¹
96 2478 99 2483 '
122 2466 241 2534 physicae
258 2474 287 2519 et
305 2468 464 2517 continuatur
481 2467 618 2531 speculatio
637 2470 727 2534 capitis
744 2462 856 2523 XXXIX.
1042 2508 1045 2513 .
1196 2496 1213 2519 ·,

30 2574 36 2587 .
80 2542 85 2552 ’
151 2542 174 2561 “·
213 2536 240 2600 1)
259 2539 341 2589 Primo
360 2539 504 2599 ostenditur,
524 2539 680 2591 librationem
698 2541 723 2589 in
743 2539 863 2589 diametra
882 2538 985 2603 eplcycli
1004 2537 1178 2603 (quae-reddit
1196 2542 1330 2596 distantiae
1343 2546 1482 2601 ohsersath

39 2669 42 2673 ,
123 2608 318 2671 consentaneas)
347 2617 432 2660 tenere
456 2610 526 2677 leges
548 2612 676 2661 naturales
700 2618 833 2674 corporum.
871 2609 899 2672 2)
923 2608 985 2660 (ium
1006 2610 1106 2663 libratio
1125 2615 1159 2663 sit
1175 2615 1306 2667 translatio
1326 2618 1359 2669 de
1378 2619 1434 2672 loeo
1455 2623 1483 2673 ιι

119 2682 216 2738 losum.
237 2680 381 2748 ostenditur,
404 2680 469 2731 hanc
494 2682 681 2732 translationem
700 2683 806 2747 corporis
824 2682 940 2747 planetas
959 2681 1012 2731 beri
1038 2690 1063 2732 et
1085 2685 1169 2749 perlici
1187 2698 1205 2735 a
1222 2685 1296 2745 Sole,
1324 2704 1377 2742 non
1395 2694 1478 2745 minus

94 2768 98 2774 ·
121 2770 196 2820 quam
214 2763 285 2819 parte
303 2753 350 2805 111.
370 2752 594 2803 circumlationem:
613 2756 648 2803 sic
667 2760 752 2804 tamen
774 2760 802 2803 ut
819 2753 892 2817 hujus
910 2753 1047 2804 librationis
1063 2753 1177 2823 habenae
1191 2759 1243 2813 siut
1255 2774 1333 2823 penes
1349 2762 1480 2828 planem

30 2816 34 2825 “
63 2872 68 2881 ,
120 2829 209 2891 ipsum.
246 2825 280 2874 ld·
294 2825 539 2876 declaratnrduobus
552 2825 677 2890 exemplis,
696 2826 773 2874 altero
790 2839 910 2874 minorum
927 2825 1079 2889 imperfecto,
1098 2827 1176 2878 altero
1191 2830 1333 2893 perleetIori
1341 2836 1479 2901 magnes&

121 2895 149 2960 3)
168 2898 197 2948 Iu
217 2898 383 2961 applicatione
402 2897 538 2960 magnetici
558 2894 662 2962 exempli
686 2897 750 2946 duae
772 2903 914 2946 statuuntur
931 2899 1045 2962 utrinque
1065 2905 1090 2948 et
1108 2902 1141 2949 in·
1151 2898 1270 2967 magnete
1289 2910 1316 2953 et
1333 2906 1361 2956 in
1374 2906 1480 2971 plum

120 2970 266 3020 laculmtes:
286 2969 367 3017 altera
385 2967 535 3023 directIouis,
555 2968 635 3018 altera
653 2970 821 3033 appetentiae.
852 2967 958 3033 Magnes
977 2969 1090 3035 dirigitur
1106 2986 1189 3022 sersus
1206 2971 1299 3037 poium,
1317 2976 1410 3028 (mm
1423 2992 1480 3031 ,m

119 3044 224 3106 appetit.
262 3039 408 3104 Ita-globus
426 3037 544 3102 planetae
563 3040 676 3104 dirigitur
693 3042 718 3088 in
737 3039 807 3096 mss,
827 3040 923 3104 appetit
940 3053 996 3089 sero
1015 3041 1104 3092 Solem.
1144 3043 1295 3095 Directionis
1314 3049 1393 3115 {giam
1410 3064 1479 3119 om

120 3127 136 3162 a
161 3128 210 3177 qua
237 3111 330 3176 pendet
352 3119 433 3158 motus
462 3115 487 3159 et
509 3110 576 3159 locus
595 3111 701 3174 aphelii,
732 3113 802 3160 initio
821 3114 846 3160 in
866 3111 938 3160 dnbio
956 3109 1080 3178 relinquo,
1105 3117 1169 3165 sitne
1193 3118 1344 3169 msntis'sn
1362 3128 1478 3174 natum.

119 3186 287 3248 oppetendae
305 3190 374 3246 opus,
392 3195 476 3251 aqua
493 3182 776 3246 pendetecceutsicitas,
794 3190 900 3232 naturae
910 3185 1059 3234 uwmcnbo
1073 3192 1098 3235 et
1108 3186 1211 3239 ostendo
1228 3191 1343 3241 crassiori
1353 3190 1477 3252 Minerss.

120 3270 261 3304 mensuram
280 3254 417 3303 librationis
436 3253 587 3302 observando
607 3254 773 3319 deprebensae
793 3261 986 3303 consentaneam
1004 3269 1058 3307 esse
1077 3271 1168 3309 causas
1186 3259 1478 3330 physicas.p019m‚

118 3324 149 3387 Ι4)
164 3326 260 3376 Postea
280 3325 421 3375 stauratius
440 3325 489 3373 ista
506 3332 618 3375 tractam
636 3328 706 3375 initio
725 3326 792 3375 lacto
811 3341 827 3376 a
846 3326 987 3379 directionis
1006 3342 1087 3392 opere,
1107 3337 1133 3380 et
1151 3344 1281 3390 concesso,
1306 3335 1373 3401 quod
1392 3339 1416 3387 01
1435 3332 1478 3388 ᾗ..

23 3400 26 3405 ’
120 3406 192 3463 roget
211 3398 304 3462 aliquid
323 3396 458 3445 declinatio
477 3411 507 3445 ex
526 3400 670 3461 appetentia
689 3395 752 3446 Solis
771 3404 842 3447 ortas
870 3399 935 3447 sicut
959 3413 1062 3466 magnes
1086 3403 1112 3451 in
1138 3401 1221 3467 polum
1239 3403 1348 3456 directus
1366 3406 1479 3461 declinat

121 3480 207 3519 tamen
226 3468 337 3519 nonnihil
356 3468 387 3517 ob
405 3469 496 3516 terrum
515 3475 541 3517 et
558 3476 654 3519 montes
674 3466 785 3519 alatere
804 3470 910 3525 ricinosr
930 3471 1076 3530 demonstro,
1095 3470 1166 3538 poss's
1184 3475 1293 3529 naturali
1311 3491 1478 3547 sumensque

120 3542 251 3601 facultate,
272 3543 348 3589 etiam
367 3541 422 3588 sine
440 3541 530 3608 mqutia
548 3542 700 3597 ministerio,
727 3539 817 3590 salsam
835 3540 916 3590 locum
935 3549 961 3593 et
979 3543 1145 3595 tardissimam
1173 3546 1365 3601 translationem
1384 3552 1476 3617 apheth

120 3616 148 3663 in
175 3614 360 3677 consequentia.
398 3609 426 3670 b)
453 3613 619 3675 Appeteutiae
642 3627 699 3661 sero
724 3616 865 3661 mensuram
891 3612 1030 3664 demonstro
1057 3623 1140 3666 teum
1166 3619 1289 3676 rationem
1307 3626 1435 3675 mum:
1454 3630 1480 3674 ,q

119 3686 268 3748 specialius,
296 3685 377 3732 sinum
402 3690 498 3732 rectum
529 3683 670 3734 anomaliae
696 3692 850 3747 coaequatae
875 3687 955 3734 metiri
983 3676 1152 3739 fortitudinem
1176 3682 1337 3753 appetentiae
1368 3694 1479 3760 quolibet

121 3765 213 3821 puncto
232 3757 356 3819 temporis.
392 3751 423 3815 6)
461 3755 534 3804 Circa
550 3755 704 3804 librationem
724 3769 779 3807 sero
797 3762 924 3818 peractam
942 3757 1050 3821 quolibet
1074 3764 1182 3824 tempore
1202 3760 1311 3812 attendo·
1322 3762 1403 3817 lectoi
1418 3765 1477 3832 quid

121 3830 296 3879 demonstrem.
334 3826 370 3876 lix
389 3840 443 3889 osp.
462 3826 529 3875 LVI.
557 3835 628 3891 patet
646 3830 699 3890 ejus
717 3836 844 3876 mensura:
868 3842 957 3892 nempe
977 3832 1047 3879 sinus
1072 3845 1156 3882 sersus
1174 3832 1314 3885 secunus
1332 3850 1384 3887 non
1403 3853 1478 3890 suu·

114 3892 214 3965 ¹qsratae
241 3900 286 3948 sed
312 3900 427 3947 eccentri.
472 3898 510 3947 Ea
528 3912 643 3948 mensura
662 3898 871 3948 observationibus
890 3901 1011 3951 innititur.
1047 3903 1096 3965 liic
1119 3905 1194 3969 igitur
1211 3906 1237 3954 iu
1255 3905 1282 3955 id
1299 3907 1479 3961 eleborum

121 3972 183 4020 mihi
202 3972 263 4027 fuit,
282 3977 311 4019 ut
329 3985 359 4019 ex
379 3971 449 4018 dicta
465 3984 583 4020 mensura
599 3970 750 4020 fortitudinis
768 3969 878 4034 quolibet
895 3972 948 4022 loco
962 3971 1211 4037 (enatantem-sinus
1228 3984 1313 4030 nctus
1333 3982 1478 4033 anomaliae

124 4039 290 4107 coaequatae)
320 4041 511 4093 demonstrarem
537 4043 615 4092 etiam
641 4042 864 4091 benemerentem
883 4042 1095 4096 llueaallbrando
1114 4047 1257 4109 coniectas,
1276 4040 1376 4102 scillcet¹
1394 4055 1478 4104 mnu

117 4128 218 4163 ¹versum
237 4113 376 4165 anomaliae
395 4116 511 4163 eccentri.
538 4113 572 4163 Ut
589 4113 636 4163 boc
655 4114 806 4163 obtineretur
824 4114 1003 4165 ostendendum
1021 4117 1076 4183 luit,
1095 4118 1234 4183 quadrante
1252 4114 1330 4171 disIso
1343 4124 1370 4173 in
1383 4124 1478 4192 aliqua

45 4241 49 4249 ,
123 4193 207 4249 partes
226 4182 350 4249 ,aequales
376 4187 456 4235 nuum
483 4198 579 4235 uersum
606 4185 710 4247 alicujus
736 4198 808 4234 arcun
837 4185 973 4244 lusansibili
997 4190 1116 4239 minorem
1134 4188 1225 4240 babere
1243 4196 1429 4259 properatum
1446 4195 1478 4247 a

122 4258 203 4309 sinum
221 4268 318 4306 versum
335 4257 411 4319 totius
428 4257 582 4320 quadrantis,
601 4270 675 4321 quam
693 4255 770 4306 babet
787 4270 883 4306 summa
900 4259 997 4309 sinuum
1020 4262 1045 4308 in
1065 4275 1124 4310 arcu
1143 4262 1175 4311 ad
1194 4276 1316 4321 summm
1333 4268 1436 4319 'inm
1452 4270 1477 4318 q„

122 4327 268 4395 quadrante.
306 4326 332 4387 7)
351 4327 407 4382 Ilio,
426 4343 472 4392 quo
496 4331 576 4376 minus
596 4328 740 4377 cohaereret
756 4327 819 4377 haec
837 4331 974 4392 praemissa
992 4344 1047 4380 cum
1065 4332 1109 4381 ilia
1127 4333 1292 4392 conclusione,
1310 4336 1360 4387 duo
1377 4320 1491 4391 obstans¹

123 4400 276 4448 videbantur.
313 4399 421 4448 Primum
448 4399 512 4463 quod
543 4400 668 4449 anomalia
696 4400 817 4453 eccentri.
844 4400 980 4451 librationis
998 4418 1136 4453 mensuram
1159 4405 1290 4465 exhibens,
1312 4411 1339 4459 in
1357 4412 1475 4476 superiori

120 4473 278 4522 semicirculo
304 4474 383 4532 maior
405 4478 460 4520 erat
477 4471 606 4541 pluresque
624 4474 691 4522 siuns
710 4470 842 4521 exhibebat
860 4473 985 4522 anomalis
1004 4483 1161 4539 coaequata,
1173 4477 1324 4529 fortitudinis
1343 4481 1475 4534 mhibsuu

123 4542 270 4601 mensnram.
299 4541 472 4605 ,Responsum
496 4547 581 4593 autem
599 4551 650 4599 est,
675 4542 701 4592 id
719 4549 787 4592 recte
806 4542 867 4600 heri,
887 4557 916 4592 en
934 4544 1041 4608 quod-in
1059 4546 1102 4598 illa
1120 4555 1259 4613 conquata
1274 4551 1381 4615 'qim
1399 4557 1476 4606 ‚qn

124 4614 179 4679 plus
197 4616 313 4678 temporis
333 4618 479 4669 sumamus.
504 4627 579 4677 quare
597 4619 622 4663 st
640 4615 694 4678 plns
712 4615 798 4664 sirium
817 4612 937 4665 effundat
973 4612 1003 4677 8)
1022 4616 1134 4670 alterum
1151 4621 1321 4683 obstsmmm
1346 4627 1417 4679 mnu
1434 4640 1476 4677 00-

126 4694 248 4750 aeqnatae
275 4686 398 4734 breviores
422 4697 476 4733 esse
494 4685 594 4733 sinubm
614 4686 721 4737 saceuui
738 4687 764 4736 in
781 4688 906 4751 superiore
929 4699 963 4734 so·
983 4691 1145 4740 semicirculo.
1183 4691 1317 4747 Ostensom
1334 4697 1413 4764 imm
1429 4705 1475 4754 η,

125 4758 205 4821 ipsum
229 4754 305 4807 'etiam
327 4758 409 4805 sinum
432 4768 527 4804 uersum
550 4756 660 4806 nonnihil
679 4757 784 4807 deficere
803 4771 819 4807 a
836 4770 933 4806 summa
950 4760 1048 4810 sinuum
1066 4776 1137 4827 mom
1155 4765 1193 4813 sui
1211 4762 1291 4817 ,γῆς
1309 4768 1491 4835 mmm.

119 4818 237 4899 summae
265 4829 400 4879 breviorum
427 4827 533 4877 sinuum.
575 4825 605 4890 9)
624 4827 703 4891 ¹(luae
728 4830 800 4891 obiici
823 4825 925 4893 possunt
948 4832 1058 4897 exemplo
1079 4837 1205 4901 magnaei
1233 4839 1323 4900 passm
1341 4828 1476 4902 M,
