3354 5504
127 244 211 370 w
630 270 670 322 oe
688 271 796 324 nouom
815 272 907 324 seua
924 271 1013 329 une·

110 427 131 487 '.
140 436 209 557 lm
232 469 299 534 cap.
321 449 408 515 XLI.
432 469 486 511 nos
510 448 546 510 de
571 467 606 513 eo
634 450 729 529 jussit
752 452 899 515 dubitare.
940 450 1042 525 Quare
1065 451 1096 513 in
1116 449 1267 532 anomalis
1288 448 1424 513 accentui
1441 445 1525 514 90⁶·

148 539 371 616 eocentricitas,
396 538 494 620 capite
513 538 613 601 XLlI.
638 540 762 602 inventa
778 538 875 616 9264,
899 542 956 604 erit
976 549 1115 623 tangens,
1139 558 1216 623 quae
1231 541 1500 619 ostondetpartem

25 642 30 652 '
145 630 338 712 aequationis
362 621 556 708 opticam5⁰
581 627 632 693 170
656 627 731 693 3400.
782 631 824 693 Et
851 631 921 711 quia
944 632 973 693 in
997 629 1148 693 anomalia
1176 629 1309 692 eccentri
1340 622 1406 693 900
1431 647 1502 691 area

147 714 291 800 triari'guli
317 727 365 781 est
379 717 563 797 rectaugula,
589 719 677 779 ducto
698 719 789 798 igitur
802 721 886 782 radio
902 721 930 782 in
946 720 1099 782 dimidium
1114 718 1363 793 eccentricitatis,
1383 716 1502 781 scilicet

146 806 244 883 4032,
263 809 402 889 provenit
413 826 485 868 ares
498 806 640 889 trianguli
652 805 859 874 463200000.
889 810 931 873 Ut
945 819 1046 872 autom
1062 829 1133 871 area
1143 808 1245 871 circuli
1257 800 1501 872 31415920530

147 894 293 963 (013600
315 898 378 959 sive
407 891 599 968 12960000,Ι
613 898 656 958 sio
680 897 753 960 haec
773 900 837 978 jam
861 901 984 961 inventa
1008 919 1079 960 area
1098 894 1298 962 463200000
1314 897 1352 958 ad
1373 892 1502 961 1910800

147 1008 201 1052 seu
221 983 260 1050 50
279 984 328 1049 180
348 984 413 1049 2800
426 994 543 1064 partem
560 987 749 1067 aequationis
763 989 927 1068 physicam.
952 991 1057 1069 Itaque
1069 996 1134 1049 tota
1145 988 1287 1067 aequatio
1305 981 1365 1050 100
1380 981 1436 1049 360
1450 981 1501 1061 200,

146 1085 182 1163 ut
211 1077 258 1139 ita
281 1075 448 1138 anomaliae
472 1076 587 1137 mediae
617 1072 678 1138 95⁰
704 1075 753 1140 180
778 1076 842 1141 2800
867 1079 1049 1157 respondeat
1071 1085 1239 1157 coaequata
1261 1071 1325 1140 840
1346 1072 1402 1139 420
1426 1070 1498 1139 2600.

146 1166 192 1261 tdt
215 1167 377 1228 secundum
400 1163 573 1227 methodum
597 1159 705 1247 c'apitis
728 1166 846 1230 XVHl.
871 1167 985 1229 vicaria
1009 1166 1197 1250 hypothesis,
1223 1174 1273 1227 sat
1295 1164 1358 1227 fida
1381 1165 1412 1226 in
1435 1165 1501 1227 lon-

145 1256 313 1349 grandinea
333 1253 468 1316 ostendit
498 1254 598 1326 nobis,
632 1258 710 1334 quod
741 1257 839 1319 eidem
867 1257 1033 1318 anomaliae
1058 1257 1175 1325 mediae
1200 1250 1260 1318 95⁰
1285 1251 1337 1318 180
1362 1249 1429 1318 2800
1452 1272 1500 1315 rc·

149 1345 298 1429 mondere
321 1344 433 1406 debeat
457 1352 623 1424 coaequata
646 1341 707 1408 840
730 1345 783 1409 420
807 1344 858 1410 200.
906 1334 1181 1409 01οετερ11ε2400.

82 1444 87 1451 ’
243 1432 387 1513 Sumatur
414 1434 480 1514 jam
511 1434 661 1495 anomaha
685 1437 814 1497 eccentri
843 1436 938 1498 nostri
961 1430 1076 1498 45οἐ1
1102 1432 1191 1499 1350.
1237 1432 1280 1494 Et
1301 1439 1336 1495 nt
1359 1439 1444 1494 totus
1467 1431 1502 1492 ad

153 1525 237 1588 sinus
268 1524 370 1585 horum
400 1522 589 1602 ungulorum,
628 1525 672 1586 ita
704 1547 776 1588 area
809 1523 935 1589 1910800
962 1524 1083 1586 maximi
1106 1522 1248 1603 trianguli
1272 1520 1442 1602 aequaturii
1466 1521 1502 1582 ad

150 1633 251 1676 aream
284 1613 372 1693 hujus
404 1612 462 1673 loci
505 1608 633 1675 1351200
665 1614 729 1677 sive
762 1610 801 1678 30
831 1609 884 1678 450
921 1612 1001 1689 1200,
1039 1623 1072 1676 ut
1105 1613 1258 1675 additione
1290 1612 1380 1690 hujus
1408 1610 1502 1692 partis

145 1702 340 1782 aequationis
364 1701 507 1784 physicae
531 1703 569 1762 ad
594 1704 772 1766 anomaliam
795 1704 926 1766 eccentri
951 1704 1172 1765 constituantur
1195 1701 1364 1763 anomaliae
1388 1699 1501 1763 mediae

149 1788 211 1858 480
238 1787 292 1856 450
325 1789 387 1855 1200
421 1799 452 1853 et
483 1787 562 1854 1380
590 1789 645 1855 450
672 1791 743 1857 1200.
789 1793 879 1855 Datis
903 1812 974 1855 vero
997 1793 1132 1855 cruribus
1156 1791 1331 1871 angulorum
1356 1790 1502 1864 datorum,

149 1883 299 1963 prodeunt
328 1879 429 1961 anguli
467 1881 634 1943 anomaliae
667 1890 850 1963 coaequatae
884 1883 930 1944 his
963 1882 1067 1944 mediis
1098 1880 1255 1942 anomaliis
1284 1879 1502 1960 respondentes

150 1968 211 2037 410
224 1969 278 2035 280
293 1967 369 2044 5400,
397 1965 543 2034 1300590
559 1967 622 2033 2500
634 1965 688 2048 00).
722 1974 767 2034 At
779 1992 833 2053 ρετ
849 1972 993 2034 vicariam
1007 1971 1198 2052 hypothesin,
1221 1977 1255 2030 ut
1269 1969 1372 2048 capite
1381 1968 1502 2031 XVIIl.

154 2061 263 2143 operis,
288 2058 433 2122 assumtis
452 2060 557 2121 iisdem
573 2062 730 2125 anomaliis
747 2062 930 2143 simplicibus
945 2055 1006 2124 480
1028 2057 1082 2124 450
1109 2059 1170 2123 1200
1194 2066 1226 2121 et
1251 2052 1331 2122 138⁰
1354 2053 1410 2122 450
1434 2056 1503 2131 1200,

148 2150 299 2233 prodeunt
328 2157 512 2229 coaequatae
545 2148 607 2212 illic
635 2148 696 2214 410
723 2149 777 2215 200
801 2149 882 2223 3300,
915 2151 1011 2213 minus
1036 2169 1123 2231 quam
1147 2168 1201 2230 per
1224 2167 1326 2210 aream
1349 2146 1503 2228 trianguli,

151 2258 293 2303 excessus
325 2236 357 2303 80
391 2236 472 2313 2100,
503 2237 552 2300 hic
586 2235 666 2304 1310
696 2240 726 2305 70
749 2238 829 2317 2600,
857 2234 1037 2322 plusquam
1060 2260 1115 2322 ρετ
1137 2258 1240 2300 aream
1263 2236 1425 2318 trianguli,
1450 2237 1503 2299 de-

151 2331 250 2392 fectus
273 2327 315 2392 80.
363 2329 469 2408 ltaque
493 2348 560 2390 cum
582 2336 696 2391 certum
720 2331 777 2400 sit,
811 2329 941 2392 vicariae
971 2337 1093 2392 nostrae
1122 2336 1240 2391 tantum
1264 2344 1395 2390 errorem
1418 2325 1505 2389 tribui

151 2438 210 2495 uon
234 2436 334 2499 posse,
358 2436 483 2479 necesse
506 2418 579 2480 mihi
602 2418 807 2495 misererem,
831 2419 907 2482 hanc
926 2419 1075 2482 rationem
1090 2416 1239 2500 aequandi
1259 2415 1425 2479 etiamnum
1440 2434 1504 2477 esso

79 2532 85 2539 ·
118 2502 369 2588 'imperfectam
416 2507 458 2568 Et
481 2506 582 2587 capite
606 2509 723 2590 quidem
747 2510 835 2573 XIX.
860 2529 924 2571 cum
948 2508 1145 2571 bisentionem
1168 2508 1196 2568 in
1224 2506 1322 2567 Marte
1346 2511 1505 2579 tentarem,
1536 2507 1542 2521 ’

154 2607 186 2661 et
207 2616 262 2678 per
286 2595 437 2658 immobile
459 2605 600 2676 punctum
624 2600 780 2680 aequantis
804 2618 886 2661 more
909 2598 1094 2661 Ptolemaico
1127 2595 1324 2677 aequationes
1347 2601 1505 2675 computa-

154 2707 230 2763 rem,
263 2686 388 2748 inveuta
416 2693 463 2748 est
496 2686 666 2749 differentia
698 2690 778 2751 circa
809 2685 870 2752 450
892 2688 1071 2749 anomaliam
1096 2686 1224 2749 eccentri
1248 2704 1324 2766 pene
1347 2691 1451 2757 tanta,
1477 2684 1506 2746 in

153 2783 260 2860 partes
297 2783 398 2837 tamen
432 2776 610 2838 contrarias.
666 2779 743 2839 Nam
771 2779 800 2840 in
835 2776 979 2858 superiori
1002 2777 1169 2857 quadrante
1192 2776 1317 2855 planeta
1342 2772 1505 2854 appropin-

153 2866 267 2950 quabat
298 2864 434 2945 aphaim,
479 2865 509 2928 in
540 2865 673 2930 inferiori
697 2867 854 2947 perihelio,
892 2867 960 2947 plus
991 2885 1079 2947 quam
1110 2885 1166 2945 par
1198 2873 1280 2939 erat3
1321 2862 1371 2926 hic
1394 2864 1426 2926 iu
1454 2882 1506 2925 su-

152 2955 262 3038 periori
287 2955 452 3037 quadrante
477 2953 607 3017 discedit
631 2957 748 3035 longius
772 2958 810 3018 ab
835 2956 964 3036 aphelio,
988 2956 1017 3017 in
1041 2955 1175 3017 inferiori
1198 2976 1217 3016 a
1239 2952 1395 3034 perihelio,
1422 2971 1507 3033 quam

107 3079 111 3087 ·
153 3064 210 3127 par
233 3052 289 3109 est.
336 3044 443 3125 Itaque
467 3063 559 3124 supra
582 3046 620 3107 ab
645 3047 763 3126 aphelio
788 3055 836 3107 est
858 3046 946 3107 nimis
970 3046 1067 3115 velox,
1094 3045 1172 3106 infra
1190 3066 1209 3105 a
1229 3041 1373 3125 perihelio
1395 3040 1507 3104 itidem

155 3133 257 3208 Quare
280 3134 396 3197 tardior
414 3133 499 3213 justo
523 3133 581 3196 erit
603 3136 632 3196 in
657 3135 893 3214 longitudinibus
917 3135 1034 3196 mediis.

242 3223 340 3289 Credo
368 3222 433 3304 jam
465 3223 569 3285 lectori
601 3224 757 3300 incidisse,
795 3245 832 3288 an
863 3225 940 3286 sorte
970 3243 1102 3285 errorum
1126 3242 1219 3284 causa
1243 3220 1312 3281 iude
1337 3219 1394 3296 sit,
1431 3221 1508 3300 quod

154 3313 254 3395 capite
276 3313 344 3376 XL.
365 3311 478 3374 dictum
500 3321 563 3389 est,
586 3313 691 3375 vitium
715 3315 839 3377 subesse
862 3313 930 3375 huic
955 3312 1122 3394 operationi
1151 3331 1205 3392 ρετ
1228 3329 1332 3385 areas,
1366 3328 1402 3371 eo
1428 3310 1507 3389 qnod

153 3423 243 3468 meae
275 3422 334 3465 nou
366 3402 589 3483 aequipolleant
611 3403 783 3479 distantiis,
816 3403 983 3466 celeritatis
1016 3409 1047 3464 et
1070 3419 1220 3465 morarum
1243 3397 1506 3462 moderatricibus.

152 3493 247 3583 Atqui
271 3511 330 3554 nou
353 3492 421 3553 hinc
445 3510 512 3554 esse
535 3500 638 3573 potest
658 3512 803 3573 praesens
826 3512 919 3575 error.
965 3493 1099 3555 Primum
1114 3490 1192 3553 enim
1212 3507 1355 3551 excessus
1373 3506 1507 3551 summae

153 3583 364 3645 distantiarum
386 3600 477 3662 supra
500 3601 599 3644 aream
623 3583 725 3645 circuli
749 3603 859 3664 parvus
884 3591 940 3657 est,
964 3581 1126 3662 spatiolum
1149 3598 1255 3659 nempe
1272 3578 1351 3639 inter
1364 3577 1508 3640 couchoi·

153 3673 218 3750 des,
240 3690 366 3753 parvum
390 3671 567 3734 admodum:
593 3671 699 3734 deinde
723 3692 795 3734 area
818 3673 940 3735 exhibet
968 3671 1133 3733 distantias
1156 3688 1260 3731 omnes
1285 3668 1405 3747 quidem
1425 3667 1509 3748 justo

153 3761 327 3837 breviores,
348 3760 477 3824 maxime
499 3779 571 3822 vero
596 3781 663 3836 eas,
690 3781 765 3842 quae
789 3769 859 3824 sunt
882 3762 913 3823 in
935 3759 1170 3842 longitudinibus
1193 3756 1309 3821 mediis.
1356 3755 1460 3837 Ergo,
1483 3755 1509 3820 si

154 3851 221 3934 quis
245 3870 328 3915 error
350 3850 419 3913 hino
441 3856 554 3926 manat,
578 3850 605 3913 is
627 3852 658 3913 in
681 3852 737 3913 hoc
762 3858 825 3927 est,
851 3851 929 3932 quod
950 3870 1008 3913 non
1028 3850 1104 3911 satis
1123 3849 1232 3928 longas
1244 3864 1345 3908 moras
1366 3846 1506 3926 planetae

152 3940 280 4005 facimus
303 3940 335 4003 in
357 3939 593 4020 longitudinibus
616 3941 732 4006 mediis.
779 3941 824 4002 At
846 3958 980 4016 errores,
1011 3958 1085 4020 quos
1104 3939 1170 4019 jam
1193 3935 1455 4017 deprehendimus,
1479 3937 1509 3998 in

153 4030 338 4095 contrarium
360 4029 490 4092 abeunt:
515 4030 603 4092 nimis
627 4031 705 4092 enim
728 4030 835 4110 longas
850 4049 950 4092 moras
965 4030 1090 4092 fecimus
1104 4029 1244 4108 planetae
1262 4025 1292 4087 in
1312 4025 1509 4105 longitudini-

154 4121 210 4184 bus
233 4119 350 4183 mediis.
398 4119 480 4182 Idem
504 4119 547 4181 illi
572 4140 687 4201 quoque
710 4128 813 4200 potest
835 4119 936 4199 objici,
962 4120 1010 4200 qui
1035 4117 1235 4198 suspicionem
1258 4116 1328 4178 inde
1352 4115 1508 4197 concipere

156 4210 302 4285 voluerit,
334 4210 428 4290 quod,
459 4208 550 4271 misso
575 4207 735 4291 Copernioi
766 4218 797 4272 et
820 4208 970 4291 Tychonis
993 4207 1103 4287 duplici
1127 4206 1275 4289 epicyclo,
1307 4204 1357 4287 qui
1382 4204 1509 4268 orbitam

154 4300 298 4382 planetae
332 4297 406 4360 lacit
439 4300 573 4373 evalem,
609 4319 663 4362 nos
695 4299 913 4362 Ptolemaicum
940 4298 1107 4378 perfectum
1134 4296 1275 4358 circulum
1304 4294 1335 4357 in
1365 4312 1509 4374 praeseus

35 4407 48 4417 ··
154 4389 384 4470 susceperimus.
440 4388 519 4451 Nam
544 4388 654 4451 dictum
679 4389 779 4479 esttin
803 4388 859 4450 fine
883 4388 992 4467 capitis
1015 4387 1130 4467 quarti,
1164 4386 1247 4448 illam
1271 4381 1509 4464 Coperuicanam

154 4478 286 4543 orbitam
310 4497 369 4540 non
393 4476 544 4540 incurrere
569 4479 608 4540 ad
631 4487 775 4553 centrum,
800 4478 878 4558 quod
900 4477 949 4539 hic
972 4477 1058 4539 nobis
1081 4483 1165 4539 esset
1180 4475 1257 4550 usui,
1282 4474 1337 4536 sed
1351 4493 1509 4537 excurrere

99 4569 101 4572 ⁴
154 4590 174 4632 a
197 4577 300 4633 centro
322 4567 481 4648 particulis
505 4562 580 4643 246,
607 4568 684 4648 quod
707 4567 754 4628 hic
778 4566 877 4648 potius
902 4575 1025 4647 augeret
1048 4585 1191 4640 errorem,
1218 4564 1267 4648 qui
1285 4563 1349 4626 ‘hoc
1367 4565 1436 4646 jam
1457 4583 1507 4626 se·

155 4657 280 4741 quimur,
305 4675 407 4721 moras
432 4676 500 4720 esse
522 4663 558 4718 ut
581 4657 754 4719 distantias.

171 4788 174 4797 .
243 4748 288 4811 Ut
310 4754 411 4810 antem
430 4747 469 4809 ad
483 4747 600 4810 oculum
614 4753 727 4829 pateat,
753 4764 879 4826 parvum
903 4744 1063 4807 admodum
1082 4742 1159 4805 effici
1183 4742 1314 4824 spatium
1337 4742 1510 4806 conchoidis

153 4829 223 4923 cap.
244 4837 320 4916 XL,
356 4837 526 4919 perpendes
563 4837 643 4919 quod
681 4854 788 4901 secans
827 4835 930 4919 anguli
967 4828 1082 4899 50190
1118 4833 1284 4908 (maximae
1322 4832 1510 4915 aequatiouis
