3354 5504
163 267 226 337 138
458 224 462 230 Ι
691 266 801 333 Epistola
818 267 977 320 dedicatoria„

158 450 189 511 in
222 464 309 527 quem
334 442 421 506 Luna
444 443 580 522 ingressa
604 450 669 519 est,
702 444 802 508 ludere
834 447 912 508 solet
942 446 1105 526 astragalis
1133 448 1229 512 lusum
1253 447 1505 529 trigonicum3iu

160 539 272 610 Leone,
298 552 355 614 quo
371 531 425 596 Sol
438 532 531 594 utitur
554 533 694 613 hospitio,
721 536 907 597 familiariter
931 546 1019 598 notus
1043 545 1109 610 est;
1134 537 1187 598 llle
1202 538 1328 619 denique
1343 547 1374 600 et
1388 538 1504 600 Arietis

161 636 210 688 est
247 624 391 698 dominns,
434 621 480 683 cui
521 622 646 684 subesse
685 624 815 687 creditur
840 623 1019 695 Germania,
1051 627 1198 708 planeque
1230 647 1409 691 concurrens
1439 645 1507 689 cum

160 715 202 778 S·
231 711 274 777 (ι8
301 713 360 774 Mra
378 712 427 772 Vt
448 710 541 772 babet
564 712 728 792 imperinm.

253 803 340 864 Hanc
362 800 454 881 igitur
476 799 616 881 triumphi
638 810 756 881 partem
779 803 822 865 illi
845 803 918 867 licet
941 813 1100 884 occupent,
1125 805 1236 868 nullam
1253 805 1327 886 ipsis
1344 813 1408 866 tam
1422 803 1502 866 leste

162 894 211 957 die
242 890 359 955 rixandi
389 908 511 952 oausam
536 890 701 953 exhibebo:
736 900 874 955 transeat
896 892 970 955 haec
995 893 1117 956 licentia
1139 894 1217 957 inter
1235 896 1321 975 jocos
1344 893 1502 956 militares.

162 984 235 1064 Ipse
265 979 305 1042 ad
337 979 616 1041 astronomiam
648 989 765 1057 vertar,
804 1002 948 1063 curruque
979 983 1150 1063 triumphali
1172 984 1325 1060 invectus,
1358 982 1504 1066 reliquam

163 1069 275 1153 captivi
299 1067 394 1130 nostri
417 1068 560 1148 gloriam,
591 1069 662 1130 mihi
684 1071 876 1149 peculiariter
898 1078 1017 1144 notam,
1049 1093 1210 1154 omnesque
1233 1072 1308 1135 adeo
1332 1072 1404 1136 belli
1428 1070 1507 1153 gesti

163 1158 349 1239 coniectique
372 1157 505 1219 rationes
528 1157 695 1237 explicabo.
830 1170 832 1174 '

248 1249 354 1329 Neque
377 1246 455 1308 enim
479 1246 542 1309 sine
566 1247 677 1311 honore
700 1248 786 1311 uobis
810 1257 857 1311 est
872 1249 1034 1325 habendus,
1051 1270 1137 1332 quem
1157 1249 1507 1330 aeternusmundibnjns

162 1339 357 1402 Architectns
396 1336 616 1418 communisque
656 1338 784 1401 siderum
824 1338 1032 1421 hominumque
1064 1341 1181 1405 Pater
1211 1339 1359 1404 lova
1349 1359 1383 1421 ιι
1410 1339 1508 1420 prima

167 1446 321 1509 corporum
344 1424 572 1505 aspectabilium
598 1426 712 1489 locavit
735 1428 814 1503 acis;
843 1435 877 1489 nt
898 1428 1020 1509 perenni
1043 1418 1189 1491 curriculo
1211 1448 1265 1509 per
1288 1427 1428 1508 regiones
1451 1447 1505 1490 ae-

163 1519 285 1581 thereas
318 1514 473 1580 Creatoris
502 1515 549 1577 ιιι
578 1517 725 1581 militaret
752 1516 886 1598 gloriae.
917 1517 1124 1600 hominumque
1152 1527 1269 1582 mentes
1301 1519 1364 1582 alto
1391 1517 1515 1599 sopitae

164 1615 287 1670 veterno
311 1603 471 1667 criminosa
497 1603 637 1684 ignaviae
667 1606 914 1688 ignorantiaeque
938 1607 1167 1686 exprobratione
1191 1608 1369 1684 suscitaret,
1397 1625 1507 1670 excur-

167 1695 299 1759 sionibus
322 1695 385 1756 suis
408 1702 572 1770 exerceret,
597 1695 683 1777 inque
707 1696 821 1759 coelum
845 1696 883 1759 ad
898 1693 1071 1760 Conditoris
1091 1698 1136 1759 sui
1155 1696 1261 1760 landes
1280 1696 1507 1777 investigandas

168 1784 312 1849 irritando
334 1783 531 1865 pertraheret.

255 1874 313 1936 Hic
336 1880 385 1935 est
407 1872 457 1933 ille
475 1871 703 1953 potentissimus
726 1871 929 1936 inventionum
950 1875 1145 1939 humanamm
1159 1875 1313 1937 Domitor:
1337 1873 1386 1957 qni
1410 1873 1507 1936 omni-

170 1966 226 2029 bns
249 1971 485 2026 astronomorum
507 1961 604 2024 irrisis
627 1962 885 2041 expeditionibus,
917 1964 1001 2027 elisis
1024 1964 1186 2041 machinis,
1213 1963 1384 2045 profligatis
1412 1962 1509 2045 copiis

168 2052 342 2127 hostilibus,
365 2057 514 2114 secretum
540 2051 656 2132 imperii
686 2051 732 2113 sni
761 2052 876 2114 cunctis
898 2061 978 2116 retro
1001 2055 1112 2117 seculis
1129 2054 1312 2117 custoditum
1327 2052 1509 2134 possederat

169 2160 292 2206 ιοιιιιιι
315 2158 478 2220 conosque
508 2158 578 2202 suos
606 2151 783 2203 exercuerat
804 2140 970 2205 liberrimus
993 2152 1025 2205 et
1045 2143 1338 2223 incircumscriptus:
1363 2149 1399 2206 ut
1413 2159 1506 2223 pm·

169 2233 289 2314 cipuam
318 2229 469 2311 querelam
498 2229 664 2292 instituerit
695 2238 808 2313 mystes
835 2231 886 2293 ille
918 2239 1059 2308 naturae,
1091 2232 1266 2295 Latinorum
1292 2231 1507 2295 celeberrimus

173 2319 209 2385 Ο.
234 2319 368 2383 Plinius.
391 2316 837 2382 Martisinobservabile
865 2319 970 2384 sidus
994 2341 1091 2384 esse.
1499 2364 1503 2379 .

71 2400 76 2411 ’
257 2410 352 2473 Fama
374 2415 433 2483 set,
457 2405 620 2488 Georgium
633 2407 820 2471 Joachimum
843 2408 1054 2486 Rhoticnm,
1078 2419 1197 2492 prmum
1214 2410 1360 2474 memoria
1376 2426 1436 2472 uon
1454 2384 1506 2471 'm-

169 2498 317 2563 celebrem
341 2495 499 2578 Copernici
530 2497 721 2577 discipulum,
753 2507 805 2560 et
800 2497 862 2579 qni
884 2500 1132 2564 restaurationem
1155 2500 1356 2563 astronomiae
1379 2499 1520 2581 primun·

171 2609 262 2653 ausus
284 2588 505 2668 concupiscere,
528 2607 598 2648 mox
620 2606 677 2649 nou
701 2589 877 2667 spernendis
899 2588 1157 2652 observationibus
1172 2599 1204 2652 et
1221 2589 1442 2652 inventionibus
1457 2588 1508 2651 ai-

172 2680 355 2756 ieotarerat,
378 2678 446 2738 dnm
468 2675 498 2738 iu
522 2684 604 2738 motu
627 2677 736 2739 Martis
759 2677 865 2739 haeret
886 2678 1096 2755 mirabundus,
1125 2698 1221 2760 neque
1242 2698 1276 2740 se
1298 2677 1445 2758 explioat,
1466 2676 1518 2747 ad,

171 2766 267 2833 Genii·
293 2766 339 2830 sui
371 2763 527 2828 familiaris
560 2767 710 2828 oraculum
742 2766 930 2846 confugisse,
968 2787 1021 2830 seu
1053 2768 1118 2848 ejus
1149 2767 1346 2832 emditionem
1377 2766 1421 2841 (si
1448 2767 1507 2830 diis

168 2858 285 2941 placet)
308 2856 525 2937 exploraturus,
550 2854 613 2918 sive
636 2856 773 2917 veritatis
795 2855 950 2935 impotenti
973 2856 1135 2932 desiderio,
1159 2865 1250 2938 atque
1271 2857 1320 2920 bic
1339 2874 1508 2937 exaspera·

170 2959 233 3010 tnnr
263 2946 407 3009 immitem
433 2953 606 3024 patronum,
640 2944 798 3025 importuni
830 2945 1027 3009 sciscitatoris
1058 2947 1183 3009 alternis
1221 2945 1365 3026 capillitio
1394 2944 1509 3026 arrepti

169 3044 262 3118 eaput
283 3035 324 3098 ad
344 3033 502 3098 imminens
525 3035 648 3114 laquear
671 3034 834 3110 adflixisse,
858 3035 1021 3117 iterumque
1044 3036 1160 3099 dimissi
1182 3055 1289 3117 corpus
1308 3036 1506 3116 inparimen-

170 3135 233 3190 tnm
255 3124 459 3207 proturbasse,
484 3123 587 3185 addito
610 3142 773 3203 responso:
797 3123 874 3186 hune
897 3144 964 3187 esse
987 3133 1101 3187 motum
1122 3125 1243 3187 Martis.
1275 3127 1371 3188 Fama
1383 3125 1509 3199 malum,

170 3235 227 3299 qno
253 3232 313 3279 non
341 3213 422 3276 alind
445 3211 600 3275 nocentius
627 3212 723 3275 bonae
747 3214 860 3288 ιιιιιις
889 3221 952 3276 tarn
982 3216 1060 3277 enim
1082 3214 1144 3277 ficti
1166 3214 1310 3296 pravique
1332 3223 1426 3277 tenax
1449 3220 1508 3284 est.

170 3324 260 3389 qnam
282 3303 391 3366 nuncia
412 3301 484 3364 veri.
530 3302 599 3364 Non
623 3310 670 3364 ast
693 3312 794 3364 tamen
816 3302 1006 3379 incredibile,
1034 3304 1193 3367 Rbeticunr
1216 3304 1327 3384 ipsum,
1351 3321 1411 3365 non
1436 3316 1520 3364 sncm'

137 3438 141 3445 »
169 3393 353 3458 cedentibus,
385 3389 655 3472 speculationibus,
693 3392 872 3455 conturbato
909 3393 1016 3472 spiritu
1052 3394 1274 3471 qonsnrrexisse
1306 3392 1508 3466 furibundum,

170 3491 318 3565 caputque
359 3481 489 3543 allisisse
522 3480 561 3541 ad
590 3480 741 3559 parietem.
788 3479 868 3552 Quid
890 3482 996 3544 nrimm
1018 3483 1116 3558 enirn,
1144 3482 1171 3544 si
1198 3483 1304 3545 eadem
1332 3480 1509 3545 aeciderunt

169 3572 316 3648 Rhetico,
332 3570 449 3634 llartis
472 3569 678 3650 provocaturi,
707 3591 782 3652 quae
806 3568 935 3634 olimG.
960 3569 1089 3638 Octavio
1111 3574 1250 3652 Augusto
1274 3569 1415 3645 Caesari,
1441 3589 1509 3633 cum

168 3664 243 3727 duee
265 3620 412 3733 Quintilio
435 3659 519 3721 Vero
546 3658 673 3740 quinque
696 3661 829 3741 legiones
847 3660 1045 3741 perdidisset,
1068 3662 1107 3723 ab
1125 3661 1212 3724 hoste
1226 3659 1373 3731 Arminio,
1397 3659 1511 3724 Martia

112 3784 117 3793 ·
170 3751 266 3816 nostri
289 3747 461 3814 Germanici
483 3748 574 3830 pollo,
598 3749 824 3812 circumventas.
1303 3792 1310 3807 .

254 3840 365 3921 Atqui,
397 3845 430 3902 nt
461 3837 502 3900 in
519 3839 628 3901 ceteris
656 3838 803 3942 imperiis,
836 3837 882 3901 sic
908 3839 956 3903 bic
988 3858 1103 3922 quoque
1126 3840 1209 3903 nulla
1230 3857 1263 3902 re
1286 3837 1384 3919 magis
1405 3836 1521 3901 innixa-

170 3928 398 3997 sustentabatur
420 3924 516 4010 bostis
539 3927 635 3990 nostri
657 3928 802 4009 potentia,
828 3947 916 4009 quam
938 3931 1129 4010 persuasione
1153 3938 1185 3991 et
1206 3928 1408 4008 trepidatione
1426 3925 1518 4007 vulgi·

170 4020 339 4086 homiuum:
371 4036 459 4100 qoem
490 4024 680 4082 contemnere
713 4036 830 4097 semper
861 4036 916 4098 ego
948 4019 1027 4081 viam
1059 4019 1098 4081 ad
1120 4018 1279 4082 victoriam
1302 4036 1369 4081 esse
1390 4017 1509 4098 putavi.

170 4110 290 4192 Quippe
317 4126 384 4171 cum
411 4126 509 4170 essem
536 4106 567 4168 in
594 4107 649 4170 hoc
678 4115 803 4171 naturae
832 4107 950 4171 theatro
973 4109 1163 4171 mediocriter
1185 4116 1339 4171 versatus:
1363 4105 1439 4170 illud
1461 4124 1517 4171 ιι-

170 4220 226 4264 ιιι
247 4197 393 4278 magistro
426 4195 566 4258 didicisse
595 4196 813 4278 persuadebat,
844 4216 902 4259 non
930 4199 1053 4261 multum
1075 4197 1203 4272 distare,
1237 4204 1271 4260 ut
1297 4195 1448 4265 hominem
1471 4195 1520 4259 ab.

173 4290 301 4364 bomine,
325 4285 369 4350 ιιι
392 4305 487 4367 neque
511 4285 628 4350 stellam
651 4309 671 4349 a
694 4287 792 4361 stella,
816 4286 934 4349 hostem
957 4288 995 4349 ab
1018 4289 1125 4351 hoste:
1149 4306 1239 4368 qnare
1262 4305 1321 4348 non
1343 4285 1436 4349 facile
1459 4305 1509 4350 re·

172 4361 337 4462 cipiendnm
364 4393 546 4447 sermonem,
575 4377 624 4457 qui
652 4378 689 4439 de
719 4375 818 4457 gentis
846 4377 979 4458 ejusdem
1006 4375 1157 4439 individuo
1180 4396 1237 4439 uuo
1260 4384 1391 4438 temere
1397 4373 1511 4458 aliquid

171 4469 322 4534 insolitum
344 4465 515 4547 sparsisset.

259 4555 410 4660 Imprimis
432 4571 504 4615 vero
528 4552 677 4617 laudanda
699 4554 747 4616 hic
770 4562 818 4615 est
841 4554 1029 4637 Tychouis
1052 4554 1195 4628 Brahe,
1220 4553 1334 4617 ducis'
1326 4573 1356 4616 ιιι
1375 4554 1434 4618 hac
1449 4551 1509 4617 sai·

173 4628 240 4714 litis
262 4647 368 4711 summi
391 4642 565 4723 diligentia3
588 4644 638 4725 qni
658 4643 860 4706 Friderici
881 4644 928 4705 11.
951 4653 983 4705 et
1005 4641 1230 4706 Christiani
1253 4641 1370 4707 Daniae
1378 4642 1507 4747 Regum,

173 4739 353 4819 tandemque
385 4742 418 4796 et
440 4731 496 4796 sas
515 4730 573 4795 cas
590 4733 656 4795 Mur
675 4734 737 4795 vsa
763 4731 923 4813 auspiciis,
953 4749 1029 4811 pene
1057 4732 1205 4796 continuis
1236 4731 1343 4813 viginti
1367 4726 1522 4796 annor'm

53 4872 59 4884 .
173 4826 319 4906 noodbns,
338 4836 441 4891 omnes
463 4821 549 4886 nobis
571 4820 667 4887 bostis
690 4822 778 4904 hujus
800 4820 1221 4905 eonsuetudinesexploravit,
1243 4841 1366 4888 omnem·
1383 4821 1523 4890 nilit'nt·
