3354 5504
489 472 701 557 Respondet
724 484 857 540 auctor
879 476 1024 560 Operis.
1091 504 1094 508 ·
1130 443 1134 452 ι

404 605 426 659 0
448 604 558 675 fulgens
578 620 681 674 genere
702 610 731 659 et
751 605 831 660 celsis
853 606 993 660 natalibus
1014 606 1105 672 heros,

349 685 399 739 Cui
419 691 496 738 certa
517 690 582 738 aute
603 685 672 739 alios
693 684 775 740 animi
796 686 924 741 coelestis
946 686 1023 758 origo

347 767 386 820 Et
405 770 549 835 praestare
570 766 645 819 dedit
664 765 746 821 laetis
766 768 928 821 attendere
948 773 1032 821 cantu

348 848 523 916 Hortatuque
543 863 641 900 novam
661 846 839 901 morientibus
860 849 960 903 addere
981 846 1083 903 vitam:

351 926 419 987 Quid
440 926 575 997 trepidum
596 925 700 996 optatis
721 934 750 980 et
769 934 851 982 tanta
871 927 996 981 incendia
1016 929 1115 983 dudum

348 1006 538 1061 Nutricantem
559 1006 677 1063 animum
698 1008 811 1062 flammis
832 1015 968 1079 ventoque
990 1007 1117 1081 fatigas?

349 1088 420 1141 Nam
441 1086 562 1156 quamvis
584 1094 665 1141 tanta
685 1104 756 1153 orsa,
777 1105 853 1143 meas
874 1088 1036 1159 superantia
1052 1089 1136 1161 pires,

343 1169 410 1222 'Non
429 1168 498 1221 alios
519 1175 644 1237 poseant,
667 1184 747 1239 quam
768 1168 823 1223 fert
843 1176 893 1223 tua
912 1170 1000 1233 Musa,
1022 1169 1180 1242 magistros,

349 1247 545 1319 Ingeniumque
566 1249 655 1302 animo
676 1249 763 1303 minus
784 1248 949 1321 ingenioque
969 1250 1089 1304 lacertos

350 1328 484 1381 Nascendi
505 1328 569 1381 mihi
590 1328 654 1400 lege
676 1329 751 1383 dedit
771 1338 888 1385 naturae
910 1330 1038 1384 Sororum

350 1409 431 1464 Nona
450 1414 542 1462 tamen
563 1409 661 1463 Dium
681 1410 773 1464 coeli
795 1410 984 1480 inspiravit
1005 1427 1159 1465 amorem.

402 1534 485 1588 Dirus
506 1551 582 1588 amor
603 1536 665 1606 quid
686 1553 739 1589 nou
760 1536 889 1593 mortalia
908 1541 1023 1606 pectora
1042 1535 1137 1606 cogit?

349 1616 398 1667 llle
418 1615 483 1668 mihi
504 1614 653 1686 ingenium,
674 1616 780 1670 validos
801 1617 876 1671 dedit
894 1617 944 1671 ille
965 1617 1092 1679 lacertos,

349 1695 403 1765 Spe
424 1713 478 1749 non
498 1712 589 1767 aequa
610 1696 742 1752 animans.
782 1697 836 1751 Sed
857 1698 928 1752 enim
948 1695 1063 1751 Junouis
1078 1695 1195 1767 iniquae

349 1776 499 1830 Scindimur
520 1777 593 1831 haud
615 1793 703 1847 aequo
724 1777 816 1831 studia
836 1778 863 1831 iu
885 1778 1023 1832 contraria
1043 1778 1123 1831 vultu

349 1857 442 1925 Tuque
464 1864 494 1909 et
513 1859 593 1928 Ego:
615 1858 676 1912 Tibi
696 1858 805 1912 virtutis
827 1859 902 1912 dedit
922 1858 972 1912 illa
992 1858 1124 1911 colendae

349 1937 511 1998 Materiem3
533 1938 598 1991 mihi
618 1941 688 1991 dura
707 1946 812 2009 negat:
833 1939 905 1993 redit
925 1946 1002 1992 astus
1023 1939 1135 2000 eodem;

349 2017 496 2071 Aethereis
517 2034 611 2072 meere
632 2019 699 2073 locis
720 2020 847 2090 furtoque
868 2019 1026 2073 Promethei

348 2097 549 2162 Extimulsnte,
571 2115 663 2153 sacros
685 2100 821 2154 custodire
842 2099 945 2154 arctius
966 2100 1055 2170 ignes.

348 2178 424 2249 Ergo
445 2178 543 2248 opibus
565 2186 593 2233 te
615 2181 697 2251 larga
717 2188 826 2251 gravat,
849 2180 959 2251 fulgore
981 2178 1088 2233 metalli

348 2258 542 2330 Perstringens
565 2260 665 2325 oculos,
687 2268 719 2314 ut
739 2261 795 2314 sint
815 2262 851 2314 ad
871 2260 974 2314 lumina
994 2274 1095 2330 segnes

349 2338 466 2402 Coelica,
488 2341 687 2410 purpureisque
708 2346 805 2410 optent
826 2341 994 2412 sejungere
1015 2337 1130 2410 pompis,

352 2420 426 2481 Quas
447 2420 571 2492 sequitur
591 2421 707 2475 blandus
728 2421 871 2491 popularis
893 2421 989 2475 sibilus
1010 2434 1113 2481 aurae3

350 2500 545 2572 infandumque
566 2502 683 2556 minetur
703 2502 759 2556 fors
781 2509 919 2556 contemta
939 2502 1067 2556 dolorem.

402 2626 495 2679 Macte
516 2625 605 2680 animo
626 2626 690 2682 forti
711 2625 798 2681 victor
817 2627 961 2698 Diraeque
982 2625 1172 2696 hominumque

349 2707 527 2774 effectusque
547 2707 604 2760 tui:
627 2706 673 2779 qui
693 2723 763 2778 quae
784 2708 900 2763 rationis
922 2707 1010 2762 ocello

350 2788 515 2840 Allectanda
535 2788 644 2856 probas,
667 2804 736 2842 ausu
757 2796 902 2843 constante
924 2793 1043 2849 secutus,

350 2871 376 2921 Δ
396 2874 477 2936 patre
499 2869 672 2922 transmissos
693 2868 808 2938 potuisti
828 2887 959 2940 spernere
980 2883 1086 2920 census.

351 2948 454 3001 Desine
475 2949 509 3001 ad
530 2948 600 3002 hauc
621 2947 726 3018 privam
747 2950 834 3003 socios
856 2966 996 3004 accersere
1017 2947 1135 3008 laudem,

349 3029 496 3098 Verbaque
516 3028 670 3082 fluminibus
691 3029 856 3084 inscribere:
878 3031 939 3084 Non
960 3030 1039 3091 bene,
1060 3026 1148 3079 virtus

351 3109 482 3179 Gaaaque
503 3110 685 3171 conveniunt3
707 3109 813 3165 distant
832 3111 947 3165 immane
967 3109 1102 3179 polusque

349 3190 497 3260 Terraque,
519 3197 549 3244 et
570 3189 684 3244 alterius
706 3190 775 3244 levis
796 3199 840 3245 est
860 3198 1001 3262 respectus
1022 3188 1051 3242 in
1071 3203 1133 3242 uno.

402 3305 501 3376 Meque
523 3306 591 3359 adeo
613 3312 765 3374 aspernata
785 3307 942 3360 immensum
962 3302 1058 3362 invidit
1078 3302 1208 3356 honorem

349 3385 423 3439 Diva
443 3391 556 3455 potens:
578 3386 760 3456 brevibusque
781 3386 907 3459 ingentia
927 3393 993 3439 rota
1014 3390 1157 3438 coarctans

348 3465 501 3529 Limitibus‚
523 3467 590 3519 nihil
613 3467 733 3530 indulsit,
756 3471 826 3537 quod
848 3484 977 3537 spernere
998 3480 1106 3537 possem

349 3547 434 3600 Musis
454 3547 646 3617 postpositum,
669 3555 719 3600 aut
740 3554 876 3602 astrorum
897 3563 1036 3619 opponere
1057 3560 1154 3598 curae:

349 3627 540 3697 vicissentque
562 3627 624 3682 odia
646 3635 729 3698 atque
751 3628 824 3681 ausis
846 3628 1005 3700 ingentibus
1027 3625 1147 3688 obstent,

348 3708 544 3779 Ingeniumque
563 3714 663 3778 potens
685 3725 799 3777 superas
820 3710 939 3763 volitare
960 3725 1010 3779 per
1031 3720 1108 3758 arces

350 3788 445 3841 lnvida
464 3788 539 3842 humi
560 3796 698 3858 premeret
717 3789 904 3843 Rhamnusia:
927 3806 969 3843 me
990 3785 1043 3842 uisi
1063 3784 1148 3854 primo

349 3869 379 3922 In
400 3869 473 3922 bivio
494 3869 577 3932 vitae,
600 3870 737 3923 coelorum
758 3886 862 3924 arcana
882 3868 996 3924 canendi

347 3948 542 4004 Praevenisset
562 3966 645 4013 amor,
667 3956 718 4002 tua
738 3967 790 4019 per
809 3950 931 4021 vestigia
951 3964 1086 4021 gressum.

400 4066 477 4137 Ergo
498 4065 587 4119 animo
609 4067 729 4121 lustrans
752 4067 832 4121 tritos
853 4066 994 4120 erronibus
1016 4064 1105 4127 orbes,

350 4147 538 4216 Immauesque
559 4147 646 4201 minas
668 4154 697 4200 et
716 4147 856 4215 hiantibus
878 4145 1032 4202 intervallis

349 4227 460 4281 Moenia
480 4244 530 4279 nec
550 4228 647 4297 positis
669 4229 758 4282 mundi
779 4228 886 4282 ruitura
906 4226 1055 4288 columnis;
1107 4278 1111 4289 ,

348 4310 420 4363 Dum
441 4324 540 4362 causas
560 4326 617 4362 nox
638 4316 702 4363 atra
721 4309 822 4379 premit
842 4324 991 4378 securaque
1012 4306 1071 4360 veri

349 4390 470 4442 Pruteno
491 4389 617 4443 indormit
637 4389 794 4459 sapientum
815 4391 898 4444 turba
917 4387 1069 4460 magistro:

347 4469 505 4541 Aggredior
525 4471 609 4523 fidens
631 4469 706 4524 oneri
728 4472 871 4523 succedere
892 4475 979 4532 tantu,

349 4551 387 4603 Et
407 4549 566 4604 stabilire
587 4551 682 4603 novis
704 4550 794 4604 coeli
815 4547 998 4620 laquearia
1018 4546 1210 4605 transtris;

349 4629 493 4685 Materiam
513 4630 619 4685 Samius
641 4631 782 4694 famosam,
804 4630 920 4701 quinque
941 4630 1054 4701 figuras,

349 4711 477 4765 Euclides
498 4728 626 4773 normam,
649 4718 766 4765 mentem
786 4711 861 4764 dedit
880 4711 986 4783 inclyta
1002 4709 1113 4767 Pallas;

351 4791 451 4846 Uranie
470 4791 644 4862 ingeminans
665 4810 718 4846 uon
739 4809 793 4845 uno
812 4791 964 4862 interprete
984 4792 1099 4862 plausus

349 4869 475 4928 Acciuuit
491 4872 638 4939 celebrem,
661 4888 788 4933 successu
806 4872 893 4939 laeta,
916 4871 1090 4943 triumphum.
