<?xml version="1.0" encoding="UTF-8"?>
<!DOCTYPE html PUBLIC "-//W3C//DTD XHTML 1.0 Transitional//EN"
    "http://www.w3.org/TR/xhtml1/DTD/xhtml1-transitional.dtd">
<html xmlns="http://www.w3.org/1999/xhtml" xml:lang="en" lang="en">
 <head>
  <title>
</title>
<meta http-equiv="Content-Type" content="text/html;charset=utf-8" />
  <meta name='ocr-system' content='tesseract 3.04.00' />
  <meta name='ocr-capabilities' content='ocr_page ocr_carea ocr_par ocr_line ocrx_word'/>
</head>
<body>
  <div class='ocr_page' id='page_1' title='image "./joanniskepleria14frisgoog_0348.png"; bbox 0 0 3354 5504; ppageno 0'>
   <div class='ocr_carea' id='block_1_1' title="bbox 167 274 1028 357">
    <p class='ocr_par' dir='ltr' id='par_1_1' title="bbox 167 274 1028 357">
     <span class='ocr_line' id='line_1_1' title="bbox 167 274 1028 357; baseline 0.003 -26"><span class='ocrx_word' id='word_1_1' title='bbox 167 274 232 348; x_wconf 75' lang='grc'>344</span> <span class='ocrx_word' id='word_1_2' title='bbox 641 278 681 333; x_wconf 76' lang='lat' dir='ltr'>ns</span> <span class='ocrx_word' id='word_1_3' title='bbox 699 278 809 332; x_wconf 74' lang='lat' dir='ltr'>uorsa</span> <span class='ocrx_word' id='word_1_4' title='bbox 828 280 922 357; x_wconf 59' lang='lat' dir='ltr'>squas</span> <span class='ocrx_word' id='word_1_5' title='bbox 939 279 1028 334; x_wconf 72' lang='lat' dir='ltr'>sisa</span> 
     </span>
    </p>
   </div>
   <div class='ocr_carea' id='block_1_2' title="bbox 154 456 1513 1432">
    <p class='ocr_par' dir='ltr' id='par_1_2' title="bbox 154 456 1513 896">
     <span class='ocr_line' id='line_1_2' title="bbox 154 456 1512 549; baseline 0.003 -32"><span class='ocrx_word' id='word_1_6' title='bbox 154 459 225 536; x_wconf 89' lang='lat' dir='ltr'>los,</span> <span class='ocrx_word' id='word_1_7' title='bbox 257 458 482 549; x_wconf 28' lang='lat' dir='ltr'>etmsectionum</span> <span class='ocrx_word' id='word_1_8' title='bbox 511 457 629 538; x_wconf 86' lang='lat' dir='ltr'>punctis</span> <span class='ocrx_word' id='word_1_9' title='bbox 657 459 825 539; x_wconf 86' lang='lat' dir='ltr'>intelligere</span> <span class='ocrx_word' id='word_1_10' title='bbox 854 458 1055 523; x_wconf 86' lang='lat' dir='ltr'>determinata</span> <span class='ocrx_word' id='word_1_11' title='bbox 1082 456 1152 521; x_wconf 88' lang='lat' dir='ltr'>loca</span> <span class='ocrx_word' id='word_1_12' title='bbox 1177 466 1209 522; x_wconf 92' lang='lat' dir='ltr'>et</span> <span class='ocrx_word' id='word_1_13' title='bbox 1239 457 1316 523; x_wconf 75' lang='lat' dir='ltr'>titus</span> <span class='ocrx_word' id='word_1_14' title='bbox 1346 458 1512 523; x_wconf 78' lang='lat' dir='ltr'>distantia-</span> 
     </span>
     <span class='ocr_line' id='line_1_3' title="bbox 164 546 1513 630; baseline 0.001 -19"><span class='ocrx_word' id='word_1_15' title='bbox 164 569 238 611; x_wconf 88' lang='lat' dir='ltr'>rum.</span> <span class='ocrx_word' id='word_1_16' title='bbox 273 547 496 630; x_wconf 85' lang='lat' dir='ltr'>Respondetur,</span> <span class='ocrx_word' id='word_1_17' title='bbox 520 548 597 627; x_wconf 93' lang='lat' dir='ltr'>quod</span> <span class='ocrx_word' id='word_1_18' title='bbox 621 567 689 611; x_wconf 92' lang='lat' dir='ltr'>non.</span> <span class='ocrx_word' id='word_1_19' title='bbox 729 549 922 610; x_wconf 89' lang='lat' dir='ltr'>Peccabimus</span> <span class='ocrx_word' id='word_1_20' title='bbox 946 549 1023 610; x_wconf 87' lang='lat' dir='ltr'>enim</span> <span class='ocrx_word' id='word_1_21' title='bbox 1042 546 1201 629; x_wconf 72' lang='lat' dir='ltr'>hocb&#39;acto</span> <span class='ocrx_word' id='word_1_22' title='bbox 1224 550 1369 623; x_wconf 91' lang='lat' dir='ltr'>nonnihil,</span> <span class='ocrx_word' id='word_1_23' title='bbox 1394 548 1513 612; x_wconf 80' lang='lat' dir='ltr'>distau-</span> 
     </span>
     <span class='ocr_line' id='line_1_4' title="bbox 165 637 1513 720; baseline 0.001 -21"><span class='ocrx_word' id='word_1_24' title='bbox 165 638 226 700; x_wconf 89' lang='lat' dir='ltr'>tias</span> <span class='ocrx_word' id='word_1_25' title='bbox 250 637 336 699; x_wconf 89' lang='lat' dir='ltr'>nimis</span> <span class='ocrx_word' id='word_1_26' title='bbox 361 639 422 700; x_wconf 89' lang='lat' dir='ltr'>alte</span> <span class='ocrx_word' id='word_1_27' title='bbox 451 655 567 698; x_wconf 86' lang='lat' dir='ltr'>sursum</span> <span class='ocrx_word' id='word_1_28' title='bbox 591 639 819 712; x_wconf 81' lang='lat' dir='ltr'>transferentes,</span> <span class='ocrx_word' id='word_1_29' title='bbox 844 646 878 699; x_wconf 86' lang='lat' dir='ltr'>ut</span> <span class='ocrx_word' id='word_1_30' title='bbox 901 640 989 700; x_wconf 81' lang='lat' dir='ltr'>facile</span> <span class='ocrx_word' id='word_1_31' title='bbox 1019 647 1145 716; x_wconf 88' lang='lat' dir='ltr'>apparet</span> <span class='ocrx_word' id='word_1_32' title='bbox 1169 658 1206 699; x_wconf 83' lang='lat' dir='ltr'>ex</span> <span class='ocrx_word' id='word_1_33' title='bbox 1229 638 1383 702; x_wconf 88' lang='lat' dir='ltr'>schemate</span> <span class='ocrx_word' id='word_1_34' title='bbox 1406 646 1513 720; x_wconf 75' lang='lat' dir='ltr'>poste·</span> 
     </span>
     <span class='ocr_line' id='line_1_5' title="bbox 163 725 1513 811; baseline 0 -22"><span class='ocrx_word' id='word_1_35' title='bbox 163 729 253 792; x_wconf 89' lang='lat' dir='ltr'>riore.</span> <span class='ocrx_word' id='word_1_36' title='bbox 300 725 427 806; x_wconf 84' lang='lat' dir='ltr'>Semper</span> <span class='ocrx_word' id='word_1_37' title='bbox 458 727 536 787; x_wconf 89' lang='lat' dir='ltr'>enim</span> <span class='ocrx_word' id='word_1_38' title='bbox 566 727 594 787; x_wconf 93' lang='lat' dir='ltr'>in</span> <span class='ocrx_word' id='word_1_39' title='bbox 619 746 654 786; x_wconf 89' lang='lat' dir='ltr'>eo</span> <span class='ocrx_word' id='word_1_40' title='bbox 680 728 757 788; x_wconf 86' lang='lat' dir='ltr'>linea</span> <span class='ocrx_word' id='word_1_41' title='bbox 781 728 854 801; x_wconf 87' lang='lat' dir='ltr'>All,</span> <span class='ocrx_word' id='word_1_42' title='bbox 884 747 972 788; x_wconf 88' lang='lat' dir='ltr'>veras</span> <span class='ocrx_word' id='word_1_43' title='bbox 1005 728 1167 789; x_wconf 79' lang='lat' dir='ltr'>distantias</span> <span class='ocrx_word' id='word_1_44' title='bbox 1192 728 1248 790; x_wconf 82' lang='lat' dir='ltr'>AF</span> <span class='ocrx_word' id='word_1_45' title='bbox 1271 729 1442 811; x_wconf 73' lang='lat' dir='ltr'>excipiens3</span> <span class='ocrx_word' id='word_1_46' title='bbox 1466 734 1513 791; x_wconf 86' lang='lat' dir='ltr'>est</span> 
     </span>
     <span class='ocr_line' id='line_1_6' title="bbox 164 815 1257 896; baseline 0.002 -19"><span class='ocrx_word' id='word_1_47' title='bbox 164 815 286 879; x_wconf 83' lang='lat' dir='ltr'>inferior</span> <span class='ocrx_word' id='word_1_48' title='bbox 309 817 388 877; x_wconf 86' lang='lat' dir='ltr'>linea</span> <span class='ocrx_word' id='word_1_49' title='bbox 410 815 482 890; x_wconf 91' lang='lat' dir='ltr'>DH,</span> <span class='ocrx_word' id='word_1_50' title='bbox 508 834 545 875; x_wconf 83' lang='lat' dir='ltr'>ex</span> <span class='ocrx_word' id='word_1_51' title='bbox 568 824 677 894; x_wconf 90' lang='lat' dir='ltr'>puncto</span> <span class='ocrx_word' id='word_1_52' title='bbox 702 818 875 896; x_wconf 90' lang='lat' dir='ltr'>aequaturio</span> <span class='ocrx_word' id='word_1_53' title='bbox 895 817 923 877; x_wconf 88' lang='lat' dir='ltr'>D</span> <span class='ocrx_word' id='word_1_54' title='bbox 946 816 1093 896; x_wconf 87' lang='lat' dir='ltr'>parallola</span> <span class='ocrx_word' id='word_1_55' title='bbox 1115 818 1172 896; x_wconf 93' lang='lat' dir='ltr'>ipsi</span> <span class='ocrx_word' id='word_1_56' title='bbox 1195 817 1257 879; x_wconf 80' lang='lat' dir='ltr'>BF.</span> 
     </span>
    </p>

    <p class='ocr_par' dir='ltr' id='par_1_3' title="bbox 162 890 1512 1432">
     <span class='ocr_line' id='line_1_7' title="bbox 253 890 1511 987; baseline 0 -20"><span class='ocrx_word' id='word_1_57' title='bbox 253 903 435 986; x_wconf 85' lang='lat' dir='ltr'>Quocunque</span> <span class='ocrx_word' id='word_1_58' title='bbox 466 904 610 966; x_wconf 87' lang='lat' dir='ltr'>dictomm</span> <span class='ocrx_word' id='word_1_59' title='bbox 639 907 790 967; x_wconf 91' lang='lat' dir='ltr'>modorum</span> <span class='ocrx_word' id='word_1_60' title='bbox 823 906 987 968; x_wconf 79' lang='lat' dir='ltr'>delineatur</span> <span class='ocrx_word' id='word_1_61' title='bbox 1011 906 1089 966; x_wconf 92' lang='lat' dir='ltr'>linea</span> <span class='ocrx_word' id='word_1_62' title='bbox 1113 925 1219 984; x_wconf 90' lang='lat' dir='ltr'>corpus</span> <span class='ocrx_word' id='word_1_63' title='bbox 1243 907 1386 986; x_wconf 83' lang='lat' dir='ltr'>planetae</span> <span class='ocrx_word' id='word_1_64' title='bbox 1409 890 1511 987; x_wconf 61' lang='lat' dir='ltr'>polsi·</span> 
     </span>
     <span class='ocr_line' id='line_1_8' title="bbox 164 993 1510 1075; baseline 0 -19"><span class='ocrx_word' id='word_1_65' title='bbox 164 996 248 1071; x_wconf 88' lang='lat' dir='ltr'>deus,</span> <span class='ocrx_word' id='word_1_66' title='bbox 273 994 405 1074; x_wconf 89' lang='lat' dir='ltr'>seqnitur</span> <span class='ocrx_word' id='word_1_67' title='bbox 426 994 504 1073; x_wconf 89' lang='lat' dir='ltr'>jam,</span> <span class='ocrx_word' id='word_1_68' title='bbox 527 993 607 1055; x_wconf 85' lang='lat' dir='ltr'>viam</span> <span class='ocrx_word' id='word_1_69' title='bbox 621 995 707 1068; x_wconf 90' lang='lat' dir='ltr'>hanc,</span> <span class='ocrx_word' id='word_1_70' title='bbox 731 996 850 1073; x_wconf 90' lang='lat' dir='ltr'>punctis</span> <span class='ocrx_word' id='word_1_71' title='bbox 874 1001 900 1067; x_wconf 82' lang='grc' dir='ltr'>δ,</span> <span class='ocrx_word' id='word_1_72' title='bbox 919 1019 949 1071; x_wconf 83' lang='grc' dir='ltr'>μ,</span> <span class='ocrx_word' id='word_1_73' title='bbox 965 1018 989 1069; x_wconf 78' lang='lat' dir='ltr'>s,</span> <span class='ocrx_word' id='word_1_74' title='bbox 1007 1017 1034 1069; x_wconf 90' lang='lat' dir='ltr'>o,</span> <span class='ocrx_word' id='word_1_75' title='bbox 1047 1015 1077 1070; x_wconf 76' lang='lat' dir='ltr'>rr,</span> <span class='ocrx_word' id='word_1_76' title='bbox 1093 1018 1120 1074; x_wconf 85' lang='lat' dir='ltr'>p,</span> <span class='ocrx_word' id='word_1_77' title='bbox 1141 995 1334 1075; x_wconf 80' lang='lat' dir='ltr'>lsignatam,</span> <span class='ocrx_word' id='word_1_78' title='bbox 1357 1013 1431 1058; x_wconf 86' lang='lat' dir='ltr'>vere</span> <span class='ocrx_word' id='word_1_79' title='bbox 1445 1012 1510 1056; x_wconf 83' lang='lat' dir='ltr'>asse</span> 
     </span>
     <span class='ocr_line' id='line_1_9' title="bbox 163 1081 1512 1163; baseline 0.001 -19"><span class='ocrx_word' id='word_1_80' title='bbox 163 1085 279 1145; x_wconf 88' lang='lat' dir='ltr'>ovalem</span> <span class='ocrx_word' id='word_1_81' title='bbox 306 1102 366 1145; x_wconf 93' lang='lat' dir='ltr'>non</span> <span class='ocrx_word' id='word_1_82' title='bbox 393 1084 573 1163; x_wconf 89' lang='lat' dir='ltr'>ellipticam,</span> <span class='ocrx_word' id='word_1_83' title='bbox 605 1084 651 1144; x_wconf 88' lang='lat' dir='ltr'>cui</span> <span class='ocrx_word' id='word_1_84' title='bbox 681 1085 844 1145; x_wconf 81' lang='lat' dir='ltr'>mechanici</span> <span class='ocrx_word' id='word_1_85' title='bbox 873 1103 978 1145; x_wconf 92' lang='lat' dir='ltr'>nomen</span> <span class='ocrx_word' id='word_1_86' title='bbox 1007 1084 1044 1145; x_wconf 91' lang='lat' dir='ltr'>ab</span> <span class='ocrx_word' id='word_1_87' title='bbox 1075 1103 1131 1146; x_wconf 90' lang='lat' dir='ltr'>ovo</span> <span class='ocrx_word' id='word_1_88' title='bbox 1164 1104 1201 1145; x_wconf 83' lang='lat' dir='ltr'>ex</span> <span class='ocrx_word' id='word_1_89' title='bbox 1233 1085 1328 1147; x_wconf 89' lang='lat' dir='ltr'>abusu</span> <span class='ocrx_word' id='word_1_90' title='bbox 1361 1081 1512 1147; x_wconf 87' lang='lat' dir='ltr'>collocant</span> 
     </span>
     <span class='ocr_line' id='line_1_10' title="bbox 163 1170 1510 1254; baseline -0.004 -16"><span class='ocrx_word' id='word_1_91' title='bbox 163 1178 326 1254; x_wconf 86' lang='lat' dir='ltr'>(Durerus).</span> <span class='ocrx_word' id='word_1_92' title='bbox 373 1170 470 1235; x_wconf 89' lang='lat' dir='ltr'>Ovum</span> <span class='ocrx_word' id='word_1_93' title='bbox 495 1173 573 1233; x_wconf 87' lang='lat' dir='ltr'>euim</span> <span class='ocrx_word' id='word_1_94' title='bbox 597 1173 711 1234; x_wconf 90' lang='lat' dir='ltr'>duobus</span> <span class='ocrx_word' id='word_1_95' title='bbox 734 1174 918 1234; x_wconf 89' lang='lat' dir='ltr'>turbinatum</span> <span class='ocrx_word' id='word_1_96' title='bbox 934 1174 1107 1248; x_wconf 88' lang='lat' dir='ltr'>verticibus,</span> <span class='ocrx_word' id='word_1_97' title='bbox 1127 1174 1223 1236; x_wconf 88' lang='lat' dir='ltr'>altero</span> <span class='ocrx_word' id='word_1_98' title='bbox 1239 1182 1340 1236; x_wconf 86' lang='lat' dir='ltr'>tamen</span> <span class='ocrx_word' id='word_1_99' title='bbox 1356 1172 1510 1247; x_wconf 87' lang='lat' dir='ltr'>obtusiori,</span> 
     </span>
     <span class='ocr_line' id='line_1_11' title="bbox 163 1261 1509 1344; baseline -0.001 -20"><span class='ocrx_word' id='word_1_100' title='bbox 163 1264 259 1325; x_wconf 89' lang='lat' dir='ltr'>altero</span> <span class='ocrx_word' id='word_1_101' title='bbox 292 1261 430 1336; x_wconf 89' lang='lat' dir='ltr'>acutiori,</span> <span class='ocrx_word' id='word_1_102' title='bbox 463 1270 494 1322; x_wconf 89' lang='lat' dir='ltr'>et</span> <span class='ocrx_word' id='word_1_103' title='bbox 521 1262 664 1323; x_wconf 88' lang='lat' dir='ltr'>lateribus</span> <span class='ocrx_word' id='word_1_104' title='bbox 694 1262 846 1324; x_wconf 90' lang='lat' dir='ltr'>inclinatis</span> <span class='ocrx_word' id='word_1_105' title='bbox 879 1265 1018 1325; x_wconf 87' lang='lat' dir='ltr'>cernitur.</span> <span class='ocrx_word' id='word_1_106' title='bbox 1069 1263 1172 1325; x_wconf 83' lang='lat' dir='ltr'>Talem</span> <span class='ocrx_word' id='word_1_107' title='bbox 1205 1264 1329 1344; x_wconf 83' lang='lat' dir='ltr'>liguram</span> <span class='ocrx_word' id='word_1_108' title='bbox 1357 1263 1426 1326; x_wconf 87' lang='lat' dir='ltr'>dico</span> <span class='ocrx_word' id='word_1_109' title='bbox 1458 1280 1509 1324; x_wconf 86' lang='lat' dir='ltr'>noa</span> 
     </span>
     <span class='ocr_line' id='line_1_12' title="bbox 162 1351 1510 1432; baseline -0.001 -18"><span class='ocrx_word' id='word_1_110' title='bbox 162 1372 293 1416; x_wconf 88' lang='lat' dir='ltr'>creasse.</span> <span class='ocrx_word' id='word_1_111' title='bbox 347 1353 426 1413; x_wconf 89' lang='lat' dir='ltr'>Nam</span> <span class='ocrx_word' id='word_1_112' title='bbox 453 1352 522 1432; x_wconf 89' lang='lat' dir='ltr'>quia</span> <span class='ocrx_word' id='word_1_113' title='bbox 554 1351 676 1431; x_wconf 89' lang='lat' dir='ltr'>planeta</span> <span class='ocrx_word' id='word_1_114' title='bbox 705 1352 734 1411; x_wconf 92' lang='lat' dir='ltr'>iu</span> <span class='ocrx_word' id='word_1_115' title='bbox 763 1355 780 1412; x_wconf 83' lang='grc' dir='ltr'><strong><em>λ</em></strong></span> <span class='ocrx_word' id='word_1_116' title='bbox 809 1351 888 1413; x_wconf 88' lang='lat' dir='ltr'>celer</span> <span class='ocrx_word' id='word_1_117' title='bbox 916 1361 982 1427; x_wconf 91' lang='lat' dir='ltr'>est,</span> <span class='ocrx_word' id='word_1_118' title='bbox 1011 1352 1040 1413; x_wconf 92' lang='lat' dir='ltr'>iu</span> <span class='ocrx_word' id='word_1_119' title='bbox 1064 1357 1082 1412; x_wconf 85' lang='lat' dir='ltr'>d</span> <span class='ocrx_word' id='word_1_120' title='bbox 1103 1353 1225 1427; x_wconf 88' lang='lat' dir='ltr'>tardus,</span> <span class='ocrx_word' id='word_1_121' title='bbox 1256 1361 1287 1414; x_wconf 91' lang='lat' dir='ltr'>et</span> <span class='ocrx_word' id='word_1_122' title='bbox 1310 1353 1409 1415; x_wconf 87' lang='lat' dir='ltr'>minus</span> <span class='ocrx_word' id='word_1_123' title='bbox 1431 1351 1510 1414; x_wconf 79' lang='lat' dir='ltr'>celer</span> 
     </span>
    </p>
   </div>
   <div class='ocr_carea' id='block_1_3' title="bbox 76 1441 1508 1521">
    <p class='ocr_par' dir='ltr' id='par_1_4' title="bbox 76 1441 1508 1521">
     <span class='ocr_line' id='line_1_13' title="bbox 76 1441 1508 1521; baseline 0.001 -18"><span class='ocrx_word' id='word_1_124' title='bbox 76 1506 78 1511; x_wconf 74' lang='grc'>,</span> <span class='ocrx_word' id='word_1_125' title='bbox 163 1442 224 1503; x_wconf 94' lang='lat' dir='ltr'>illic</span> <span class='ocrx_word' id='word_1_126' title='bbox 252 1460 340 1521; x_wconf 91' lang='lat' dir='ltr'>qnam</span> <span class='ocrx_word' id='word_1_127' title='bbox 364 1441 412 1502; x_wconf 92' lang='lat' dir='ltr'>hic</span> <span class='ocrx_word' id='word_1_128' title='bbox 441 1441 561 1515; x_wconf 86' lang='lat' dir='ltr'>tardus,</span> <span class='ocrx_word' id='word_1_129' title='bbox 590 1459 626 1500; x_wconf 88' lang='lat' dir='ltr'>eo</span> <span class='ocrx_word' id='word_1_130' title='bbox 659 1442 734 1521; x_wconf 91' lang='lat' dir='ltr'>quod</span> <span class='ocrx_word' id='word_1_131' title='bbox 766 1442 918 1521; x_wconf 80' lang='lat' dir='ltr'>longarum</span> <span class='ocrx_word' id='word_1_132' title='bbox 943 1441 1153 1503; x_wconf 84' lang='lat' dir='ltr'>distantiarum</span> <span class='ocrx_word' id='word_1_133' title='bbox 1177 1441 1433 1504; x_wconf 87' lang='lat' dir='ltr'>semidiametrum</span> <span class='ocrx_word' id='word_1_134' title='bbox 1456 1459 1508 1503; x_wconf 81' lang='lat' dir='ltr'>ex·</span> 
     </span>
    </p>
   </div>
   <div class='ocr_carea' id='block_1_4' title="bbox 159 1518 1534 3633">
    <p class='ocr_par' dir='ltr' id='par_1_5' title="bbox 159 1518 1534 3633">
     <span class='ocr_line' id='line_1_14' title="bbox 163 1518 1508 1612; baseline -0.001 -19"><span class='ocrx_word' id='word_1_135' title='bbox 163 1531 332 1593; x_wconf 87' lang='lat' dir='ltr'>cedentium</span> <span class='ocrx_word' id='word_1_136' title='bbox 359 1531 460 1608; x_wconf 91' lang='lat' dir='ltr'>plures</span> <span class='ocrx_word' id='word_1_137' title='bbox 488 1530 550 1591; x_wconf 90' lang='lat' dir='ltr'>sint</span> <span class='ocrx_word' id='word_1_138' title='bbox 573 1549 659 1610; x_wconf 89' lang='lat' dir='ltr'>quam</span> <span class='ocrx_word' id='word_1_139' title='bbox 684 1529 816 1590; x_wconf 82' lang='lat' dir='ltr'>brevium</span> <span class='ocrx_word' id='word_1_140' title='bbox 841 1518 923 1604; x_wconf 71' lang='lat' dir='ltr'>(il&#39;am</span> <span class='ocrx_word' id='word_1_141' title='bbox 947 1549 1039 1610; x_wconf 91' lang='lat' dir='ltr'>usque</span> <span class='ocrx_word' id='word_1_142' title='bbox 1063 1531 1101 1591; x_wconf 91' lang='lat' dir='ltr'>ad</span> <span class='ocrx_word' id='word_1_143' title='bbox 1125 1524 1232 1612; x_wconf 48' lang='lat' dir='ltr'>92²!st</span> <span class='ocrx_word' id='word_1_144' title='bbox 1254 1526 1406 1610; x_wconf 70' lang='lat' dir='ltr'>longiores</span> <span class='ocrx_word' id='word_1_145' title='bbox 1426 1537 1508 1603; x_wconf 72' lang='lat' dir='ltr'>suut:</span> 
     </span>
     <span class='ocr_line' id='line_1_15' title="bbox 161 1613 1507 1700; baseline -0.001 -18"><span class='ocrx_word' id='word_1_146' title='bbox 161 1621 230 1682; x_wconf 87' lang='lat' dir='ltr'>inde</span> <span class='ocrx_word' id='word_1_147' title='bbox 253 1639 307 1698; x_wconf 91' lang='lat' dir='ltr'>per</span> <span class='ocrx_word' id='word_1_148' title='bbox 329 1613 435 1700; x_wconf 47' lang='grc' dir='ltr'>8711,ο</span> <span class='ocrx_word' id='word_1_149' title='bbox 452 1618 613 1692; x_wconf 85' lang='lat' dir='ltr'>breviores,</span> <span class='ocrx_word' id='word_1_150' title='bbox 639 1620 892 1700; x_wconf 88' lang='lat' dir='ltr'>quod-secundum</span> <span class='ocrx_word' id='word_1_151' title='bbox 908 1620 1074 1681; x_wconf 82' lang='lat' dir='ltr'>doctrinam</span> <span class='ocrx_word' id='word_1_152' title='bbox 1090 1637 1156 1699; x_wconf 88' lang='lat' dir='ltr'>cap.</span> <span class='ocrx_word' id='word_1_153' title='bbox 1172 1620 1292 1682; x_wconf 86' lang='lat' dir='ltr'>XXIX.</span> <span class='ocrx_word' id='word_1_154' title='bbox 1308 1618 1507 1682; x_wconf 84' lang='lat' dir='ltr'>demonstrari</span> 
     </span>
     <span class='ocr_line' id='line_1_16' title="bbox 161 1708 1507 1790; baseline 0 -20"><span class='ocrx_word' id='word_1_155' title='bbox 161 1710 294 1790; x_wconf 87' lang='lat' dir='ltr'>potest);</span> <span class='ocrx_word' id='word_1_156' title='bbox 322 1716 412 1787; x_wconf 88' lang='lat' dir='ltr'>atque</span> <span class='ocrx_word' id='word_1_157' title='bbox 436 1708 556 1787; x_wconf 82' lang='lat' dir='ltr'>iusuper</span> <span class='ocrx_word' id='word_1_158' title='bbox 582 1708 653 1769; x_wconf 91' lang='lat' dir='ltr'>illae</span> <span class='ocrx_word' id='word_1_159' title='bbox 676 1708 777 1787; x_wconf 87' lang='lat' dir='ltr'>plures</span> <span class='ocrx_word' id='word_1_160' title='bbox 801 1710 907 1787; x_wconf 85' lang='lat' dir='ltr'>longae</span> <span class='ocrx_word' id='word_1_161' title='bbox 938 1710 966 1769; x_wconf 91' lang='lat' dir='ltr'>in</span> <span class='ocrx_word' id='word_1_162' title='bbox 992 1710 1194 1787; x_wconf 84' lang='lat' dir='ltr'>angustiorem</span> <span class='ocrx_word' id='word_1_163' title='bbox 1224 1709 1384 1772; x_wconf 88' lang='lat' dir='ltr'>ecceutrici</span> <span class='ocrx_word' id='word_1_164' title='bbox 1409 1724 1507 1770; x_wconf 88' lang='lat' dir='ltr'>arcum</span> 
     </span>
     <span class='ocr_line' id='line_1_17' title="bbox 160 1797 1516 1893; baseline -0.001 -33"><span class='ocrx_word' id='word_1_165' title='bbox 160 1797 371 1860; x_wconf 83' lang='lat' dir='ltr'>translatione</span> <span class='ocrx_word' id='word_1_166' title='bbox 389 1798 470 1858; x_wconf 86' lang='lat' dir='ltr'>facta</span> <span class='ocrx_word' id='word_1_167' title='bbox 493 1817 609 1859; x_wconf 90' lang='lat' dir='ltr'>sursum</span> <span class='ocrx_word' id='word_1_168' title='bbox 633 1798 779 1875; x_wconf 82' lang='lat' dir='ltr'>stipatae,</span> <span class='ocrx_word' id='word_1_169' title='bbox 812 1798 869 1858; x_wconf 88' lang='lat' dir='ltr'>hae</span> <span class='ocrx_word' id='word_1_170' title='bbox 892 1797 1048 1878; x_wconf 85' lang='lat' dir='ltr'>pauciores</span> <span class='ocrx_word' id='word_1_171' title='bbox 1081 1798 1109 1859; x_wconf 91' lang='lat' dir='ltr'>iu</span> <span class='ocrx_word' id='word_1_172' title='bbox 1134 1798 1306 1875; x_wconf 88' lang='lat' dir='ltr'>ampliorem</span> <span class='ocrx_word' id='word_1_173' title='bbox 1331 1798 1516 1893; x_wconf 43' lang='lat' dir='ltr'>distractae„</span> 
     </span>
     <span class='ocr_line' id='line_1_18' title="bbox 160 1874 1532 1971; baseline -0.001 -21"><span class='ocrx_word' id='word_1_174' title='bbox 160 1888 206 1953; x_wconf 85' lang='lat' dir='ltr'>ita</span> <span class='ocrx_word' id='word_1_175' title='bbox 228 1894 263 1949; x_wconf 90' lang='lat' dir='ltr'>nt</span> <span class='ocrx_word' id='word_1_176' title='bbox 286 1887 454 1948; x_wconf 88' lang='lat' dir='ltr'>anomaliae</span> <span class='ocrx_word' id='word_1_177' title='bbox 482 1888 599 1948; x_wconf 88' lang='lat' dir='ltr'>mediae</span> <span class='ocrx_word' id='word_1_178' title='bbox 628 1881 708 1967; x_wconf 61' lang='lat'>92²1,</span> <span class='ocrx_word' id='word_1_179' title='bbox 722 1883 788 1961; x_wconf 87' lang='lat'>⁰*),</span> <span class='ocrx_word' id='word_1_180' title='bbox 824 1906 882 1967; x_wconf 91' lang='lat' dir='ltr'>qua</span> <span class='ocrx_word' id='word_1_181' title='bbox 905 1887 1068 1948; x_wconf 85' lang='lat' dir='ltr'>distantiae</span> <span class='ocrx_word' id='word_1_182' title='bbox 1092 1882 1197 1971; x_wconf 49' lang='lat' dir='ltr'>92²]st</span> <span class='ocrx_word' id='word_1_183' title='bbox 1220 1888 1435 1962; x_wconf 87' lang='lat' dir='ltr'>conficiuntur,</span> <span class='ocrx_word' id='word_1_184' title='bbox 1450 1874 1532 1965; x_wconf 60' lang='grc' dir='ltr'>”’το-ὖ</span> 
     </span>
     <span class='ocr_line' id='line_1_19' title="bbox 161 1967 1507 2061; baseline 0.002 -23"><span class='ocrx_word' id='word_1_185' title='bbox 161 1977 311 2058; x_wconf 87' lang='lat' dir='ltr'>spondeat</span> <span class='ocrx_word' id='word_1_186' title='bbox 324 1975 474 2037; x_wconf 90' lang='lat' dir='ltr'>anomalia</span> <span class='ocrx_word' id='word_1_187' title='bbox 494 1975 623 2037; x_wconf 90' lang='lat' dir='ltr'>eccentri</span> <span class='ocrx_word' id='word_1_188' title='bbox 638 1973 679 2038; x_wconf 84' lang='grc'>87</span> <span class='ocrx_word' id='word_1_189' title='bbox 689 1971 743 2053; x_wconf 75' lang='lat' dir='ltr'>¹l,⁰</span> <span class='ocrx_word' id='word_1_190' title='bbox 762 1976 893 2038; x_wconf 88' lang='lat' dir='ltr'>circiter:</span> <span class='ocrx_word' id='word_1_191' title='bbox 918 1976 1068 2038; x_wconf 89' lang='lat' dir='ltr'>residuum</span> <span class='ocrx_word' id='word_1_192' title='bbox 1087 1977 1255 2055; x_wconf 68' lang='lat' dir='ltr'>anomaliae</span> <span class='ocrx_word' id='word_1_193' title='bbox 1268 1977 1387 2038; x_wconf 88' lang='lat' dir='ltr'>mediae</span> <span class='ocrx_word' id='word_1_194' title='bbox 1405 1967 1507 2061; x_wconf 48' lang='lat' dir='ltr'>87¹}st</span> 
     </span>
     <span class='ocr_line' id='line_1_20' title="bbox 161 2064 1506 2146; baseline -0.001 -18"><span class='ocrx_word' id='word_1_195' title='bbox 161 2085 227 2129; x_wconf 90' lang='lat' dir='ltr'>cum</span> <span class='ocrx_word' id='word_1_196' title='bbox 267 2064 394 2125; x_wconf 86' lang='lat' dir='ltr'>totidem</span> <span class='ocrx_word' id='word_1_197' title='bbox 430 2065 584 2126; x_wconf 89' lang='lat' dir='ltr'>distantiis</span> <span class='ocrx_word' id='word_1_198' title='bbox 623 2064 808 2127; x_wconf 90' lang='lat' dir='ltr'>brevioribus</span> <span class='ocrx_word' id='word_1_199' title='bbox 845 2066 928 2127; x_wconf 91' lang='lat' dir='ltr'>radio</span> <span class='ocrx_word' id='word_1_200' title='bbox 966 2065 1178 2126; x_wconf 87' lang='lat' dir='ltr'>disseminetur</span> <span class='ocrx_word' id='word_1_201' title='bbox 1213 2084 1267 2145; x_wconf 90' lang='lat' dir='ltr'>per</span> <span class='ocrx_word' id='word_1_202' title='bbox 1297 2066 1442 2146; x_wconf 86' lang='lat' dir='ltr'>angulum</span> <span class='ocrx_word' id='word_1_203' title='bbox 1468 2064 1506 2137; x_wconf 77' lang='lat' dir='ltr'>ad</span> 
     </span>
     <span class='ocr_line' id='line_1_21' title="bbox 161 2147 1506 2236; baseline -0.001 -19"><span class='ocrx_word' id='word_1_204' title='bbox 161 2162 295 2218; x_wconf 90' lang='lat' dir='ltr'>centmm</span> <span class='ocrx_word' id='word_1_205' title='bbox 324 2155 483 2215; x_wconf 89' lang='lat' dir='ltr'>eccentrici</span> <span class='ocrx_word' id='word_1_206' title='bbox 515 2154 664 2216; x_wconf 87' lang='lat' dir='ltr'>residuum</span> <span class='ocrx_word' id='word_1_207' title='bbox 696 2147 776 2235; x_wconf 68' lang='lat'>92¹1,</span> <span class='ocrx_word' id='word_1_208' title='bbox 790 2153 809 2217; x_wconf 89' lang='lat'>⁰.</span> <span class='ocrx_word' id='word_1_209' title='bbox 864 2154 998 2234; x_wconf 84' lang='lat' dir='ltr'>Longius</span> <span class='ocrx_word' id='word_1_210' title='bbox 1031 2154 1131 2236; x_wconf 87' lang='lat' dir='ltr'>itaque</span> <span class='ocrx_word' id='word_1_211' title='bbox 1162 2155 1278 2216; x_wconf 88' lang='lat' dir='ltr'>distant</span> <span class='ocrx_word' id='word_1_212' title='bbox 1309 2155 1350 2219; x_wconf 89' lang='lat' dir='ltr'>ab</span> <span class='ocrx_word' id='word_1_213' title='bbox 1380 2153 1506 2217; x_wconf 68' lang='lat' dir='ltr'>inviam</span> 
     </span>
     <span class='ocr_line' id='line_1_22' title="bbox 160 2241 1506 2325; baseline 0.001 -19"><span class='ocrx_word' id='word_1_214' title='bbox 160 2244 268 2306; x_wconf 84' lang='lat' dir='ltr'>breves</span> <span class='ocrx_word' id='word_1_215' title='bbox 291 2242 456 2305; x_wconf 82' lang='lat' dir='ltr'>distantiae</span> <span class='ocrx_word' id='word_1_216' title='bbox 480 2243 560 2305; x_wconf 86' lang='lat' dir='ltr'>circa</span> <span class='ocrx_word' id='word_1_217' title='bbox 582 2243 767 2324; x_wconf 89' lang='lat' dir='ltr'>perihelium,</span> <span class='ocrx_word' id='word_1_218' title='bbox 792 2263 881 2324; x_wconf 90' lang='lat' dir='ltr'>quarn</span> <span class='ocrx_word' id='word_1_219' title='bbox 904 2244 1012 2323; x_wconf 87' lang='lat' dir='ltr'>longae</span> <span class='ocrx_word' id='word_1_220' title='bbox 1035 2244 1116 2304; x_wconf 86' lang='lat' dir='ltr'>circa</span> <span class='ocrx_word' id='word_1_221' title='bbox 1138 2242 1297 2324; x_wconf 89' lang='lat' dir='ltr'>aphelium.</span> <span class='ocrx_word' id='word_1_222' title='bbox 1340 2241 1506 2325; x_wconf 69' lang='lat' dir='ltr'>itaquasi</span> 
     </span>
     <span class='ocr_line' id='line_1_23' title="bbox 161 2332 1505 2413; baseline 0.001 -18"><span class='ocrx_word' id='word_1_223' title='bbox 161 2334 266 2395; x_wconf 89' lang='lat' dir='ltr'>eadem</span> <span class='ocrx_word' id='word_1_224' title='bbox 290 2332 380 2393; x_wconf 88' lang='lat' dir='ltr'>etium</span> <span class='ocrx_word' id='word_1_225' title='bbox 404 2340 487 2394; x_wconf 91' lang='lat' dir='ltr'>esset</span> <span class='ocrx_word' id='word_1_226' title='bbox 507 2332 662 2413; x_wconf 90' lang='lat' dir='ltr'>proportio</span> <span class='ocrx_word' id='word_1_227' title='bbox 687 2333 763 2393; x_wconf 89' lang='lat' dir='ltr'>inter</span> <span class='ocrx_word' id='word_1_228' title='bbox 786 2333 872 2394; x_wconf 90' lang='lat' dir='ltr'>binas</span> <span class='ocrx_word' id='word_1_229' title='bbox 895 2333 1009 2394; x_wconf 81' lang='lat' dir='ltr'>vicinas</span> <span class='ocrx_word' id='word_1_230' title='bbox 1032 2332 1208 2413; x_wconf 90' lang='lat' dir='ltr'>perihelias,</span> <span class='ocrx_word' id='word_1_231' title='bbox 1241 2342 1343 2395; x_wconf 91' lang='lat' dir='ltr'>tamen</span> <span class='ocrx_word' id='word_1_232' title='bbox 1366 2341 1505 2396; x_wconf 76' lang='lat' dir='ltr'>attenue-</span> 
     </span>
     <span class='ocr_line' id='line_1_24' title="bbox 160 2421 1506 2504; baseline 0 -19"><span class='ocrx_word' id='word_1_233' title='bbox 160 2431 242 2485; x_wconf 87' lang='lat' dir='ltr'>retnr</span> <span class='ocrx_word' id='word_1_234' title='bbox 268 2429 489 2502; x_wconf 87' lang='lat' dir='ltr'>resegmentum</span> <span class='ocrx_word' id='word_1_235' title='bbox 517 2421 619 2483; x_wconf 90' lang='lat' dir='ltr'>circuli</span> <span class='ocrx_word' id='word_1_236' title='bbox 648 2422 727 2483; x_wconf 89' lang='lat' dir='ltr'>circa</span> <span class='ocrx_word' id='word_1_237' title='bbox 750 2445 774 2496; x_wconf 84' lang='lat' dir='ltr'>a,</span> <span class='ocrx_word' id='word_1_238' title='bbox 798 2447 828 2498; x_wconf 89' lang='grc' dir='ltr'>μ,</span> <span class='ocrx_word' id='word_1_239' title='bbox 853 2428 870 2484; x_wconf 81' lang='lat' dir='ltr'>d</span> <span class='ocrx_word' id='word_1_240' title='bbox 892 2432 994 2503; x_wconf 83' lang='lat' dir='ltr'>partes</span> <span class='ocrx_word' id='word_1_241' title='bbox 1024 2421 1141 2500; x_wconf 87' lang='lat' dir='ltr'>magis,</span> <span class='ocrx_word' id='word_1_242' title='bbox 1174 2439 1262 2502; x_wconf 88' lang='lat' dir='ltr'>quam</span> <span class='ocrx_word' id='word_1_243' title='bbox 1291 2423 1375 2484; x_wconf 86' lang='lat' dir='ltr'>circa</span> <span class='ocrx_word' id='word_1_244' title='bbox 1405 2428 1506 2504; x_wconf 81' lang='lat' dir='ltr'>partes</span> 
     </span>
     <span class='ocr_line' id='line_1_25' title="bbox 161 2509 1506 2594; baseline 0.001 -20"><span class='ocrx_word' id='word_1_245' title='bbox 161 2536 188 2594; x_wconf 82' lang='grc' dir='ltr'>ρ,</span> <span class='ocrx_word' id='word_1_246' title='bbox 209 2537 234 2587; x_wconf 88' lang='grc' dir='ltr'>κ,</span> <span class='ocrx_word' id='word_1_247' title='bbox 254 2513 289 2587; x_wconf 77' lang='lat' dir='ltr'>l;</span> <span class='ocrx_word' id='word_1_248' title='bbox 315 2511 383 2592; x_wconf 90' lang='lat' dir='ltr'>qnia</span> <span class='ocrx_word' id='word_1_249' title='bbox 406 2509 435 2573; x_wconf 93' lang='lat' dir='ltr'>in</span> <span class='ocrx_word' id='word_1_250' title='bbox 459 2517 477 2573; x_wconf 86' lang='lat' dir='ltr'>d</span> <span class='ocrx_word' id='word_1_251' title='bbox 499 2509 628 2572; x_wconf 86' lang='lat' dir='ltr'>breviori</span> <span class='ocrx_word' id='word_1_252' title='bbox 653 2510 751 2591; x_wconf 86' lang='lat' dir='ltr'>¹spatio</span> <span class='ocrx_word' id='word_1_253' title='bbox 777 2511 884 2572; x_wconf 86' lang='lat' dir='ltr'>breves</span> <span class='ocrx_word' id='word_1_254' title='bbox 909 2512 937 2572; x_wconf 92' lang='lat' dir='ltr'>in</span> <span class='ocrx_word' id='word_1_255' title='bbox 961 2511 1127 2592; x_wconf 87' lang='lat' dir='ltr'>longiorum</span> <span class='ocrx_word' id='word_1_256' title='bbox 1150 2511 1249 2573; x_wconf 92' lang='lat' dir='ltr'>locum</span> <span class='ocrx_word' id='word_1_257' title='bbox 1272 2519 1506 2594; x_wconf 76' lang='lat' dir='ltr'>transponuntur</span> 
     </span>
     <span class='ocr_line' id='line_1_26' title="bbox 161 2590 1505 2683; baseline 0.001 -20"><span class='ocrx_word' id='word_1_258' title='bbox 161 2619 249 2683; x_wconf 90' lang='lat' dir='ltr'>quam</span> <span class='ocrx_word' id='word_1_259' title='bbox 280 2600 310 2660; x_wconf 92' lang='lat' dir='ltr'>in</span> <span class='ocrx_word' id='word_1_260' title='bbox 338 2603 363 2661; x_wconf 84' lang='lat' dir='ltr'>l.</span> <span class='ocrx_word' id='word_1_261' title='bbox 414 2590 459 2662; x_wconf 80' lang='lat' dir='ltr'>At</span> <span class='ocrx_word' id='word_1_262' title='bbox 485 2601 550 2679; x_wconf 92' lang='lat' dir='ltr'>jam</span> <span class='ocrx_word' id='word_1_263' title='bbox 582 2599 674 2661; x_wconf 87' lang='lat' dir='ltr'>etiam</span> <span class='ocrx_word' id='word_1_264' title='bbox 708 2601 789 2679; x_wconf 85' lang='lat' dir='ltr'>ipsae</span> <span class='ocrx_word' id='word_1_265' title='bbox 823 2600 985 2663; x_wconf 77' lang='lat' dir='ltr'>distantiae</span> <span class='ocrx_word' id='word_1_266' title='bbox 1016 2599 1184 2682; x_wconf 87' lang='lat' dir='ltr'>aequalium</span> <span class='ocrx_word' id='word_1_267' title='bbox 1216 2599 1349 2680; x_wconf 89' lang='lat' dir='ltr'>partium</span> <span class='ocrx_word' id='word_1_268' title='bbox 1381 2598 1505 2683; x_wconf 79' lang='lat' dir='ltr'>epicyoll</span> 
     </span>
     <span class='ocr_line' id='line_1_27' title="bbox 160 2684 1504 2772; baseline 0.001 -20"><span class='ocrx_word' id='word_1_269' title='bbox 160 2690 304 2772; x_wconf 87' lang='lat' dir='ltr'>perihelio</span> <span class='ocrx_word' id='word_1_270' title='bbox 323 2691 556 2770; x_wconf 92' lang='lat' dir='ltr'>propinquarum</span> <span class='ocrx_word' id='word_1_271' title='bbox 573 2688 602 2750; x_wconf 91' lang='lat' dir='ltr'>in</span> <span class='ocrx_word' id='word_1_272' title='bbox 617 2689 723 2768; x_wconf 89' lang='lat' dir='ltr'>majori</span> <span class='ocrx_word' id='word_1_273' title='bbox 739 2696 810 2751; x_wconf 89' lang='lat' dir='ltr'>sunt</span> <span class='ocrx_word' id='word_1_274' title='bbox 822 2691 1014 2770; x_wconf 90' lang='lat' dir='ltr'>proportione</span> <span class='ocrx_word' id='word_1_275' title='bbox 1029 2690 1070 2752; x_wconf 91' lang='lat' dir='ltr'>ad</span> <span class='ocrx_word' id='word_1_276' title='bbox 1083 2687 1220 2765; x_wconf 88' lang='lat' dir='ltr'>invicem,</span> <span class='ocrx_word' id='word_1_277' title='bbox 1239 2684 1329 2770; x_wconf 81' lang='lat' dir='ltr'>quam</span> <span class='ocrx_word' id='word_1_278' title='bbox 1343 2688 1504 2753; x_wconf 78' lang='lat' dir='ltr'>distantiat</span> 
     </span>
     <span class='ocr_line' id='line_1_28' title="bbox 160 2777 1503 2861; baseline 0.001 -21"><span class='ocrx_word' id='word_1_279' title='bbox 160 2779 288 2860; x_wconf 91' lang='lat' dir='ltr'>partium</span> <span class='ocrx_word' id='word_1_280' title='bbox 321 2779 439 2859; x_wconf 89' lang='lat' dir='ltr'>aphelio</span> <span class='ocrx_word' id='word_1_281' title='bbox 468 2778 710 2858; x_wconf 91' lang='lat' dir='ltr'>propinquarum.</span> <span class='ocrx_word' id='word_1_282' title='bbox 761 2780 1007 2841; x_wconf 87' lang='lat' dir='ltr'>Demonstratum</span> <span class='ocrx_word' id='word_1_283' title='bbox 1040 2777 1117 2841; x_wconf 90' lang='lat' dir='ltr'>enim</span> <span class='ocrx_word' id='word_1_284' title='bbox 1146 2786 1201 2859; x_wconf 59' lang='lat' dir='ltr'>est,</span> <span class='ocrx_word' id='word_1_285' title='bbox 1226 2782 1322 2858; x_wconf 66' lang='lat' dir='ltr'>supra*</span> <span class='ocrx_word' id='word_1_286' title='bbox 1346 2798 1415 2861; x_wconf 81' lang='lat' dir='ltr'>csp.</span> <span class='ocrx_word' id='word_1_287' title='bbox 1437 2779 1503 2853; x_wconf 77' lang='lat' dir='ltr'>XL,</span> 
     </span>
     <span class='ocr_line' id='line_1_29' title="bbox 161 2867 1534 2950; baseline -0.001 -20"><span class='ocrx_word' id='word_1_288' title='bbox 161 2868 339 2930; x_wconf 90' lang='lat' dir='ltr'>conchoides</span> <span class='ocrx_word' id='word_1_289' title='bbox 363 2867 492 2948; x_wconf 86' lang='lat' dir='ltr'>spatium</span> <span class='ocrx_word' id='word_1_290' title='bbox 515 2867 647 2929; x_wconf 86' lang='lat' dir='ltr'>inferiori</span> <span class='ocrx_word' id='word_1_291' title='bbox 676 2877 761 2946; x_wconf 89' lang='lat' dir='ltr'>parte</span> <span class='ocrx_word' id='word_1_292' title='bbox 791 2869 882 2930; x_wconf 89' lang='lat' dir='ltr'>latius</span> <span class='ocrx_word' id='word_1_293' title='bbox 906 2888 987 2944; x_wconf 89' lang='lat' dir='ltr'>esse,</span> <span class='ocrx_word' id='word_1_294' title='bbox 1019 2888 1107 2949; x_wconf 92' lang='lat' dir='ltr'>quam</span> <span class='ocrx_word' id='word_1_295' title='bbox 1140 2868 1296 2948; x_wconf 85' lang='lat' dir='ltr'>superiori:</span> <span class='ocrx_word' id='word_1_296' title='bbox 1339 2867 1534 2950; x_wconf 82' lang='lat' dir='ltr'>Majoribus,</span> 
     </span>
     <span class='ocr_line' id='line_1_30' title="bbox 159 2956 1504 3038; baseline -0.001 -18"><span class='ocrx_word' id='word_1_297' title='bbox 159 2958 251 3038; x_wconf 87' lang='lat' dir='ltr'>igitur</span> <span class='ocrx_word' id='word_1_298' title='bbox 281 2957 449 3021; x_wconf 89' lang='lat' dir='ltr'>intervallis</span> <span class='ocrx_word' id='word_1_299' title='bbox 482 2976 535 3036; x_wconf 92' lang='lat' dir='ltr'>per</span> <span class='ocrx_word' id='word_1_300' title='bbox 567 2957 697 3035; x_wconf 89' lang='lat' dir='ltr'>spatium</span> <span class='ocrx_word' id='word_1_301' title='bbox 727 2957 847 3019; x_wconf 91' lang='lat' dir='ltr'>brevius</span> <span class='ocrx_word' id='word_1_302' title='bbox 881 2958 911 3019; x_wconf 92' lang='lat' dir='ltr'>in</span> <span class='ocrx_word' id='word_1_303' title='bbox 943 2977 1113 3020; x_wconf 90' lang='lat' dir='ltr'>mucronem</span> <span class='ocrx_word' id='word_1_304' title='bbox 1147 2957 1297 3019; x_wconf 86' lang='lat' dir='ltr'>attenuari</span> <span class='ocrx_word' id='word_1_305' title='bbox 1328 2956 1504 3021; x_wconf 81' lang='lat' dir='ltr'>couchoides</span> 
     </span>
     <span class='ocr_line' id='line_1_31' title="bbox 160 3046 1504 3128; baseline -0.001 -19"><span class='ocrx_word' id='word_1_306' title='bbox 160 3066 283 3109; x_wconf 90' lang='lat' dir='ltr'>necesse</span> <span class='ocrx_word' id='word_1_307' title='bbox 299 3057 347 3107; x_wconf 88' lang='lat' dir='ltr'>est</span> <span class='ocrx_word' id='word_1_308' title='bbox 362 3047 448 3119; x_wconf 82' lang='lat' dir='ltr'>infru,</span> <span class='ocrx_word' id='word_1_309' title='bbox 475 3065 562 3127; x_wconf 91' lang='lat' dir='ltr'>quam</span> <span class='ocrx_word' id='word_1_310' title='bbox 576 3066 683 3125; x_wconf 89' lang='lat' dir='ltr'>supra:</span> <span class='ocrx_word' id='word_1_311' title='bbox 708 3056 739 3107; x_wconf 91' lang='lat' dir='ltr'>et</span> <span class='ocrx_word' id='word_1_312' title='bbox 757 3046 811 3107; x_wconf 89' lang='lat' dir='ltr'>illa</span> <span class='ocrx_word' id='word_1_313' title='bbox 830 3047 989 3109; x_wconf 89' lang='lat' dir='ltr'>intervalla</span> <span class='ocrx_word' id='word_1_314' title='bbox 1013 3048 1127 3126; x_wconf 86' lang='lat' dir='ltr'>majora</span> <span class='ocrx_word' id='word_1_315' title='bbox 1150 3053 1363 3126; x_wconf 88' lang='lat' dir='ltr'>comparantur</span> <span class='ocrx_word' id='word_1_316' title='bbox 1387 3047 1504 3128; x_wconf 77' lang='lat' dir='ltr'>insuper</span> 
     </span>
     <span class='ocr_line' id='line_1_32' title="bbox 160 3134 1502 3216; baseline -0.003 -17"><span class='ocrx_word' id='word_1_317' title='bbox 160 3138 198 3199; x_wconf 91' lang='lat' dir='ltr'>ad</span> <span class='ocrx_word' id='word_1_318' title='bbox 220 3136 373 3201; x_wconf 89' lang='lat' dir='ltr'>breviores</span> <span class='ocrx_word' id='word_1_319' title='bbox 397 3134 508 3196; x_wconf 87' lang='lat' dir='ltr'>lineas:</span> <span class='ocrx_word' id='word_1_320' title='bbox 533 3136 685 3215; x_wconf 89' lang='lat' dir='ltr'>proportio</span> <span class='ocrx_word' id='word_1_321' title='bbox 709 3135 800 3215; x_wconf 88' lang='lat' dir='ltr'>igitur</span> <span class='ocrx_word' id='word_1_322' title='bbox 823 3136 985 3216; x_wconf 89' lang='lat' dir='ltr'>ampliatur</span> <span class='ocrx_word' id='word_1_323' title='bbox 1001 3144 1133 3216; x_wconf 29' lang='lat' dir='ltr'>¹,utroque</span> <span class='ocrx_word' id='word_1_324' title='bbox 1156 3136 1282 3198; x_wconf 86' lang='lat' dir='ltr'>nomine.</span> <span class='ocrx_word' id='word_1_325' title='bbox 1321 3137 1384 3199; x_wconf 89' lang='lat' dir='ltr'>Tot</span> <span class='ocrx_word' id='word_1_326' title='bbox 1406 3135 1502 3199; x_wconf 85' lang='lat' dir='ltr'>causis</span> 
     </span>
     <span class='ocr_line' id='line_1_33' title="bbox 160 3210 1502 3319; baseline -0.001 -32"><span class='ocrx_word' id='word_1_327' title='bbox 160 3225 404 3288; x_wconf 88' lang='lat' dir='ltr'>concurrentibus</span> <span class='ocrx_word' id='word_1_328' title='bbox 435 3231 574 3304; x_wconf 86' lang='lat' dir='ltr'>apparet,</span> <span class='ocrx_word' id='word_1_329' title='bbox 607 3233 847 3319; x_wconf 53' lang='lat' dir='ltr'>resegmentnm,</span> <span class='ocrx_word' id='word_1_330' title='bbox 859 3226 954 3286; x_wconf 90' lang='lat' dir='ltr'>nostri</span> <span class='ocrx_word' id='word_1_331' title='bbox 985 3210 1087 3287; x_wconf 76' lang='lat' dir='ltr'>clicnli</span> <span class='ocrx_word' id='word_1_332' title='bbox 1120 3224 1279 3286; x_wconf 90' lang='lat' dir='ltr'>ecceutrici</span> <span class='ocrx_word' id='word_1_333' title='bbox 1307 3224 1391 3287; x_wconf 83' lang='lat' dir='ltr'>infra</span> <span class='ocrx_word' id='word_1_334' title='bbox 1414 3224 1502 3287; x_wconf 82' lang='lat' dir='ltr'>multo</span> 
     </span>
     <span class='ocr_line' id='line_1_34' title="bbox 160 3311 1503 3395; baseline -0.001 -20"><span class='ocrx_word' id='word_1_335' title='bbox 160 3334 226 3376; x_wconf 89' lang='lat' dir='ltr'>esse</span> <span class='ocrx_word' id='word_1_336' title='bbox 250 3314 358 3389; x_wconf 91' lang='lat' dir='ltr'>latius,</span> <span class='ocrx_word' id='word_1_337' title='bbox 388 3332 477 3394; x_wconf 91' lang='lat' dir='ltr'>quam</span> <span class='ocrx_word' id='word_1_338' title='bbox 501 3331 606 3392; x_wconf 88' lang='lat' dir='ltr'>supra,</span> <span class='ocrx_word' id='word_1_339' title='bbox 639 3312 669 3374; x_wconf 90' lang='lat' dir='ltr'>in</span> <span class='ocrx_word' id='word_1_340' title='bbox 693 3314 810 3395; x_wconf 85' lang='lat' dir='ltr'>aequali</span> <span class='ocrx_word' id='word_1_341' title='bbox 827 3314 876 3375; x_wconf 83' lang='lat' dir='ltr'>&#39;ab</span> <span class='ocrx_word' id='word_1_342' title='bbox 900 3315 1054 3394; x_wconf 79' lang='lat' dir='ltr'>apsidibus</span> <span class='ocrx_word' id='word_1_343' title='bbox 1086 3332 1215 3375; x_wconf 90' lang='lat' dir='ltr'>recessu.</span> <span class='ocrx_word' id='word_1_344' title='bbox 1261 3311 1351 3384; x_wconf 79' lang='lat' dir='ltr'>Quod</span> <span class='ocrx_word' id='word_1_345' title='bbox 1384 3313 1503 3377; x_wconf 77' lang='lat' dir='ltr'>cuilibet</span> 
     </span>
     <span class='ocr_line' id='line_1_35' title="bbox 160 3400 1502 3487; baseline 0.001 -25"><span class='ocrx_word' id='word_1_346' title='bbox 160 3405 208 3465; x_wconf 83' lang='lat' dir='ltr'>rel</span> <span class='ocrx_word' id='word_1_347' title='bbox 222 3403 352 3465; x_wconf 89' lang='lat' dir='ltr'>numeris</span> <span class='ocrx_word' id='word_1_348' title='bbox 367 3402 524 3481; x_wconf 85' lang='lat' dir='ltr'>exploratu</span> <span class='ocrx_word' id='word_1_349' title='bbox 547 3402 635 3463; x_wconf 89' lang='lat' dir='ltr'>facile</span> <span class='ocrx_word' id='word_1_350' title='bbox 655 3410 711 3477; x_wconf 91' lang='lat' dir='ltr'>est,</span> <span class='ocrx_word' id='word_1_351' title='bbox 727 3404 776 3481; x_wconf 82' lang='lat' dir='ltr'>vel</span> <span class='ocrx_word' id='word_1_352' title='bbox 795 3402 1198 3487; x_wconf 71' lang='lat' dir='ltr'>mechanipadslipsatioue,</span> <span class='ocrx_word' id='word_1_353' title='bbox 1221 3400 1502 3466; x_wconf 79' lang='lat' dir='ltr'>assumtaeviilenti</span> 
     </span>
     <span class='ocr_line' id='line_1_36' title="bbox 160 3478 1413 3579; baseline -0.002 -24"><span class='ocrx_word' id='word_1_354' title='bbox 160 3493 261 3573; x_wconf 88' lang='lat' dir='ltr'>aliqua</span> <span class='ocrx_word' id='word_1_355' title='bbox 284 3487 581 3565; x_wconf 85' lang='lat' dir='ltr'>eccentrioitatc.**)</span> <span class='ocrx_word' id='word_1_356' title='bbox 804 3510 809 3529; x_wconf 85' lang='lat'>¹</span> <span class='ocrx_word' id='word_1_357' title='bbox 964 3530 967 3535; x_wconf 94' lang='lat'>-</span> <span class='ocrx_word' id='word_1_358' title='bbox 1099 3550 1102 3555; x_wconf 89' lang='grc'><strong>,</strong></span> <span class='ocrx_word' id='word_1_359' title='bbox 1261 3488 1297 3579; x_wconf 28' lang='lat'>¹*</span> <span class='ocrx_word' id='word_1_360' title='bbox 1322 3478 1413 3579; x_wconf 48' lang='grc' dir='ltr'>[αἱ.</span> 
     </span>
     <span class='ocr_line' id='line_1_37' title="bbox 1109 3586 1336 3633; baseline 0 0"><span class='ocrx_word' id='word_1_361' title='bbox 1109 3588 1112 3593; x_wconf 93' lang='grc'><strong><em>·</em></strong></span> <span class='ocrx_word' id='word_1_362' title='bbox 1267 3586 1271 3593; x_wconf 90' lang='grc'><strong><em>·</em></strong></span> <span class='ocrx_word' id='word_1_363' title='bbox 1318 3588 1336 3633; x_wconf 72' lang='lat' dir='ltr'>s</span> 
     </span>
    </p>
   </div>
   <div class='ocr_carea' id='block_1_5' title="bbox 1465 3574 1488 3637">
    <p class='ocr_par' dir='ltr' id='par_1_6' title="bbox 1465 3574 1488 3637">
     <span class='ocr_line' id='line_1_38' title="bbox 1465 3574 1488 3637; baseline 0 0"><span class='ocrx_word' id='word_1_364' title='bbox 1465 3574 1488 3637; x_wconf 72' lang='lat' dir='ltr'>h</span> 
     </span>
    </p>
   </div>
   <div class='ocr_carea' id='block_1_6' title="bbox 736 3688 1463 3735">
    <p class='ocr_par' dir='ltr' id='par_1_7' title="bbox 736 3688 1463 3735">
     <span class='ocr_line' id='line_1_39' title="bbox 736 3688 1463 3735; baseline 0 0"><span class='ocrx_word' id='word_1_365' title='bbox 736 3703 927 3714; x_wconf 77' lang='grc'>····-······</span> <span class='ocrx_word' id='word_1_366' title='bbox 1443 3688 1463 3735; x_wconf 60' lang='lat'>&#39;0</span> 
     </span>
    </p>
   </div>
   <div class='ocr_carea' id='block_1_7' title="bbox 678 3764 1477 4001">
    <p class='ocr_par' dir='ltr' id='par_1_8' title="bbox 678 3764 1477 4001">
     <span class='ocr_line' id='line_1_40' title="bbox 678 3764 1477 4001; baseline 0 -25"><span class='ocrx_word' id='word_1_367' title='bbox 678 3901 796 4001; x_wconf 74' lang='lat' dir='ltr'>capus</span> <span class='ocrx_word' id='word_1_368' title='bbox 829 3897 982 3989; x_wconf 81' lang='lat' dir='ltr'>xuvu.</span> <span class='ocrx_word' id='word_1_369' title='bbox 1440 3764 1477 3891; x_wconf 39' lang='grc' dir='ltr'><strong><em>ι</em></strong></span> 
     </span>
    </p>
   </div>
   <div class='ocr_carea' id='block_1_8' title="bbox 163 4044 1534 4241">
    <p class='ocr_par' dir='ltr' id='par_1_9' title="bbox 163 4044 1534 4241">
     <span class='ocr_line' id='line_1_41' title="bbox 163 4044 1500 4149; baseline -0.005 -24"><span class='ocrx_word' id='word_1_370' title='bbox 163 4061 371 4144; x_wconf 74' lang='lat' dir='ltr'>Quadratum</span> <span class='ocrx_word' id='word_1_371' title='bbox 392 4066 511 4123; x_wconf 64' lang='lat' dir='ltr'>emam</span> <span class='ocrx_word' id='word_1_372' title='bbox 529 4057 623 4141; x_wconf 79' lang='lat' dir='ltr'>plani</span> <span class='ocrx_word' id='word_1_373' title='bbox 649 4062 826 4141; x_wconf 56' lang='lat' dir='ltr'>corformis,</span> <span class='ocrx_word' id='word_1_374' title='bbox 860 4062 942 4140; x_wconf 79' lang='lat' dir='ltr'>quod</span> <span class='ocrx_word' id='word_1_375' title='bbox 967 4058 1094 4144; x_wconf 64' lang='lat' dir='ltr'>peperit</span> <span class='ocrx_word' id='word_1_376' title='bbox 1114 4067 1210 4149; x_wconf 72' lang='lat' dir='ltr'>caput</span> <span class='ocrx_word' id='word_1_377' title='bbox 1230 4058 1345 4137; x_wconf 65' lang='lat' dir='ltr'>HV,</span> <span class='ocrx_word' id='word_1_378' title='bbox 1370 4070 1402 4131; x_wconf 72' lang='lat' dir='ltr'>st</span> <span class='ocrx_word' id='word_1_379' title='bbox 1419 4044 1500 4146; x_wconf 60' lang='lat' dir='ltr'>girol</span> 
     </span>
     <span class='ocr_line' id='line_1_42' title="bbox 196 4149 1534 4241; baseline -0.002 -26"><span class='ocrx_word' id='word_1_380' title='bbox 196 4152 370 4215; x_wconf 65' lang='lat' dir='ltr'>describere</span> <span class='ocrx_word' id='word_1_381' title='bbox 383 4151 600 4231; x_wconf 73' lang='lat' dir='ltr'>sumpebnmus</span> <span class='ocrx_word' id='word_1_382' title='bbox 614 4170 683 4233; x_wconf 81' lang='lat' dir='ltr'>cup.</span> <span class='ocrx_word' id='word_1_383' title='bbox 698 4150 768 4213; x_wconf 82' lang='lat' dir='ltr'>XL</span> <span class='ocrx_word' id='word_1_384' title='bbox 775 4149 828 4215; x_wconf 88' lang='lat' dir='ltr'>VI</span> <span class='ocrx_word' id='word_1_385' title='bbox 829 4173 840 4212; x_wconf 91' lang='lat'><em>:</em></span> <span class='ocrx_word' id='word_1_386' title='bbox 861 4152 890 4213; x_wconf 71' lang='grc' dir='ltr'>εἰ</span> <span class='ocrx_word' id='word_1_387' title='bbox 897 4170 958 4232; x_wconf 81' lang='lat' dir='ltr'>per</span> <span class='ocrx_word' id='word_1_388' title='bbox 973 4171 1043 4214; x_wconf 82' lang='lat' dir='ltr'>eum</span> <span class='ocrx_word' id='word_1_389' title='bbox 1059 4150 1221 4214; x_wconf 76' lang='lat' dir='ltr'>methodus</span> <span class='ocrx_word' id='word_1_390' title='bbox 1235 4151 1469 4241; x_wconf 50' lang='lat' dir='ltr'>aequationem</span> <span class='ocrx_word' id='word_1_391' title='bbox 1530 4176 1534 4193; x_wconf 83' lang='lat'><em>·</em></span> 
     </span>
    </p>
   </div>
   <div class='ocr_carea' id='block_1_9' title="bbox 161 4246 1497 4554">
    <p class='ocr_par' dir='ltr' id='par_1_10' title="bbox 161 4246 1497 4554">
     <span class='ocr_line' id='line_1_43' title="bbox 247 4246 1496 4381; baseline -0.001 -25"><span class='ocrx_word' id='word_1_392' title='bbox 247 4294 331 4356; x_wconf 91' lang='lat' dir='ltr'>Nihil</span> <span class='ocrx_word' id='word_1_393' title='bbox 361 4291 557 4372; x_wconf 85' lang='lat' dir='ltr'>profecimus,</span> <span class='ocrx_word' id='word_1_394' title='bbox 603 4291 629 4353; x_wconf 90' lang='lat' dir='ltr'>si</span> <span class='ocrx_word' id='word_1_395' title='bbox 660 4311 718 4352; x_wconf 92' lang='lat' dir='ltr'>non</span> <span class='ocrx_word' id='word_1_396' title='bbox 746 4309 784 4351; x_wconf 85' lang='lat' dir='ltr'>ex</span> <span class='ocrx_word' id='word_1_397' title='bbox 815 4272 958 4373; x_wconf 86' lang='lat' dir='ltr'>suscepta</span> <span class='ocrx_word' id='word_1_398' title='bbox 986 4292 1143 4375; x_wconf 85' lang='lat' dir='ltr'>hypothesi</span> <span class='ocrx_word' id='word_1_399' title='bbox 1175 4301 1207 4354; x_wconf 91' lang='lat' dir='ltr'>et</span> <span class='ocrx_word' id='word_1_400' title='bbox 1236 4292 1337 4355; x_wconf 85' lang='lat' dir='ltr'>causis</span> <span class='ocrx_word' id='word_1_401' title='bbox 1370 4246 1496 4381; x_wconf 56' lang='lat' dir='ltr'>phygip&#39;s</span> 
     </span>
     <span class='ocr_line' id='line_1_44' title="bbox 161 4378 1497 4465; baseline -0.001 -19"><span class='ocrx_word' id='word_1_402' title='bbox 161 4404 231 4464; x_wconf 85' lang='lat' dir='ltr'>cap·</span> <span class='ocrx_word' id='word_1_403' title='bbox 250 4383 354 4451; x_wconf 85' lang='lat' dir='ltr'>XLV,</span> <span class='ocrx_word' id='word_1_404' title='bbox 385 4400 457 4461; x_wconf 90' lang='lat' dir='ltr'>quas</span> <span class='ocrx_word' id='word_1_405' title='bbox 481 4378 529 4443; x_wconf 90' lang='lat' dir='ltr'>hic</span> <span class='ocrx_word' id='word_1_406' title='bbox 555 4398 608 4459; x_wconf 93' lang='lat' dir='ltr'>pro</span> <span class='ocrx_word' id='word_1_407' title='bbox 630 4381 710 4443; x_wconf 87' lang='lat' dir='ltr'>veris</span> <span class='ocrx_word' id='word_1_408' title='bbox 732 4381 894 4461; x_wconf 90' lang='lat' dir='ltr'>sequimur,</span> <span class='ocrx_word' id='word_1_409' title='bbox 922 4381 1025 4460; x_wconf 86' lang='lat' dir='ltr'>justas</span> <span class='ocrx_word' id='word_1_410' title='bbox 1049 4382 1283 4445; x_wconf 79' lang='lat' dir='ltr'>exstruxerimus</span> <span class='ocrx_word' id='word_1_411' title='bbox 1306 4384 1497 4465; x_wconf 67' lang='lat' dir='ltr'>sequaninis</span> 
     </span>
     <span class='ocr_line' id='line_1_45' title="bbox 161 4467 1496 4554; baseline 0 -18"><span class='ocrx_word' id='word_1_412' title='bbox 161 4494 218 4536; x_wconf 92' lang='lat' dir='ltr'>non</span> <span class='ocrx_word' id='word_1_413' title='bbox 243 4472 339 4535; x_wconf 90' lang='lat' dir='ltr'>minus</span> <span class='ocrx_word' id='word_1_414' title='bbox 362 4489 450 4551; x_wconf 89' lang='lat' dir='ltr'>quam</span> <span class='ocrx_word' id='word_1_415' title='bbox 474 4468 643 4532; x_wconf 87' lang='lat' dir='ltr'>distantias.</span> <span class='ocrx_word' id='word_1_416' title='bbox 692 4467 767 4532; x_wconf 86' lang='lat' dir='ltr'>Cum</span> <span class='ocrx_word' id='word_1_417' title='bbox 791 4477 891 4531; x_wconf 87' lang='lat' dir='ltr'>autem</span> <span class='ocrx_word' id='word_1_418' title='bbox 916 4472 1054 4554; x_wconf 87' lang='lat' dir='ltr'>aequatio</span> <span class='ocrx_word' id='word_1_419' title='bbox 1078 4479 1273 4552; x_wconf 89' lang='lat' dir='ltr'>componatur</span> <span class='ocrx_word' id='word_1_420' title='bbox 1295 4490 1334 4533; x_wconf 85' lang='lat' dir='ltr'>ex</span> <span class='ocrx_word' id='word_1_421' title='bbox 1352 4471 1496 4554; x_wconf 81' lang='lat' dir='ltr'>parallaxi</span> 
     </span>
    </p>
   </div>
   <div class='ocr_carea' id='block_1_10' title="bbox 164 4609 477 4621">
    <p class='ocr_par' dir='ltr' id='par_1_11' title="bbox 164 4609 477 4621">
     <span class='ocr_line' id='line_1_46' title="bbox 164 4609 477 4621; baseline -0.016 0"><span class='ocrx_word' id='word_1_422' title='bbox 164 4613 266 4621; x_wconf 76' lang='lat'>--</span> <span class='ocrx_word' id='word_1_423' title='bbox 275 4609 477 4620; x_wconf 51' lang='grc' dir='ltr'>...σι--ψ--η</span> 
     </span>
    </p>
   </div>
   <div class='ocr_carea' id='block_1_11' title="bbox 161 4673 1493 4900">
    <p class='ocr_par' dir='ltr' id='par_1_12' title="bbox 161 4673 1493 4900">
     <span class='ocr_line' id='line_1_47' title="bbox 248 4673 1428 4747; baseline 0.004 -15"><span class='ocrx_word' id='word_1_424' title='bbox 248 4675 275 4747; x_wconf 80' lang='grc'>·)</span> <span class='ocrx_word' id='word_1_425' title='bbox 296 4677 382 4733; x_wconf 84' lang='lat' dir='ltr'>Valet</span> <span class='ocrx_word' id='word_1_426' title='bbox 400 4680 507 4728; x_wconf 83' lang='lat' dir='ltr'>tantum</span> <span class='ocrx_word' id='word_1_427' title='bbox 528 4673 556 4728; x_wconf 87' lang='lat' dir='ltr'>in</span> <span class='ocrx_word' id='word_1_428' title='bbox 576 4674 702 4745; x_wconf 87' lang='lat' dir='ltr'>opinione</span> <span class='ocrx_word' id='word_1_429' title='bbox 722 4675 775 4728; x_wconf 86' lang='lat' dir='ltr'>hac</span> <span class='ocrx_word' id='word_1_430' title='bbox 794 4686 911 4731; x_wconf 80' lang='lat' dir='ltr'>erronea</span> <span class='ocrx_word' id='word_1_431' title='bbox 931 4677 1032 4746; x_wconf 88' lang='lat' dir='ltr'>eapitis</span> <span class='ocrx_word' id='word_1_432' title='bbox 1052 4679 1136 4742; x_wconf 85' lang='lat' dir='ltr'>XLV,</span> <span class='ocrx_word' id='word_1_433' title='bbox 1158 4678 1201 4732; x_wconf 84' lang='lat' dir='ltr'>eui</span> <span class='ocrx_word' id='word_1_434' title='bbox 1221 4677 1267 4731; x_wconf 88' lang='lat' dir='ltr'>hic</span> <span class='ocrx_word' id='word_1_435' title='bbox 1287 4676 1428 4736; x_wconf 68' lang='lat' dir='ltr'>satanin.</span> 
     </span>
     <span class='ocr_line' id='line_1_48' title="bbox 232 4753 1493 4830; baseline 0 -18"><span class='ocrx_word' id='word_1_436' title='bbox 232 4753 273 4827; x_wconf 76' lang='grc'>**)</span> <span class='ocrx_word' id='word_1_437' title='bbox 294 4759 425 4830; x_wconf 73' lang='lat' dir='ltr'>Figuram</span> <span class='ocrx_word' id='word_1_438' title='bbox 455 4755 608 4824; x_wconf 82' lang='lat' dir='ltr'>hujusmodi</span> <span class='ocrx_word' id='word_1_439' title='bbox 637 4757 743 4809; x_wconf 86' lang='lat' dir='ltr'>habent</span> <span class='ocrx_word' id='word_1_440' title='bbox 767 4755 855 4811; x_wconf 88' lang='lat' dir='ltr'>libelli</span> <span class='ocrx_word' id='word_1_441' title='bbox 883 4757 1021 4828; x_wconf 85' lang='lat' dir='ltr'>sphaerici</span> <span class='ocrx_word' id='word_1_442' title='bbox 1041 4765 1071 4813; x_wconf 85' lang='lat' dir='ltr'>et</span> <span class='ocrx_word' id='word_1_443' title='bbox 1090 4758 1285 4814; x_wconf 74' lang='lat' dir='ltr'>commentaria</span> <span class='ocrx_word' id='word_1_444' title='bbox 1306 4758 1493 4818; x_wconf 68' lang='lat' dir='ltr'>Roiuhsldiia</span> 
     </span>
     <span class='ocr_line' id='line_1_49' title="bbox 161 4833 793 4900; baseline -0.005 -9"><span class='ocrx_word' id='word_1_445' title='bbox 161 4836 281 4892; x_wconf 80' lang='lat' dir='ltr'>theorias</span> <span class='ocrx_word' id='word_1_446' title='bbox 302 4833 460 4900; x_wconf 78' lang='lat' dir='ltr'>Purbaahr&#39;i,</span> <span class='ocrx_word' id='word_1_447' title='bbox 483 4835 510 4888; x_wconf 88' lang='lat' dir='ltr'>in</span> <span class='ocrx_word' id='word_1_448' title='bbox 530 4834 639 4890; x_wconf 85' lang='lat' dir='ltr'>theoria</span> <span class='ocrx_word' id='word_1_449' title='bbox 659 4833 793 4889; x_wconf 67' lang='lat' dir='ltr'>Masurii.</span> 
     </span>
    </p>
   </div>
   <div class='ocr_carea' id='block_1_12' title="bbox 0 0 1682 5504">
    <p class='ocr_par' dir='ltr' id='par_1_13' title="bbox 0 0 1682 5504">
     <span class='ocr_line' id='line_1_50' title="bbox 0 0 1682 5504; baseline 0 1"><span class='ocrx_word' id='word_1_450' title='bbox 0 0 1682 5504; x_wconf 95' lang='lat' dir='ltr'> </span> 
     </span>
    </p>
   </div>
  </div>
 </body>
</html>
