3354 5504
408 302 413 307 -
448 283 820 336 commemorns
837 280 927 336 nsua
945 283 1042 335 usa..
1080 284 1082 288 ·
1351 281 1415 351 ηε

63 460 224 527 libratione
247 463 307 525 duo
324 462 453 547 eldoere,
478 461 656 525 abbreviare
680 461 842 526 distantias
857 470 888 525 et
906 466 1024 542 partem
1047 463 1236 543 aequationis
1257 462 1416 544 physicam

64 552 201 637 salvam
224 561 258 614 et
281 555 344 625 (me
367 553 459 616 Atlas
470 553 495 627 l)
518 553 606 613 valde
630 551 720 614 miror
734 551 983 626 convenientiam,
1007 551 1066 613 etsi
1089 571 1147 613 non
1170 561 1255 632 puto,
1279 553 1418 633 aequalis

63 636 183 723 penitus
210 641 329 718 lutura,
364 661 440 722 qnae
464 659 502 703 ex
525 649 578 702 tua
600 639 759 724 hypothesi
790 648 900 702 exeunt
923 650 954 702 ει
978 658 1052 721 qnae
1077 659 1115 702 ex
1138 660 1213 704 mea.
1261 638 1323 704 Gur
1344 657 1415 703 vero

64 731 126 793 sine
149 729 268 793 ulculo
292 731 405 812 aliquid
427 730 558 794 tribuam
582 730 742 810 hypothesi
766 738 850 804 tuae,
881 729 989 793 dicam.
1037 728 1168 793 Constat
1191 729 1264 793 mihi
1288 748 1325 791 cx
1348 747 1418 792 mea

63 819 241 903 hypothesi,
266 818 321 884 CB
344 819 532 883 latitudinem
562 820 680 882 lunulae
705 819 866 882 maximam
889 818 934 880 sic
965 838 1034 881 esse
1057 820 1096 880 ad
1349 860 1351 865 .

64 910 130 984 ss,
144 916 181 970 us
193 908 252 973 ss
272 908 558 989 assuentes),
575 908 767 989 Rectanguta
786 913 935 982 <eamn
952 908 1094 989 igiturex
1191 892 1245 958 ¹²1⁸·
1264 886 1308 938 ⁴⁴·

67 996 130 1074 ΔΒ,
154 995 211 1062 ΒΟ
235 1005 273 1060 ει
289 1017 328 1060 ex
347 999 405 1062 DB
428 996 523 1078 (BE),
542 998 598 1060 BA
617 1007 688 1060 sunt
711 997 829 1072 similia,
854 998 981 1078 angulus
1002 997 1094 1076 igitur
1144 1001 1161 1038 ⁰
1191 1001 1257 1082 'x'

65 1083 148 1150 EAG
166 1082 289 1161 tantm,
312 1095 442 1167 quantus
464 1087 559 1169 BEpl.
605 1087 756 1150 AtBEA
779 1094 828 1149 εει
851 1087 1093 1168 quamproxime
1178 1166 1179 1171 ἵ
1218 1076 1236 1128 ³

64 1186 134 1259 ps'rs
157 1168 350 1257 tequstionis
380 1177 521 1258 physica,
542 1194 627 1255 ergo
656 1183 689 1239 et
710 1173 805 1238 ΒΑΟ.
852 1177 958 1238 Utrum
991 1175 1091 1236 autem
1175 1179 1178 1202 ³

63 1265 149 1347 plsue
165 1265 348 1345 coincidunt,
367 1266 457 1330 facile
476 1273 525 1327 est
547 1263 716 1329 aestimare.
755 1265 885 1326 Primum
900 1265 926 1327 si
944 1273 976 1327 tu
996 1265 1091 1337 utaris

64 1353 183 1437 agnus
195 1353 287 1432 nuc,
301 1352 396 1430 EAG,
417 1362 493 1417 tunc
509 1355 582 1416 haec
603 1373 677 1434 pars
700 1354 896 1435 aequationis,
922 1373 1010 1435 quam
1034 1371 1090 1432 ego
1122 1417 1137 1463 B

64 1442 194 1525 upticam
218 1442 347 1525 appello,
372 1444 563 1506 exactissime
593 1444 734 1506 convenit
756 1462 822 1506 cum
846 1462 930 1519 mea,
954 1443 979 1505 si
1004 1443 1090 1505 modo

63 1533 183 1596 libratio
205 1532 461 1606 B0›restituatur
483 1552 549 1595 cum
577 1533 729 1596 anomalia
750 1532 822 1607 DE,
847 1552 905 1593 non
929 1552 997 1595 cum
1019 1531 1088 1593 GH.

62 1622 137 1687 hm
160 1621 214 1684 uia
231 1623 304 1704 ipsa
326 1623 455 1702 genuina
477 1630 504 1692 0·
524 1641 580 1703 per
601 1623 688 1698 Der,
708 1623 738 1683 H
760 1622 849 1701 signa
870 1622 959 1701 plane
982 1621 1088 1696 ovalis,
1151 1644 1152 1647 “
1192 1624 1204 1639 ‘'

63 1711 205 1793 slliptics,
230 1710 342 1797 evadit,
366 1731 423 1773 uon
438 1712 534 1774 miurus
549 1732 638 1792 qnam
657 1712 682 1774 si
703 1719 804 1787 uterer
821 1711 942 1773 circello
961 1709 1089 1789 duplicis

62 1799 279 1877 restitutionis,
304 1808 337 1863 ut
359 1800 465 1881 scripsi
497 1801 587 1883 priori
609 1820 702 1862 ¹anno.
748 1800 838 1862 Nosti
871 1801 949 1862 enim
981 1801 1087 1880 aequi·
1211 1819 1216 1823 ’

62 1888 239 1972 pollentiam
272 1889 491 1974 hypothesium.
538 1892 645 1970 Itaque
673 1889 724 1951 via
747 1899 773 1960 d
796 1889 892 1951 uvalis
920 1895 968 1950 est
996 1889 1096 1968 potius

63 1979 292 2061 phaenomenou
307 1979 377 2052 (sed
391 1979 697 2042 demonstrationibus
721 1978 924 2053 enucleatum)
940 1998 1028 2059 quam
1043 1979 1229 2064 hypothesis.
1264 1984 1314 2046 Ad
1329 1985 1413 2049 illam

62 2069 241 2137 ulvandsm
264 2077 298 2130 tu
326 2068 374 2130 hic
406 2069 497 2130 affers
527 2066 716 2130 librationem
749 2069 926 2143 eccentrici,
958 2086 1015 2147 ego
1045 2087 1153 2134 causas
1186 2073 1348 2154 physicas,
1383 2084 1415 2138 et

63 2158 152 2221 aliter
174 2156 340 2220 cucullum.
383 2157 533 2219 Laborem
566 2165 689 2237 uterque
723 2157 849 2219 eundern
883 2157 912 2218 in
937 2163 1137 2236 computando
1169 2161 1289 2223 subit:-
1306 2164 1414 2226 Ptole.

64 2339 177 2408 (usum
192 2345 227 2399 at
240 2353 297 2415 ego
311 2355 372 2417 perv
381 2336 558 2408 circellum).
586 2336 631 2398 At
654 2335 700 2409 iis,
717 2336 766 2417 qui
786 2335 825 2396 ad
841 2335 983 2417 physicas
998 2354 1107 2401 causas
1124 2359 1220 2402 rerum
1241 2342 1415 2407 coelestium

64 2433 130 2489 suut
162 2425 291 2499 intenti,
323 2443 380 2505 ego
408 2424 584 2499 satisfacio,
617 2444 725 2488 causas
749 2444 801 2487 seu
832 2423 1002 2486 librationis
1033 2434 1103 2490 tuae
1133 2449 1187 2490 seu
1216 2430 1328 2492 circelli
1356 2432 1415 2494 mei

64 2515 237 2579 scandens.
276 2520 396 2583 (Schema
412 2524 439 2572 tn
457 2524 625 2586 manuscripto
643 2523 721 2573 deest
755 2522 840 2573 secuti
858 2522 960 2586 Kepleri
978 2525 1054 2575 rerba
1072 2532 1098 2575 ει
1110 2527 1217 2577 Fabricii
1237 2525 1418 2580 delineationes

63 2619 103 2656 uss
117 2603 200 2663 hlud,
222 2612 341 2669 quuumm
358 2604 490 2671 pominus,
509 2600 682 2667 restituimus.)
1105 2651 1106 2656 ,

147 2691 299 2774 Superest
324 2692 418 2773 igitur
445 2710 516 2772 pars
549 2691 737 2772 aequationia
767 2692 894 2774 physica
923 2714 942 2755 a
969 2713 1016 2755 me
1047 2695 1145 2770 dicta,
1178 2714 1266 2776 quam
1298 2696 1332 2758 tu'
1362 2715 1416 2776 per

64 2783 203 2866 angulum
234 2780 320 2845 Bac
351 2781 481 2851 metiris,
514 2799 570 2860 ego
603 2800 658 2861 per
680 2800 782 2844 aream
804 2781 956 2860 trianguli,
987 2802 1102 2845 rursum
1132 2785 1275 2868 physicas
1307 2805 1415 2847 causas

62 2875 217 2936 mutans.
264 2871 439 2946 Videamus,
463 2890 501 2931 an
525 2870 617 2932 etiam
640 2871 690 2933 hic
712 2869 923 2933 coincidamus.
970 2873 1042 2934 Mea
1064 2874 1157 2953 igitur
1178 2875 1317 2956 aequatio
1340 2892 1413 2954 pro·

61 2962 249 3044 portiouatur
275 2960 389 3022 sinibus
417 2959 585 3022 anomaliae
614 2959 743 3022 eccentri
773 2968 878 3039 estque
907 2960 987 3022 infra
1017 2971 1047 3023 et
1075 2981 1166 3041 supra
1188 2963 1214 3024 Ε
1238 2963 1414 3044 aequalibus

64 3050 233 3115 intervallis
256 3057 288 3110 et
309 3049 377 3129 ipsa
398 3049 545 3129 aequalis.
582 3049 849 3129 Propomionautnr
870 3068 943 3115 vero
967 3051 1059 3115 etiam
1082 3053 1137 3113 tibi
1161 3052 1336 3114 librationes
1358 3050 1413 3114 Bc

63 3141 174 3204 sinibus
189 3138 326 3218 ejusdem
340 3139 507 3200 anomaliae
523 3139 668 3213 eccentri;
693 3139 736 3200 sic
751 3138 829 3199 enim
852 3147 933 3200 tuam
948 3142 1063 3219 corrigo
1079 3141 1268 3223 hypothesin.
1306 3141 1413 3220 Itaque

63 3230 140 3292 situ
168 3244 225 3308 per
251 3228 474 3307 proportionem
496 3227 553 3290 AB
586 3227 625 3289 ad
656 3225 712 3291 Bo
735 3234 906 3290 exstrueres
935 3229 1103 3291 anomaliae
1136 3230 1265 3292 eccentri
1297 3248 1410 3308 aequa-

63 3317 189 3391 tionem,
225 3334 313 3396 qaam
336 3335 393 3397 ego
416 3316 483 3378 dico
506 3315 677 3400 physicam,
707 3323 780 3380 tunc
808 3318 847 3379 ad
869 3335 997 3396 unguem
1026 3319 1112 3397 paria
1139 3338 1253 3384 mecum
1285 3319 1411 3379 faceres.

63 3410 101 3471 At
122 3426 185 3470 non
210 3404 342 3467 exstmis
363 3425 419 3486 per
440 3405 518 3467 hanc
539 3405 638 3487 ipsam
659 3404 889 3487 proportionem,
914 3407 966 3468 sed
991 3407 1073 3487 prius
1095 3428 1150 3487 per
1171 3408 1253 3470 illam
1277 3406 1413 3486 excerpis

63 3517 156 3560 urus.
204 3495 318 3557 Differs
339 3514 417 3576 ergo
431 3516 454 3556 a
475 3512 533 3558 me.
573 3494 655 3558 Nam
676 3514 764 3559 arcus
787 3496 919 3575 excerpti
943 3514 1000 3557 non
1024 3508 1147 3559 manent
1169 3497 1198 3558 in
1221 3494 1412 3573 proportione

63 3588 221 3659 hosarum,
254 3583 312 3645 nisi
335 3583 365 3646 in
386 3583 519 3665 planetis
540 3585 665 3661 mteris,
697 3602 820 3665 quorum
842 3592 891 3646 est
912 3605 1006 3667 parva
1029 3585 1247 3647 eccentricitas.
1295 3582 1412 3653 Quodsi

63 3672 215 3758 proportio
229 3681 365 3735 maneret
384 3692 513 3749 arcuum,
528 3692 606 3754 qnae
620 3682 668 3737 est
686 3672 882 3753 tangentium,
901 3675 1059 3736 tuncnihil
1077 3675 1131 3737 tibi
1153 3679 1285 3746 noceret,
1311 3675 1412 3734 maxi-

64 3785 138 3829 mum
172 3764 315 3841 angulum
337 3762 422 3827 Bac
446 3763 564 3826 differre
596 3784 615 3826 a
644 3782 713 3826 mea
744 3762 922 3842 aequatione
943 3764 1085 3844 physica,
1118 3778 1225 3839 posses
1253 3761 1333 3822 enim
1356 3761 1411 3826 Βο

62 2266 166 2339 mque
202 2264 276 2309 vero
308 2238 464 2326 discipulis
497 2257 529 2307 tu
567 2245 675 2308 minuis
716 2247 847 2309 laborem
886 2245 1069 2327 percipiendi
1106 2260 1137 2312 te
1170 2268 1224 2337 per
1262 2251 1414 2317 circellum
1522 2249 1523 2252 '

62 3852 194 3918 mmihil
224 3858 354 3928 mamre,
387 3851 618 3949 quodquidam
649 3859 681 3915 et
707 3851 771 3932 jam
793 3851 891 3934 ¹facis,
924 3869 1070 3933 usurpans
1102 3869 1158 3929 pro
1180 3867 1248 3911 mea
1271 3846 1336 3914 420
1359 3853 1409 3914 vel
1537 3933 1539 3937 ἢ

61 3941 134 4018 032,
159 3951 246 4005 tuam
270 3935 344 4005 436.

147 4031 319 4095 Videamus
342 4049 424 4104 vero,
448 4036 560 4111 quanta
583 4030 625 4093 sit
646 4029 816 4092 differentia
838 4029 917 4090 inter
938 4046 1060 4089 arcuum
1078 4034 1112 4089 et
1127 4029 1315 4109 tangentium
1339 4047 1410 4109 pro-

61 4123 227 4206 portiones.
273 4121 350 4182 Εειο
378 4119 510 4181 maxima
538 4118 677 4203 aequatio
699 4117 826 4198 physica
848 4113 887 4180 5⁰
908 4112 972 4191 43¹,
1006 4122 1039 4177 εἰ
1061 4123 1189 4197 tangens
1221 4119 1262 4180 sit
1292 4115 1409 4181 10000.

63 4213 157 4294 Igitur
179 4229 255 4293 pars
278 4209 394 4272 damma
425 4211 578 4288 tangentis
605 4204 687 4271 1000
711 4207 765 4268 dat
786 4224 887 4268 arcum
910 4199 991 4285 34¹1,
999 4206 1018 4280 ⁴,
1043 4206 1159 4268 decima
1181 4227 1254 4269 vern
1276 4226 1348 4288 pars
1372 4209 1410 4270 de

63 4300 101 4366 5⁰
122 4299 179 4366 43⁴
204 4307 254 4362 εει
277 4292 403 4381 illim&
448 4300 535 4360 Bona
556 4296 790 4379 aequipollentia
821 4296 850 4356 in
872 4296 929 4355 hac
952 4302 1047 4375 parte.
1095 4296 1258 4359 Sumuntur
1280 4314 1351 4358 vero
1379 4304 1411 4358 ει

62 4391 196 4471 dimidia,
221 4406 292 4450 uam
314 4388 356 4450 ibi
370 4386 539 4450 differentia
563 4387 678 4448 ridetur
700 4385 831 4447 maxima
853 4385 962 4445 futura.
1004 4385 1101 4465 Igitur
1122 4382 1210 4450 5000
1233 4385 1287 4446 ἀει
1308 4402 1409 4447 arcum
1463 4444 1473 4453 ,

62 4476 101 4545 2·
129 4478 195 4543 ⁵2⁴.
242 4477 407 4541 Dimidium
439 4494 509 4537 vero
540 4477 578 4537 de
608 4473 647 4539 5⁰
678 4471 732 4537 43¹
762 4484 810 4537 est
838 4469 876 4536 2⁰
905 4467 1013 4556 51¹12'.
1059 4474 1169 4536 Vicisti
1201 4473 1319 4536 Fabrici
1351 4475 1408 4536 hoc

62 4570 195 4634 sudium
214 4575 246 4629 et
260 4566 386 4645 gloriari
407 4574 503 4646 potes,
527 4574 557 4627 te
579 4574 632 4627 tua
654 4564 813 4645 hypothesi
836 4563 993 4626 libratoria
1009 4565 1048 4625 ad
1067 4578 1187 4626 sensum
1208 4563 1408 4642 parisiacam

62 4680 130 4724 cmn
150 4654 221 4722 russea¹
242 4656 377 4738 physica.
416 4656 519 4736 Itaque
538 4655 602 4735 jam
625 4653 730 4716 desino
753 4653 851 4715 ridere
875 4664 957 4715 tuum
978 4672 1104 4734 paeana,
1127 4652 1231 4714 desino
1247 4652 1408 4733 desperare

62 4752 101 4815 da
114 4745 344 4834 hypothesibus,
358 4743 463 4826 quibus
478 4763 587 4807 causae
601 4742 743 4825 physicae
759 4744 977 4822 exprimentum
992 4744 1096 4807 desino
1111 4759 1220 4820 negare
1235 4739 1409 4804 mechanico

64 4838 211 4907 &aab
233 4834 357 4919 Byxglm
380 4833 565 4914 impossibile
588 4853 656 4895 esse
680 4840 714 4894 ut
735 4841 847 4895 motum
867 4840 903 4908 ό,
926 4832 976 4915 qni
1000 4832 1099 4894 causis
1121 4829 1262 4913 physicis·
1280 4830 1409 4896 adurim-

141 4943 321 4997 ψύθη
335 4941 371 4982 ¹¹1·
1181 4933 1197 4986 9
