3354 5504
676 448 685 475 t
875 440 907 477 I'.

172 507 249 590 quod
266 507 357 587 paulo
374 514 444 585 ante
463 506 694 586 requirebamus,
719 513 752 565 ut
766 505 835 566 nodi
850 505 1031 582 singulorum
1048 506 1221 579 competant
1235 498 1265 560 iu
1284 517 1356 558 suas
1371 497 1512 576 apsidas;

172 618 207 659 au
234 596 338 677 potius
368 586 564 689 credendum,
595 614 683 675 posse
707 613 774 655 esse
798 594 902 661 modos
926 592 1043 672 aliquos
1066 588 1240 650 coelestium
1263 586 1437 659 motionum,
1461 586 1511 665 qui

170 688 240 748 licet
262 694 296 746 et
318 686 376 766 ipsi
397 685 571 765 corporales
595 685 657 746 sint
680 683 913 761 magneticorum
936 680 1042 754 ins'tar,
1064 700 1086 739 a
1108 673 1224 739 nemine
1245 684 1347 737 tamen
1366 672 1397 736 iu
1412 674 1512 736 Terris

170 775 378 854 comprehendi
402 774 519 853 possint
542 774 579 834 ob
603 773 751 834 defectum
775 771 998 851 exemplorum?
1022 766 1279 849 quemadmodum,
1303 764 1329 825 si
1348 762 1434 825 nobis
1457 764 1512 825 de-

169 865 276 926 fuisset
307 863 457 942 magnetis
489 863 672 942 exemplum,
708 869 740 922 ut
763 861 833 922 olim
856 860 974 942 quidem
1006 856 1188 936 incognitum
1217 862 1299 928 erat,
1323 853 1451 932 plurima
1474 853 1510 914 de

169 953 268 1014 causis
291 952 466 1014 coelestium
490 958 620 1012 motuum
644 944 808 1030 ignoraturi
834 950 1004 1011 fuissemus.
1047 946 1105 1017 Qui
1124 944 1218 1006 drbes
1241 949 1363 1003 tuentur
1386 940 1510 1015 solidos,

169 1043 189 1105 ii
210 1040 301 1104 facile
325 1041 424 1103 omnia
446 1040 615 1119 expediunt,
641 1039 801 1100 secundum
825 1058 869 1113 ea,
896 1057 970 1118 quae
994 1054 1060 1114 cap.
1075 1035 1166 1098 XIII.
1192 1032 1375 1094 dictasunt.
1415 1030 1510 1091 Plano

170 1131 245 1193 euim
283 1130 441 1192 eoceutrici
471 1130 581 1191 Martis
602 1129 665 1209 ,Fls
688 1136 752 1202 (lig.
774 1133 837 1196 ¹25)
869 1129 907 1188 ad
943 1127 1064 1207 planum
1100 1121 1255 1202 eclipticas
1287 1117 1343 1182 DC
1378 1119 1513 1181 tribuent

168 1219 393 1283 inclinationem
423 1239 481 1280 non
513 1219 693 1292 libratilem,
724 1218 777 1278 sed
810 1225 923 1279 certam
953 1225 985 1276 et
1016 1221 1205 1274 constantem
1241 1227 1330 1287 super
1366 1209 1511 1270 diametro

168 1310 317 1373 eodonis
333 1310 406 1383 BA,
437 1327 493 1388 per
521 1316 653 1369 centrum
687 1306 787 1367 mundi
810 1307 840 1368 A
863 1307 954 1367 ducta
978 1303 1127 1376 (Braheus
1155 1320 1209 1383 per
1237 1305 1373 1360 ceutmm
1396 1294 1511 1370 Solis);

168 1418 252 1479 quarn
268 1397 370 1461 dicent
379 1417 519 1459 successu
529 1398 696 1459 seculorum
711 1395 791 1458 circa
802 1404 932 1457 centrum
947 1395 1019 1455 illud
1029 1394 1059 1455 A
1074 1392 1129 1454 sub
1140 1389 1280 1470 ecliptica
1294 1383 1349 1448 Dc
1364 1384 1509 1449 converti.

1202 1503 1256 1568 urg.
1279 1498 1337 1551 rao.

253 1612 304 1675 Ac
327 1630 393 1674 cum
428 1611 550 1674 duorum
583 1609 760 1672 circulnmm
790 1605 985 1669 maximorum
1007 1605 1037 1667 iu
1254 1608 1278 1657 B
1300 1605 1348 1663 ΑΡ
1463 1609 1466 1615 ’

168 1701 320 1765 schemate
343 1700 495 1780 praesenti
518 1700 578 1762 ML
597 1706 629 1760 et
648 1698 706 1759 KH
729 1696 790 1779 poli
812 1699 846 1770 F,
865 1694 893 1759 G
913 1702 944 1756 et
958 1695 993 1768 B,
1011 1693 1036 1757 C

170 1790 345 1853 tantundem
369 1789 501 1864 distent,
533 1796 645 1868 quauta
668 1796 715 1849 est
745 1785 905 1848 declinatio
935 1804 1034 1846 eorum

167 1879 297 1942 maxIma
318 1877 392 1954 MK,
415 1877 488 1940 LII:
519 1897 590 1963 ergo
618 1877 678 1957 poli
706 1876 815 1939 Martis
843 1876 880 1950 B,
905 1874 929 1938 Ο
953 1873 1034 1936 circa

166 1969 250 2050 polos
274 1967 432 2049 eclipticas
455 1969 491 2044 F,
515 1965 739 2041 Gdescribent
768 1964 905 2027 oircellos
933 1965 1030 2042 spatio
1084 2034 1088 2055 ι

166 2059 224 2132 I'B,
251 2055 320 2132 GC,
348 2053 384 2120 1⁰
406 2054 460 2120 50¹
482 2050 641 2129 25⁴‘,'sub
675 2055 780 2134 quibus
814 2053 914 2116 dicent
944 2054 1030 2132 polos

166 2148 312 2227 sphaerae
328 2147 457 2210 maurae
479 2130 558 2220 mc
580 2144 734 2207 cucumae
758 2143 787 2205 in
811 2143 1030 2218 antecedentia,

165 2245 262 2299 motus
278 2245 323 2296 'ea
347 2235 534 2316 quantitate,
563 2253 638 2314 quae
661 2252 753 2314 supra
782 2252 847 2313 cap.
871 2233 957 2294 XVI.
983 2241 1031 2296 est

166 2344 309 2408 expressa
330 2314 466 2406 inflaque
489 2343 553 2405 cap.
578 2322 691 2386 LXIX.
716 2320 890 2400 corrigetur.

743 2552 933 2561 —-—-

695 2694 821 2798 Caput·
837 2692 976 2795 LXIV.

425 2859 573 2925 Eunonen
589 2856 814 2942 porollaciom
835 2835 954 2923 Martio
970 2828 1031 2944 per
1053 2860 1247 2925 latitudines.

251 3001 312 3063 Est
335 2999 425 3079 Igitur
448 3019 513 3081 cap.
538 3000 621 3062 LXI.
647 3001 784 3062 inventus
808 3008 931 3083 uterque
954 3001 1049 3063 nodus
1072 3002 1101 3062 in
1126 3002 1199 3064 locis
1223 3003 1357 3083 praecise
1385 3005 1508 3086 opposi-

167 3089 221 3165 tis,
247 3089 379 3150 mirabili
402 3107 546 3153 consensu
572 3098 602 3150 et
626 3089 674 3169 qui
698 3092 813 3165 omnem
837 3090 1015 3171 parallauin·¹
1029 3090 1176 3165 explodat.
1205 3092 1282 3154 Esto
1297 3093 1385 3165 euim,
1409 3100 1443 3154 ut
1466 3094 1508 3156 sit

170 3179 283 3241 Martis
319 3178 482 3258 parallaxis
514 3178 624 3241 saltem
652 3176 684 3242 2‘
707 3188 738 3240 et
762 3179 810 3254 11,
845 3199 911 3241 cum
937 3160 1073 3263 utriil‘tlne
1098 3181 1127 3241 iu
1151 3182 1288 3261 opposito
1312 3181 1393 3245 Solis
1417 3183 1505 3245 fuerit

166 3267 286 3347 propior
308 3268 419 3330 Terrae
442 3286 527 3347 quam
544 3265 618 3353 Sol,
632 3275 665 3330 et
686 3267 830 3331 distiterit
851 3268 947 3349 prima
968 3264 1034 3349 nipe
1058 3288 1136 3331 anno
1161 3267 1243 3335 1595
1268 3291 1287 3333 a
1308 3272 1422 3332 vertice
1444 3271 1506 3337 cir-

167 3357 241 3418 citer
273 3353 347 3431 381;
377 3358 509 3420 secunda
539 3356 604 3419 vice
633 3377 709 3418 anno
740 3354 823 3422 1589
854 3358 972 3419 circiter
993 3346 1063 3425 661.
1110 3360 1206 3439 Igitur
1228 3380 1304 3422 anuo
1331 3355 1415 3425 1589
1439 3381 1506 3424 cum
1582 3386 1585 3392 ·

166 3446 392 3508 existimaretur
422 3447 452 3507 in
476 3447 609 3522 nodo,..·
643 3445 651 3460 ⁴
688 3454 718 3508 et
741 3446 838 3531 adhuc
861 3448 923 3509 lere
947 3447 979 3511 2⁴
1003 3447 1033 3509 iu
1055 3450 1278 3528 septentrione;
1311 3467 1382 3528 ergo
1406 3451 1502 3513 adhuc

164 3554 220 3597 uuo
255 3535 351 3615 gradu
383 3535 492 3598 luisset
522 3544 613 3598 ante·
682 3555 741 3597 um.
786 3534 891 3599 Nodus
914 3535 1006 3615 igitur
1028 3545 1112 3598 esset
1133 3557 1191 3600 uon
1218 3533 1286 3601 16⁰·
1297 3533 1352 3601 461
1375 3535 1426 3617 tls,
1456 3540 1506 3602 die·

167 3621 224 3687 171
246 3619 303 3688 461
323 3634 368 3703 til.
424 3623 539 3690 Contra
570 3643 647 3687 auno
677 3620 760 3689 1595
787 3622 928 3693 habuerit
957 3624 985 3687 11
1012 3626 1211 3703 parallaxeos.
1265 3625 1347 3707 Ergo
1370 3638 1427 3709 quo
1452 3629 1505 3690 des

165 3713 395 3775 existimabatur
419 3732 486 3776 esse
509 3714 539 3775 in
563 3714 641 3805 uodo
664 3712 859 3787 ascendente,
880 3713 1038 3793 jamvero
1062 3713 1216 3777 habuisset
1237 3715 1429 3783 latitudinem
1456 3715 1503 3795 11;

165 3819 257 3881 quare
286 3801 350 3879 jam
381 3803 461 3864 ultra
483 3784 593 3865 nodmrI
608 3800 670 3866 '30‘
694 3802 763 3864 circ,
821 3801 926 3865 Nodus
953 3801 1049 3883 igitur
1073 3804 1238 3866 ascendens
1275 3812 1358 3868 esset
1391 3807 1502 3869 nonin

140 3914 145 3930 ·
166 3886 222 3954 161
246 3885 365 3967 4618,
389 3891 441 3953 sed
465 3891 493 3952 in
521 3887 579 3955 161
603 3888 654 3955 161
677 3892 715 3967 ὅ.
760 3890 806 3954 Eu
832 3874 1501 3979 nodumdesbendeutemiu17⁸[,⁰tt1,as-

164 3980 309 4043 cendente
363 3980 395 4051 ‘n
417 3973 519 4064 16¹!ss
532 3982 569 4056 ὅ,
593 3981 619 4043 si
647 3983 695 4069 uel
717 3980 838 4043 minima
856 3981 1003 4059 parallaxi
1025 3980 1131 4043 uteris.
1171 3980 1390 4046 concludamus
1412 3985 1503 4065 igitur

163 4086 229 4135 cum
252 4084 332 4148 oap.'
401 4117 409 4144 ,
432 4070 601 4150 parallaxin
620 4068 729 4132 Martis
752 4070 888 4132 diurnam
915 4089 981 4132 esse
1000 4069 1089 4151 plane
1112 4070 1331 4149 insensibilem,
1355 4074 1500 4154 siqnidem

160 4175 235 4243 „vera
259 4158 301 4220 sit
324 4158 495 4221 observatio
519 4167 643 4241 utraque
666 4158 835 4222 latitudinis
858 4158 938 4222 intra
960 4157 1003 4222 2‘.
1033 4213 1039 4221 .

159 4270 165 4323 3
250 4248 319 4311 Non
343 4247 489 4310 dissimile
513 4254 717 4328 argumentum
740 4250 930 4328 parallaxeos
954 4249 1062 4312 nullius
1084 4256 1225 4332 nascetur
1246 4250 1332 4353 npbip
1352 4251 1443 4313 etism
1463 4272 1501 4317 ex

165 4300 232 4418 ὦ.
256 4336 354 4400 LXII.
378 4338 545 4416 praemissa
566 4337 796 4418 investigatione
819 4339 992 4400 verissimae
1015 4339 1170 4419 planorum
1192 4334 1411 4412 iuclillt'strouis,
1442 4342 1499 4405 nisi

162 4427 231 4510 quid
255 4427 399 4488 retractio
423 4427 562 4489 turbabit
607 4426 683 4489 Esto
707 4426 794 4498 euim,
816 4435 851 4489 ut
873 4429 957 4490 Mars
979 4427 1298 4506 babueritparallaxiu
1314 4448 1390 4489 anno
1414 4426 1497 4496 1593
1540 4420 1548 4437 ’

162 4515 190 4578 in
212 4515 372 4583 altitudine
396 4511 456 4577 221
479 4517 597 4579 saltem
610 4513 650 4587 21,
676 4535 755 4578 anno
776 4534 846 4578 vero
865 4514 947 4580 1585
972 4516 1001 4597 in
1015 4515 1172 4578 altitudine
1196 4511 1257 4580 531
1279 4516 1383 4578 minuti
1399 4519 1494 4583 unius.

160 4605 262 4668 Ilinor
289 4621 361 4684 ergo
391 4612 475 4667 esset
501 4605 566 4666 visa
592 4604 720 4667 latitudo
735 4605 901 4690 austrina,
933 4606 1027 4668 miuor
1056 4605 1147 4685 igitur
1177 4612 1208 4666 et
1229 4604 1496 4687 inclinatioquam

160 4693 262 4760 borea.
309 4694 355 4757 At
378 4693 442 4773 jam
462 4701 530 4756 aute
553 4691 641 4773 paulo
665 4695 761 4757 minor
783 4703 910 4776 apparet
932 4695 980 4757 vel
1003 4693 1067 4756 sine
1089 4693 1249 4775 paraliam,
1275 4703 1416 4775 quantum
1440 4697 1496 4759 ob-

160 4783 343 4846 servationis
369 4784 474 4846 vitiolo
502 4791 554 4843 aut
581 4784 753 4847 refractioni
782 4785 914 4845 nonnulli
944 4785 973 4846 in
1011 4783 1167 4847 altitudine
1188 4778 1251 4846 881
1272 4784 1362 4848 tribui
1384 4794 1495 4875 potest.

158 4872 242 4957 Ergo
271 4871 423 4959 parallaxi
447 4872 582 4938 adhibita
597 4873 775 4938 observatio
799 4873 837 4935 de
859 4873 973 4956 majore
996 4891 1094 4937 errore
1117 4872 1321 4937 incusaretur:
1350 4883 1382 4939 et
1403 4875 1497 4943 vicis-

1228 4975 1285 5034 2⁷·
