3354 5504
770 271 932 347 uppusun

271 452 493 536 Albategniua‚
527 462 644 518 retenta
675 457 845 539 quantitate
872 454 1059 538 aequationis
1081 455 1183 538 hujus,
1209 453 1281 517 nillil
1305 451 1395 514 etiam
1419 445 1449 509 in
1472 462 1526 507 ec·
1581 506 1585 515 ,

177 542 377 623 ,ωηϋίοίωο
401 552 514 606 mutare
538 546 643 626 potuit.

187 692 190 697 .
273 628 459 715 Gupemicus
481 636 619 713 exiguum
643 636 754 713 aliquid
778 636 897 697 demsit.
936 635 1015 697 Nam
1039 633 1103 715 ejus
1126 632 1266 714 aequatio
1285 630 1415 694 maxima
1429 646 1522 707 copu-

178 719 261 793 .lari⁸
285 720 326 785 iu'
345 723 479 804 syzygiis
509 718 548 786 t⁰
579 721 632 788 56⁴
668 722 733 787 20‘¹
770 725 902 786 ostendit
932 725 1183 786 eccentricitatem
1207 718 1304 786 8610.
1350 721 1451 800 Atque
1475 717 1522 779 liic

185 810 293 877 nodus
314 819 363 875 eat
386 811 613 892 investigandae
637 814 870 876 eccentricitatis
893 814 996 875 Lunae
1019 813 1097 875 idem
1121 813 1199 891 apud
1223 829 1335 873 omnes.

186 946 204 969 x
272 899 369 983 Atqui
397 919 456 962 non
484 921 573 963 unum
601 912 662 977 est,
693 904 770 982 quod
799 904 827 964 in
851 903 908 964 hac
930 894 1048 965 ratione
1070 902 1248 964 desiderem.
1295 899 1424 963 Primum
1449 896 1525 958 enirn

185 986 279 1053 innixi
301 997 371 1052 aunt
392 990 538 1070 principio
568 991 768 1054 insufficienti.
815 992 883 1054 Non
907 991 985 1053 enim
1008 991 1102 1053 omnia
1125 991 1235 1053 variati
1262 996 1359 1049 motus
1383 989 1527 1066 inaequa-

187 1079 257 1141 litas
294 1097 333 1139 ex
359 1078 481 1140 fallacia
508 1081 592 1142 visus
615 1083 724 1142 oritur:
764 1080 876 1162 aliquid
899 1082 957 1160 ipsi
981 1082 1071 1143 etiam
1095 1082 1207 1155 Lunae,
1243 1097 1299 1140 non
1319 1078 1415 1139 miuus
1438 1093 1527 1158 quam

186 1167 295 1230 ceteris
332 1185 365 1228 re
394 1185 467 1229 vera
504 1169 585 1231 inest
614 1170 753 1250 planetis.
815 1168 1071 1240 Quemadmodum
1108 1169 1191 1231 enim·
1217 1169 1333 1230 illorum
1366 1174 1463 1226 motus
1496 1170 1528 1224 et

186 1258 359 1320 lentescunt
384 1276 470 1325 vere,
499 1278 566 1320 cum
589 1278 607 1319 a
631 1258 702 1320 Sole
731 1259 937 1339 digrediuntur
960 1268 992 1320 et
1014 1259 1151 1321 contrahi
1165 1259 1194 1319 in
1210 1263 1367 1337 angustum
1380 1255 1526 1326 videntur,
1590 1314 1594 1320 ,

186 1346 224 1409 ob
251 1345 418 1407 discessum
450 1367 470 1407 a
492 1348 577 1423 visu,
608 1348 697 1430 idque
727 1350 901 1427 aequalibus
927 1349 1140 1429 propemodum
1163 1347 1295 1429 utrisque
1319 1342 1527 1417 decrementis,

186 1454 224 1497 ex
247 1453 307 1517 quo
330 1435 439 1505 evenit,
461 1443 495 1498 ut
518 1438 602 1500 sinus
625 1438 812 1519 aequatiouis
835 1439 981 1499 maximae
1005 1457 1064 1500 non
1086 1447 1178 1511 totns,
1203 1437 1256 1498 sed
1275 1443 1360 1516 parte
1375 1432 1421 1495 eui
1436 1431 1526 1494 dimi-

188 1524 242 1587 dia
264 1523 406 1585 metiatur
428 1527 693 1601 eccentricitatcm,
717 1546 776 1606 qua
798 1528 835 1588 de
858 1546 890 1588 re
914 1527 982 1588 vide
1005 1527 1190 1606 praeludium
1204 1526 1273 1608 loco
1288 1542 1378 1604 supra
1396 1523 1528 1593 allegato

186 1611 259 1693 Opt.
284 1630 314 1691 p.
340 1609 419 1687 336,
450 1615 655 1693 plenissimam
685 1634 755 1677 vero
789 1617 1073 1678 demonstrationem
1106 1614 1336 1680 Commentariis
1360 1613 1397 1673 de
1420 1612 1527 1684 Marta,

185 1701 351 1783 capXVl.
376 1701 426 1763 Ad
436 1705 562 1765 eundem
572 1705 690 1766 modum
701 1705 771 1767 etin
782 1707 926 1767 Lunares
936 1706 1036 1778 habet,
1051 1715 1085 1766 ut
1095 1704 1306 1776 semicirculus,
1323 1699 1528 1784 quiaTellure
1588 1782 1597 1802 ι
1642 1737 1645 1743 ·

185 1790 308 1870 longina
344 1791 449 1862 abest,
482 1811 538 1854 non
570 1802 686 1856 tantum
715 1794 811 1856 minor
843 1795 920 1856 visui
951 1794 1087 1856 videatur
1110 1795 1147 1856 ob
1170 1793 1364 1856 remotionem
1385 1790 1527 1869 majorem

189 1880 310 1952 trien,
334 1880 500 1942 sedetiam
525 1883 635 1945 lentius
659 1894 690 1944 et
717 1883 843 1963 longiori
867 1891 1002 1963 tempore
1032 1904 1051 1944 a
1072 1883 1171 1944 sidere
1201 1883 1385 1944 decurratur.
1439 1875 1531 1948 Quae-

188 1970 266 2032 dnae
298 1986 408 2029 causae
432 1973 616 2049 compositae
645 1991 710 2033 cum
738 1971 906 2034 conficiant·
922 1972 1131 2053 aequationem
1157 1972 1315 2033 maximam
1345 1968 1526 2050 copularem,
1609 2010 1616 2021 ·

189 2066 336 2137 utsupra
359 2058 479 2133 dictum,
504 2058 551 2128 5⁰.
576 2060 726 2143 quaelibet
748 2062 840 2140 igitur
861 2079 916 2140 per
939 2080 972 2121 se
996 2061 1168 2123 causabitur
1191 2060 1342 2122 dimidium
1364 2051 1448 2139 2¹l2⁰
1468 2058 1529 2118 cir-

187 2145 285 2209 citer:
310 2146 408 2208 etsie
431 2149 647 2211 eccentricitati
671 2149 752 2211 orbis
776 2150 879 2211 Lunae
908 2150 1089 2232 (epicyclnm
1117 2151 1195 2213 euim
1218 2157 1350 2211 veterum
1375 2155 1529 2209 auctorum
1643 2223 1652 2233 „

188 2254 245 2317 ego
278 2234 310 2296 in
337 2236 534 2299 eccentricum
564 2246 726 2313 commuto,
765 2246 799 2300 nt
821 2239 960 2301 similium
987 2258 1085 2301 rerum
1118 2240 1231 2301 similes
1259 2239 1350 2300 etiam
1372 2237 1434 2299 sint
1456 2253 1528 2296 con-

188 2327 312 2406 ceptus)
334 2324 511 2406 relinquitur
526 2347 584 2390 nou
606 2329 674 2409 plus
697 2348 785 2409 quam
807 2323 904 2403 4365,
928 2328 1081 2389 dimidium
1104 2347 1146 2390 sc.
1171 2330 1208 2391 de
1224 2327 1426 2390 Ptolemaica:
1451 2322 1529 2406 quod
1618 2394 1622 2401 Ι

188 2413 342 2477 minum
358 2413 446 2475 abest
462 2416 500 2478 ab
523 2435 575 2490 eo,
599 2416 677 2498 quod
700 2436 737 2478 ex
760 2416 972 2496 apparentibus
995 2416 1150 2480 diametris
1174 2437 1265 2498 supra
1286 2417 1467 2478 inveneram.

279 2500 396 2583 Siquis
418 2522 456 2564 ex
479 2523 526 2566 mc
548 2515 683 2586 quaerat,
706 2507 755 2587 qui
773 2507 905 2587 probem,
928 2505 1006 2567 idem
1030 2507 1148 2569 evenire
1163 2508 1276 2579 Lunae,
1301 2505 1379 2586 quod
1401 2501 1555 2584 planetis·

191 2591 318 2669 ceteris,
342 2600 530 2674 metuatque,
563 2613 599 2655 ne
631 2594 700 2676 quid
733 2595 999 2656 indemonstratum
1022 2595 1136 2676 irrepat
1157 2596 1236 2658 iuter
1259 2595 1360 2657 initia:
1383 2593 1453 2655 huic
1476 2608 1530 2669 ego

190 2679 419 2760 ai'analogiam
450 2682 578 2763 allegem
607 2685 793 2764 planetarum
827 2684 955 2745 omnium
987 2683 1138 2765 ipsiusque
1175 2685 1250 2746 adeo
1286 2682 1369 2746 Solis
1405 2682 1530 2756 (Terrae

193 2764 378 2850 Gopernico)
405 2788 569 2853 causasque
601 2773 759 2853 physicas,
797 2773 903 2854 quibus
934 2773 1074 2852 planetae
1107 2774 1230 2855 ipsaque
1253 2773 1340 2834 Luna
1362 2771 1478 2832 cientur
1500 2768 1531 2831 in
1648 2765 1654 2781 '

191 2878 290 2922 vacuo
313 2858 436 2920 aethere
458 2861 550 2923 nullia
568 2862 696 2923 revincti
711 2861 841 2936 orbibus,
865 2881 987 2941 quarum
1010 2863 1160 2940 ingenium
1183 2863 1238 2924 hoc
1253 2871 1309 2935 est,
1335 2869 1368 2922 ut
1387 2876 1532 2921 concessa
1621 2924 1625 2935 ,

192 2946 362 3012 variatione
384 2947 537 3011 intervalli
566 2952 661 3031 (quod
690 2951 720 3011 iu
743 2951 830 3012 Luna
857 2959 938 3013 certo
970 2953 1068 3031 arguit
1089 2951 1242 3013 mutabilis
1265 2949 1441 3031 apparentia
1463 2947 1531 3008 dia·

147 3094 152 3108 ,
192 3037 298 3111 metri)
320 3038 490 3100 necessario
513 3048 545 3100 et
565 3039 691 3122 physica
713 3048 810 3101 motus
832 3041 958 3103 intentio
981 3047 1013 3101 et
1034 3040 1170 3102 remissio
1194 3049 1353 3121 sequatur:
1384 3037 1460 3099 haec
1481 3035 1531 3097 in·

192 3146 282 3211 quam
305 3125 333 3188 ai
356 3126 494 3206 allegem,
523 3129 693 3210 repudiabit
714 3129 785 3191 talis
809 3128 916 3210 aliquis
938 3136 973 3192 ut
993 3129 1119 3211 physica
1142 3149 1177 3191 ac
1194 3129 1318 3210 proinde
1335 3135 1478 3189 extranea
1494 3124 1531 3186 ab

194 3214 399 3281 aamonomia:
422 3217 547 3296 perinde
570 3237 606 3279 ac
629 3218 655 3279 si
679 3218 859 3280 contrarium
882 3219 949 3281 huic
972 3219 1091 3281 axioma
1114 3220 1151 3280 de
1174 3227 1305 3281 motuum
1320 3214 1532 3297 aequabilitate

193 3327 251 3370 nou
284 3304 327 3366 ait
361 3324 455 3386 aeque
481 3307 657 3389 physicum,
689 3308 767 3388 quod
795 3315 895 3369 tamen
924 3316 1070 3390 usurpant
1091 3315 1208 3370 veteres
1231 3307 1310 3369 inter
1331 3303 1532 3367 astronomiae

193 3394 349 3477 principia.
396 3391 496 3464 Quare
520 3406 553 3457 ut
575 3397 657 3458 litem
676 3397 916 3474 intempestivam
939 3399 1093 3472 differam,
1131 3398 1249 3460 remitto
1276 3403 1474 3476 opponentem
1501 3392 1532 3455 in
1626 3394 1632 3405 '

194 3484 362 3551 Commeat
393 3483 519 3559 Martis,
550 3486 601 3547 ubi
633 3486 669 3546 de
698 3486 785 3547 Luna
812 3486 961 3564 peculiare
984 3498 1075 3569 capnt
1096 3488 1168 3549 Nro.
1192 3484 1361 3551 XXXVII.
1391 3482 1532 3546 inveniet
1640 3498 1644 3507 ’

194 3576 228 3639 ln
249 3572 428 3656 praesentia
450 3574 526 3636 satis
549 3583 607 3647 ast,
632 3574 724 3638 coiise
746 3573 832 3636 nobis
856 3575 913 3637 dno
936 3583 1175 3656 argumentorum
1199 3594 1310 3655 genera
1332 3575 1362 3635 iu
1384 3571 1533 3635 eccentri-

195 3663 319 3729 citatem
341 3664 555 3742 propemodum
577 3665 712 3739 eandem,
735 3682 859 3744 quornm
880 3664 929 3726 vel
943 3665 1110 3728 solitarium
1126 3666 1302 3728 alterutrum
1317 3662 1471 3745 probando
1485 3661 1534 3724 in-
1652 3662 1658 3675 ’

193 3753 300 3817 stitutio
325 3749 444 3814 sufficit.

281 3838 442 3915 Braheua,
478 3841 616 3920 adjutore
644 3840 818 3905 Christiano
846 3839 983 3920 Severini
1012 3841 1290 3921 (Longomontano)
1321 3858 1387 3903 cum
1408 3838 1536 3912 videret,

196 3949 309 3996 musas
332 3929 543 4010 aequationem
566 3949 603 3992 ex
626 3930 748 3992 dimidio
771 3949 839 3993 esse
861 3930 1011 4013 physicas,
1035 3930 1123 4012 idque
1146 3927 1218 3992 mihi
1234 3930 1265 3992 in
1279 3928 1351 3992 Sole
1366 3928 1535 4002 succedere,

194 4015 368 4095 introduxit
389 4018 480 4081 etiam
509 4019 539 4080 iu
562 4019 679 4082 Lunam
701 4019 798 4081 simile
820 4019 900 4101 quid,
923 4037 1005 4081 more
1027 4028 1129 4081 tamen
1150 4037 1223 4094 auo,
1254 4018 1361 4101 utqui
1383 4036 1448 4080 cum
1472 4014 1535 4079 Go-

194 4108 320 4193 psrniao
333 4105 579 4188 inaequalitatem
594 4116 693 4171 motus
703 4127 838 4189 perosus,
862 4115 1026 4190 aequantes
1036 4108 1236 4171 Ptolemaicos
1258 4127 1312 4170 sen
1327 4127 1410 4170 meas
1427 4125 1536 4169 causas

193 4198 339 4284 physicae
360 4205 497 4278 speraret
519 4197 634 4260 duobus
657 4198 810 4280 apieycliis
825 4197 949 4278 exprimi
963 4205 995 4283 et
1008 4198 1229 4278 repraesentari
1244 4216 1297 4260 seu
1311 4195 1422 4260 salvari
1435 4210 1535 4276 posse.
1655 4218 1660 4230 ·

192 4290 307 4371 Igitur,
331 4285 553 4349 eccentricitate
580 4287 781 4361 Ptolemaica,
813 4284 900 4352 8700
921 4285 1049 4349 rotundo
1063 4305 1193 4362 numero,
1217 4307 1255 4349 ex
1277 4286 1386 4349 sinain
1405 4292 1535 4364 tangen-
1655 4364 1658 4369 Ι

193 4388 258 4443 tam
280 4394 428 4439 conversa
442 4375 549 4437 relicta
563 4377 750 4455 quantitate,
773 4396 827 4457 pro
845 4376 1021 4456 aequatione
1045 4371 1083 4439 5⁰
1108 4376 1136 4439 1¹
1159 4376 1304 4445 assumsit
1323 4368 1366 4437 ¹4⁹
1388 4370 1442 4437 58⁴
1460 4369 1535 4448 20⁰,

194 4472 343 4551 qnantum
366 4462 502 4525 exhibuit
523 4483 662 4527 numems
685 4462 772 4529 8700
791 4485 829 4527 ex
840 4465 947 4528 tabula
959 4473 1143 4544 tangentum.
1173 4465 1277 4547 quue
1291 4471 1374 4526 secto
1388 4462 1420 4525 in
1433 4466 1536 4543 partes

186 4566 269 4639 ¹treas,
293 4553 373 4635 quod
394 4549 481 4617 8700
504 4553 534 4614 in
557 4554 617 4615 tria
639 4555 728 4616 facile
751 4554 943 4629 divideretur,
967 4561 999 4615 st
1021 4555 1205 4625 circellorum
1226 4554 1313 4615 alteri
1336 4551 1416 4613 datis
1439 4547 1535 4625 5800,
1601 4582 1604 4587 ·

177 4644 314 4728 '‘reliquo
338 4638 433 4718 2800,
458 4642 558 4705 effecit
579 4650 613 4705 ut
629 4643 717 4707 Luna
737 4643 767 4705 in
791 4661 925 4724 apogaeo
948 4643 996 4704 vel
1017 4642 1157 4723 perigaeo
1174 4652 1313 4705 versante
1329 4640 1536 4703 eccentricitaa

197 4741 286 4798 asset
308 4750 368 4794 non
389 4731 487 4811 major
510 4750 597 4812 quam
620 4729 724 4809 2900;
749 4733 826 4813 quod
849 4733 941 4795 etiam
963 4731 992 4792 in
1006 4732 1209 4812 parallaxibus
1223 4730 1389 4794 necandis
1407 4729 1465 4793 sibi
1480 4746 1536 4810 op·

193 4832 359 4911 portunum
393 4838 462 4884 ease
494 4821 643 4886 credebat
696 4822 776 4887 Vide
805 4821 843 4884 de
872 4822 928 4887 hoe
958 4827 989 4884 et
1016 4830 1134 4909 partem
1155 4822 1282 4903 primam
1305 4819 1474 4889 comment.
1497 4819 1535 4883 de
1572 4848 1575 4854 ·
