3354 5504
64 339 67 342 ,
159 290 223 361 652
495 308 497 315 ⁴
760 293 898 349 aalma
1003 382 1006 389 .

159 474 300 546 proportio
321 474 433 529 lunulas
453 475 487 529 ad
517 477 697 546 quadrantem
723 483 760 530 ut
782 471 796 531 1
818 478 853 532 ad
876 470 921 531 18.
963 475 1072 530 Lunula
1091 479 1136 529 est
1155 476 1305 546 quadrans,
1336 475 1421 530 mnus
1440 491 1496 548 sap·

160 564 263 620 mento,
285 555 328 610 oui
349 556 485 610 ademtum
507 561 551 611 est
570 556 859 629 parallelogrammum
879 555 1101 611 ecoeutricitatis.

741 793 925 804 u-—n-n———n

473 988 653 1053 Horatius
676 989 926 1072 hypotheseos
949 989 1190 1073 Tychonioae.

248 1156 346 1233 Nota,
377 1157 527 1219 horarium
550 1157 701 1240 Tychonis
724 1159 850 1239 prodere
875 1158 992 1221 omnino
1018 1158 1403 1234 sedentricitatem'illam‚
1433 1176 1493 1239 quar

160 1245 262 1308 reddit
284 1246 480 1328 aequationca
504 1246 726 1328 quadrantales.
1534 1306 1536 1311 .

250 1332 401 1397 Credibile
425 1345 472 1398 est
496 1335 597 1415 igitur,
621 1336 725 1398 Luooe
740 1337 880 1399 virtutem
900 1356 967 1398 esse
991 1336 1197 1416 manasticam,
1222 1355 1299 1418 quae
1324 1354 1413 1410 axem
1435 1353 1494 1414 por·

139 1451 142 1455 ·
160 1423 242 1503 rigat
263 1424 294 1484 in
318 1423 520 1505 longitudines
543 1425 669 1486 medias.
708 1423 784 1487 Cum
809 1425 900 1507 igitur·
916 1426 1019 1489 Tellus
1038 1433 1196 1499 convertat
1213 1425 1331 1503 Lunam
1357 1422 1495 1487 remissius

161 1512 192 1575 iu
215 1510 352 1594 quadris,
380 1513 468 1576 Luna
489 1515 519 1574 in
543 1514 665 1596 quadris
689 1514 738 1576 diu
762 1525 905 1577 moratur.
953 1513 1029 1580 Cum
1051 1535 1124 1597 ergo
1146 1513 1282 1595 apsidum
1308 1514 1389 1577 linea
1411 1511 1495 1575 estid

161 1600 323 1676 diametro,
355 1601 421 1665 axis
448 1602 478 1664 in
502 1602 623 1683 quadris
646 1603 744 1665 tendit
766 1605 804 1666 ad
829 1605 969 1679 Terram,
1000 1606 1072 1686 fuga
1099 1613 1131 1666 et
1156 1603 1329 1684 persecutio
1357 1603 1393 1665 fit
1415 1601 1495 1673 sortis,

161 1691 301 1772 pervasio
324 1692 358 1754 fit
381 1692 453 1754 alta.
999 1725 1003 1733 ·

248 1779 290 1842 Et
313 1790 400 1855 nota,
432 1800 497 1843 curn
521 1780 587 1859 jam
615 1789 684 1842 anto
714 1780 831 1860 species
860 1801 1014 1863 corporum
1043 1781 1251 1856 stabiliantur,
1284 1800 1362 1861 quae
1394 1779 1496 1842 omniuo

162 1868 256 1932 sortes
280 1876 350 1931 sunt
374 1870 403 1931 in
426 1869 478 1931 illo
503 1869 576 1931 sudo
601 1877 633 1931 et
655 1869 1011 1951 immateriatopaethere
1036 1890 1094 1933 non
1119 1889 1193 1950 opus
1217 1870 1339 1932 videtur
1362 1868 1497 1952 positione

162 1957 348 2038 magneticae
372 1959 494 2021 virtutis
516 1958 545 2020 in
572 1954 611 2035 Θ
637 1966 668 2019 et
692 1961 716 2035 ὁ
741 1959 927 2023 moton‘bus:
959 1960 1066 2023 sufficit
1093 1958 1221 2034 moveri,
1251 1979 1321 2021 narn
1346 1960 1429 2022 sicut
1448 1975 1498 2020 cau

163 2047 263 2128 speeie
286 2048 425 2110 carbonis
448 2048 512 2109 exit
534 2046 652 2127 species
675 2047 761 2117 lucis,
786 2056 820 2110 ut
834 2049 1009 2123 accidentis,
1035 2050 1078 2111 ita
1092 2038 1158 2110 curn
1178 2048 1279 2128 specie
1296 2048 1431 2111 Telluris
1451 2043 1512 2109 exit.

163 2136 279 2218 species
302 2144 411 2199 motus.
457 2139 500 2199 At
524 2137 552 2199 iu
577 2136 668 2200 motis
691 2156 744 2215 pro
776 2139 1000 2201 eccentricitate
1031 2138 1148 2201 omnino
1177 2137 1336 2218 ponendus
1362 2133 1499 2220 magnati·

163 2244 215 2299 cus
239 2243 334 2305 vigor.

250 2313 321 2375 Janr
353 2314 616 2389 considerandum,
651 2335 689 2377 an
724 2314 869 2377 discessio
899 2335 914 2376 e
943 2316 1089 2377 diametro
1121 2316 1367 2396 proportionetur
1400 2311 1501 2396 augulis

164 2405 298 2483 vigorurn
322 2403 517 2465 mensoribus.
556 2404 598 2473 Et
620 2403 746 2467 videtur.
785 2405 834 2465 An
858 2414 958 2467 autem
982 2398 1103 2467 maneat
1127 2402 1269 2485 ellipsis?
1293 2405 1420 2469 Nescio.
1453 2402 1499 2467 Vt-

164 2493 252 2554 detur
275 2502 376 2555 tamen
401 2502 439 2555 et·
455 2492 511 2559 hoo
534 2493 564 2554 in
588 2494 644 2554 hoc
668 2513 749 2567 casu,
769 2493 820 2555 ubi
842 2493 979 2575 apsidum
997 2493 1077 2556 linea
1096 2493 1239 2556 coincidit
1263 2513 1334 2556 cunr
1359 2493 1499 2563 diemout.

163 2581 242 2644 liam
265 2580 410 2661 paulatim
433 2581 543 2644 crescit
566 2590 730 2662 utrumque,
755 2591 785 2645 et
801 2582 850 2644 ubi
873 2602 977 2669 parum
996 2583 1141 2658 ascendit,
1167 2582 1310 2645 celeriter
1334 2581 1499 2654 transuolat,

163 2670 194 2736 h.
220 2691 246 2732 e.
270 2689 375 2751 parum
400 2680 542 2749 moratur.
617 2716 623 2727 .
940 2720 946 2731 .
1100 2673 1104 2681 '
1488 2680 1491 2685 '

235 2758 420 2825 'Considera
443 2768 474 2823 et
497 2760 623 2822 alterum
647 2777 765 2834 casum,
797 2758 821 2821 si
850 2758 930 2821 linea
953 2756 1090 2840 apsidun'r
1117 2761 1155 2823 iu·
1179 2759 1320 2847 quadris,
1355 2770 1425 2825 tunc
1444 2758 1498 2824 axis

163 2847 326 2929 parallelos
349 2860 399 2911 est
421 2849 575 2911 diametro.
624 2846 713 2913 Certe
737 2847 855 2910 difficile
868 2848 1102 2926 contradicere,
1126 2849 1216 2912 facile
1239 2850 1387 2914 credere:
1416 2858 1443 2914 et
1460 2847 1498 2910 hic

166 2957 287 3001 manere
312 2938 441 3018 ellipsin.

251 3028 318 3091 Hoc
341 3047 431 3090 unum
454 3034 552 3089 restat
575 3025 784 3106 quaerendum,
808 3045 847 3087 an
864 3025 946 3089 dicta
960 3026 1094 3107 Tychoui
1111 3026 1240 3091 variatio
1265 3029 1435 3109 quantitate
1454 3043 1497 3090 sus

164 3116 293 3181 sufficiat
314 3117 406 3180 moris
429 3117 468 3179 ad
491 3122 608 3177 tantum
630 3132 788 3176 ascensum
812 3115 1017 3179 necessariis?
1053 3116 1098 3179 At
1112 3114 1177 3198 quis
1196 3117 1367 3181 metietur?
1400 3114 1496 3190 Quibus

164 3203 344 3287 principiis?
1334 3202 1344 3231 ‘

750 3380 932 3396 --ῌ

512 3601 566 3664 De
594 3602 760 3686 physica
787 3602 991 3686 hypothesi
1019 3598 1163 3673 Lunae}

252 3771 387 3836 Ponatur
409 3770 485 3833 hoc:
522 3771 704 3835 volutionem
726 3772 837 3834 Terrae
865 3771 947 3834 cirus
973 3791 1060 3835 axem
1088 3772 1248 3834 conciliare
1272 3774 1381 3837 Lunae
1401 3780 1500 3836 notun

165 3862 245 3926 circa
273 3863 418 3925 Terram:
452 3861 535 3922 illam
561 3880 633 3923 vero
661 3862 803 3923 virtutem
826 3860 956 3923 Telluris
985 3861 1126 3941 adjuvari,
1149 3862 1179 3924 iu
1208 3863 1361 3924 movenda
1386 3862 1500 3926 Iunas

164 3952 276 4015 virtuto
299 3949 401 4024 Solis;
426 3959 571 4029 quatenus
595 3951 714 4029 quidem
739 3949 1097 4030 species·immateriatae
1112 3949 1194 4013 Solis
1212 3962 1246 4013 et
1261 3952 1395 4015 Telluris
1418 3952 1502 4014 linear

165 4050 298 4104 motuum
321 4039 496 4101 describunt
517 4039 690 4118 parallelas.
737 4039 795 4101 Ubi
820 4057 891 4100 vero
915 4059 947 4101 se
978 4048 1084 4102 secant
1111 4040 1149 4101 ad
1180 4049 1298 4116 rectos,
1329 4041 1373 4102 ihi
1401 4040 1503 4105 nullu

165 4149 234 4193 esso
257 4129 462 4209 adjumentum
482 4148 519 4190 ex
537 4128 617 4191 Sole.
651 4122 826 4199 Videamus,
850 4149 887 4190 an
907 4129 977 4210 quid
992 4129 1101 4209 opponi
1125 4129 1226 4209 possit
1247 4129 1318 4192 huic
1341 4126 1502 4212 hypoha's

165 4217 242 4282 Cum
265 4219 356 4298 igitur
380 4217 542 4296 aeh'umenti
571 4237 710 4279 mensura
738 4225 889 4279 statuatur
915 4219 945 4279 in
977 4218 1094 4297 angulis
1125 4217 1288 4294 linearum,
1322 4219 1421 4299 virt'us
1442 4212 1503 4280 sero

165 4308 339 4388 angulorum
363 4306 437 4371 insit
460 4307 489 4368 in
514 4326 614 4368 eorum
639 4306 768 4380 sinibus,
804 4307 976 4380 considera,
1008 4307 1085 4388 quod
1115 4307 1146 4368 in
1169 4308 1365 4389 quadraturis
1389 4309 1504 4390 angulus

54 4438 57 4444 ·
161 4405 265 4459 rectus
280 4395 336 4469 sit3
353 4395 553 4474 adjumentum
570 4395 691 4469 nullum,
701 4395 783 4475 recti
800 4415 870 4456 vero
888 4395 970 4457 sinus
989 4405 1080 4468 totus,
1101 4397 1253 4459 residuum
1267 4398 1377 4461 itidem
1392 4400 1502 4462 nullum

167 4482 257 4549 Circa
271 4484 469 4566 quadraturas
485 4486 611 4567 angulus
634 4494 716 4547 recto
739 4485 921 4565 propinquus
945 4486 1037 4546 habet
1060 4485 1109 4547 diu
1134 4483 1230 4548 sinum
1254 4507 1316 4550 non
1341 4488 1434 4551 multo
1456 4487 1503 4549 uri·

166 4594 269 4638 norem
292 4583 367 4649 toto,
390 4573 511 4637 residua
534 4577 572 4636 ad
596 4583 691 4636 totum
714 4574 810 4635 sinum
834 4592 937 4653 parva,
962 4573 1163 4653 adjumentum
1188 4575 1280 4638 etiam
1305 4597 1442 4658 parvum
1476 4577 1502 4639 lu

166 4663 282 4745 copulis
305 4663 449 4725 linearum
466 4665 592 4743 angulus
608 4664 715 4736 nullus,
740 4662 823 4725 sinus
838 4665 947 4738 nullus,
973 4663 1121 4726 residuum
1137 4666 1221 4726 sinus
1238 4662 1335 4741 totus,
1359 4667 1503 4748 adiumen-

166 4761 229 4814 tum
251 4751 424 4814 maxiruum.
461 4755 537 4816 Post
559 4752 700 4831 copulam.
717 4752 819 4831 anguli
842 4751 966 4843 orientis
989 4751 1072 4815 sinus
1095 4753 1193 4817 subito
1218 4754 1503 4833 crescentarii·

165 4840 265 4907 subito
282 4840 486 4918 'decrescunt
515 4848 549 4904 ot
575 4847 608 4902 et
633 4841 814 4920 ahumouta
860 4840 941 4907 Sunt
961 4859 1034 4922 ergo
1057 4842 1230 4925 rodmundo
1251 4845 1380 4911 residua
1400 4845 1504 4909 sium
