3354 5504
131 228 135 235 ’
165 242 227 314 1⁷2
647 244 686 298 ns
704 244 812 299 ιιιιιιι
833 244 926 302 suna
943 245 1031 327 ιιιιιι

162 426 199 501 u]
223 424 337 506 primm
372 426 410 488 ad
444 445 581 489 occasum
612 425 736 489 veniunt
768 423 814 500 [ιιι
835 426 865 488 Η
892 445 947 506 per
974 425 1031 497 LK
1062 443 1176 487 rursum
1208 423 1311 498 in1]:
1346 424 1514 489 tardiorem

163 514 267 578 Solem
291 515 334 589 [in
357 515 465 591 ABEJ,
489 523 523 597 qt
546 515 595 595 qui
617 515 762 595 postridie
786 515 816 576 in
840 516 866 577 E
890 515 1038 590 existens,
1063 516 1139 575 fixas
1162 514 1176 574 l
1200 513 1240 574 ad
1263 533 1405 577 occasum
1429 513 1513 577 inse-

163 612 280 685 quatur,
305 600 411 685 qulbus
436 604 531 685 pridie
551 604 673 684 junctus
697 611 764 665 erat
784 622 839 684 per
862 604 940 666 HA:
967 605 1022 666 hoc
1046 604 1153 666 iterum
1177 601 1339 665 tardiorem
1364 603 1514 667 omnium-

80 752 83 758 .
158 712 220 773 que
243 693 373 754 siderum
398 692 600 756 tardissimam
624 693 756 768 Lunam;
781 693 850 772 quia
874 710 939 755 curu
962 693 1050 754 hodie
1078 711 1144 754 cum
1168 690 1239 754 Sole
1264 692 1305 766 [in
1329 692 1370 767 A,
1392 692 1513 774 ipsein

160 783 198 856 F]
223 780 421 858 occubuisset,
445 782 590 863 postridie
615 783 711 856 [coelo
734 791 799 844 toto
823 790 855 844 et
877 802 937 844 nna
959 781 1027 863 ipsa
1047 799 1102 861 per
1117 779 1269 844 PMNOG
1292 781 1375 844 circa
1388 783 1515 846 Terram

162 870 280 945 voluta]
305 869 406 935 Solem
436 871 660 934 occumbentem
686 872 727 946 lin
750 871 789 946 Ε]
813 871 890 933 satis
920 890 1029 951 magno
1062 870 1224 933 intervallo
1250 868 1333 945 [EG]
1358 880 1513 952 sequatur.

162 959 240 1022 Hinc
257 960 466 1042 pythagoraei,
492 979 557 1023 cum
572 962 651 1022 inter
664 960 765 1022 sidera
783 959 913 1022 musicos
927 979 1018 1022 sonos
1043 959 1277 1034 distribuissent,
1302 960 1515 1040 gravissimum

162 1049 266 1111 Lunae
289 1050 436 1127 tribuere,
470 1058 503 1112 et
525 1051 604 1112 inter
626 1051 709 1132 lyrae
733 1049 862 1112 chordas
885 1048 1037 1132 hypaten,
1069 1057 1232 1129 propterea
1255 1049 1333 1129 quod
1356 1049 1514 1131 utriusque

162 1145 261 1201 motus
285 1137 474 1203 tardissimus
499 1148 591 1202 esset.
619 1139 715 1203 Hinc
739 1144 836 1203 ortae
848 1157 937 1201 voces
951 1159 1176 1221 προρρονμιιος,
1195 1133 1412 1217 manasserus,
1436 1158 1514 1220 qus-

163 1246 228 1290 rum
253 1220 313 1290 illa
341 1218 485 1308 primitus
504 1227 531 1290 ei
556 1228 663 1291 stellae
695 1227 882 1309 quadrabat,
921 1247 997 1309 quse
1030 1227 1175 1310 postridie
1204 1229 1287 1307 prior
1311 1228 1349 1291 ad
1371 1246 1514 1291 ocenum

162 1315 302 1379 veniebat
325 1320 373 1391 (ut
394 1317 421 1379 Ε
444 1316 499 1379 Sol
528 1326 666 1397 respectu
691 1315 720 1379 G
743 1317 847 1380 Lunae
875 1316 1032 1379 dicebatur
1054 1320 1304 1421 nppqyoopssocl:
1338 1317 1414 1380 haee
1442 1335 1513 1381 vero

164 1404 271 1467 stellae
295 1406 453 1469 tardiori
445 1427 474 1468 ιιι
498 1407 594 1487 primo
617 1413 700 1468 motu
725 1407 771 1481 [ut
792 1406 841 1468 hic
864 1405 993 1481 Lunae],
1019 1407 1104 1487 quasi
1128 1407 1343 1469 destitueretur
1367 1416 1399 1470 et
1423 1408 1512 1471 dere-

162 1493 345 1580 linqueretur
377 1497 418 1571 [in
444 1491 486 1571 G]
520 1494 755 1559 acolerioribus
786 1494 843 1570 OE,
866 1495 914 1571 I],
947 1495 985 1557 de
1018 1495 1124 1575 quibus
1156 1495 1225 1559 vide
1256 1494 1344 1576 plura
1378 1496 1456 1578 ca‘p.'
1472 1496 1513 1560 X.

140 1583 284 1645 'nostrae
309 1584 445 1666 Optices.
843 1585 849 1591 ’

249 1673 337 1736 Hanc
364 1674 490 1755 primam
514 1674 716 1736 astronomiae
746 1666 1018 1747 adumbrationem,
1058 1692 1134 1752 quae
1163 1673 1245 1735 nulla
1272 1687 1383 1738 causae
1416 1676 1516 1757 expli·

161 1763 298 1837 catione,
327 1765 394 1839 sola
416 1782 487 1826 vero
511 1772 542 1825 et
565 1762 747 1825 tardissima¹
763 1761 913 1825 oculorum
937 1762 1123 1843 experientia
1146 1770 1282 1838 constat,
1307 1773 1338 1827 et
1362 1782 1439 1845 quae
1464 1784 1518 1831 nec

163 1851 366 1920 schematibus
399 1872 454 1916 nec
484 1852 614 1915 numeris
642 1852 787 1932 explicari
816 1852 904 1933 inque
937 1852 1039 1915 lutura
1064 1860 1204 1934 tempora
1232 1853 1366 1933 depromi
1400 1863 1538 1936 potest..

163 1936 229 2003 'cum
253 1951 399 2024 perpetuo
423 1963 442 2004 a
465 1961 498 2002 se
522 1941 592 2022 ipsa
614 1938 773 2009 dissideat,
797 1941 874 2004 adeo
898 1949 931 2002 ut
953 1941 1037 2003 nulla
1059 1941 1143 2023 spira
1166 1940 1254 2003 alteri
1269 1943 1415 2024 temporis
1431 1962 1516 2006 mora

163 2039 317 2111 aequetur,
342 2031 426 2095 nulla
448 2030 582 2110 ejusdem
607 2029 785 2111 quantitatis
809 2031 888 2092 flexu
911 2029 941 2091 in
966 2029 1094 2092 vicinam
1114 2038 1268 2105 transeat,
1293 2033 1372 2094 hauc
1394 2032 1516 2113 inquam

163 2118 254 2200 aliqui
292 2130 395 2183 tamen
424 2120 533 2195 hodie,
574 2119 749 2181 conculcato
790 2117 837 2180 bis
868 2117 950 2181 mille
988 2138 1131 2183 annorum
1178 2119 1299 2197 labore,
1347 2120 1515 2202 diligentia,

94 2270 98 2276 .
163 2207 347 2286 eruditione,
373 2208 514 2285 scientia,
538 2209 698 2271 restituere
722 2215 876 2283 conantur,
900 2208 990 2290 vulgo
1015 2208 1244 2272 admirationem
1268 2210 1325 2284 sui,
1349 2228 1408 2271 non
1432 2210 1518 2275 irrito

163 2296 244 2377 apud
282 2296 450 2380 imperitos
477 2305 603 2369 conatu,
649 2298 836 2379 ingerentem
884 2316 958 2378 quos
994 2298 1152 2379 peritiores
1184 2299 1233 2360 vel
1256 2298 1392 2403 ineptire
1419 2298 1518 2364 vel
1493 2319 1519 2363 ιι

163 2385 334 2469 philosophi
358 2388 460 2452 audire
482 2388 595 2464 volunt,
620 2397 654 2450 ut
677 2387 827 2450 Patricius
850 2386 912 2464 ille,
936 2406 1003 2451 cum
1025 2387 1143 2451 ratione
1166 2387 1297 2453 insanire
1316 2382 1387 2468 J‘ure
1410 2388 1518 2453 merito

163 2486 300 2539 censent.

251 2564 406 2635 Successit
428 2566 507 2630 enim
531 2564 712 2627 astronomis
735 2572 770 2627 ut
792 2563 1012 2643 intelligerent,
1043 2565 1117 2627 dnos
1147 2565 1288 2628 conlundi
1312 2575 1412 2629 motus
1438 2566 1514 2629 sim-

79 2648 81 2652 ”
161 2654 275 2736 pileos,
306 2656 433 2737 primum
464 2663 496 2717 et
527 2654 694 2727 secundos,
727 2671 912 2716 communem
935 2663 968 2715 et
988 2655 1143 2735 proprios,
1176 2674 1214 2718 ex
1247 2675 1305 2738 qna
1337 2655 1512 2719 confusions

162 2746 333 2809 necessario
364 2752 509 2827 sequatur
531 2744 585 2806 illa
616 2743 905 2822 conglomeratorum
934 2752 1067 2806 motuum
1099 2763 1235 2807 connexa
1265 2745 1381 2808 series:
1412 2744 1515 2826 itaque

158 2832 305 2916 separato
339 2833 487 2896 communi
511 2833 561 2896 illo
585 2840 618 2894 et
633 2833 829 2895 'extrinsecus
861 2832 1033 2894 advenienti
1066 2841 1154 2914 raptu
1186 2833 1322 2909 diurno,
1335 2835 1402 2915 J'am
1424 2846 1516 2915 porro

153 2943 221 2986 ‘nou
252 2925 329 2986 fluas
358 2922 585 2998 velocissimos,
609 2922 725 2984 Lunam
749 2921 971 2998 tardissimam,
1002 2922 1056 2984 sed
1090 2923 1242 2985 contraria
1270 2925 1405 2994 ratione,
1439 2923 1516 2985 hau'e

163 3013 299 3082 velocem
325 3033 358 3076 se
382 3013 449 3095 ipsa
472 3022 505 3076 et
526 3019 608 3075 motu
636 3011 756 3092 proprio
779 3008 850 3086 PG,
881 3011 950 3074 illas
977 3012 1066 3091 plane
1094 3012 1143 3074 vel
1171 3012 1363 3077 tardissimas
1387 3013 1435 3075 rel
1459 3012 1517 3074 im·

164 3112 263 3167 motas
287 3122 375 3164 esse:
400 3120 523 3183 cumque
546 3104 672 3181 planeta
694 3098 852 3182 quispiam,
876 3108 910 3162 ιιι
933 3097 963 3161 G
986 3101 1087 3175 Luna,
1113 3121 1131 3163 a
1154 3099 1226 3164 Sole
1248 3101 1275 3163 E
1297 3104 1347 3166 vel
1371 3112 1390 3164 a
1411 3100 1517 3165 fixisl

165 3201 213 3254 est
234 3189 444 3267 ὑπολιιιιιικος,
469 3210 536 3253 eum
554 3191 583 3252 in
608 3187 863 3269 consequentia*)
888 3189 958 3251 ferri
979 3207 1034 3269 per
1056 3188 1113 3252 FG
1136 3190 1277 3267 celerius,
1303 3210 1390 3273 qnam
1414 3191 1517 3255 Solem

165 3300 219 3362 per
242 3282 300 3345 ΑΕ
323 3282 371 3344 vel
400 3281 476 3343 fixas
508 3300 562 3361 per
584 3280 646 3354 HI;
680 3287 713 3341 at
744 3280 770 3340 si
793 3298 1008 3360 προηγονμιιος
1038 3289 1185 3360 appareat
1214 3280 1294 3344 inter
1315 3282 1403 3354 fixas,
1432 3289 1516 3344 motu

166 3372 344 3451 retrogrado
368 3371 526 3433 incedere:
551 3379 585 3431 ut
608 3369 634 3431 si
657 3367 711 3430 Sol
735 3368 764 3429 A
787 3388 852 3431 cum
879 3369 940 3432 fixa
962 3369 991 3430 H
1014 3385 1052 3430 ex
1075 3369 1181 3432 iisdem
1216 3369 1312 3451 pridie
1346 3369 1517 3434 carceribus

165 3461 225 3524 ΑΗ
251 3460 388 3537 emissus,
411 3479 466 3542 per
488 3458 600 3522 BCDE
622 3458 811 3540 pervenisset
833 3476 925 3538 usque
949 3457 977 3519 in
1002 3458 1036 3532 P,
1060 3459 1120 3521 fixa
1143 3478 1213 3522 vero
1235 3479 1291 3541 per
1311 3460 1399 3523 HLK
1423 3472 1517 3542 usqne

167 3548 195 3612 is
220 3551 245 3620 1
271 3549 324 3613 Sol
348 3550 434 3613 unius
435 3549 517 3611 'diei
541 3548 640 3629 spatio
662 3567 717 3628 per
739 3547 931 3629 intervallum
953 3548 1010 3610 ΔΡ
1033 3549 1268 3612 retrocessisset.

182 3682 185 3689 -
256 3639 386 3720 Magnus
410 3638 490 3702 hic'
482 3658 511 3701 ιιι
536 3637 720 3729 astronomia
750 3637 926 3742 prqlectus
926 3635 984 3699 fuit
1007 3636 1044 3698 ad
1074 3637 1246 3701 discendam
1276 3646 1408 3700 motuum
1442 3636 1517 3699 sim·

167 3728 345 3810 plicitatem.
392 3729 451 3791 Pro
474 3725 599 3790 infinitis
623 3722 701 3788 enim
725 3725 824 3807 spiris,
848 3738 967 3805 semper
989 3744 1068 3789 nova
1091 3746 1129 3789 ex
1151 3728 1208 3790 fine
1231 3727 1341 3808 prioris
1363 3725 1391 3786 Ε
1415 3726 1464 3789 rel
1489 3723 1518 3789 G

157 3824 259 3891 'nexa
283 3817 526 3922 relinquebantur
548 3814 657 3896 singuli
671 3835 747 3896 pene
771 3814 872 3878 circuli
886 3813 943 3878 PG
959 3822 990 3877 et
1005 3816 1062 3878 ΑΕ
1080 3816 1139 3878 et'
1126 3835 1202 3879 unus
1225 3817 1389 3881 communis
1407 3822 1518 3890 motus,

167 3925 223 3969 seu
246 3905 375 3970 omnium
397 3908 588 3989 planetarum
617 3905 766 3986 totiusque
794 3905 870 3967 adeo
893 3903 1026 3967 mundi
1018 3925 1049 3967 ιιι
1072 3906 1194 3987 plagam
1226 3905 1357 3971 motibus
1388 3903 1520 3989 propriis

168 3997 360 4072 contrariam,
385 4017 441 4060 seu
465 3995 625 4058 secundum
640 3993 851 4058 Aristarchum
874 4001 975 4056 stante
999 3995 1117 4070 mundo,
1141 3996 1222 4078 globi
1247 3992 1418 4059 Telluris'l'
1440 3992 1521 4058 cirea

168 4104 256 4148 axem
279 4083 369 4158 QR
362 4107 391 4149 ιιι
414 4087 536 4166 plagam
561 4085 687 4147 eandem
711 4104 777 4146 cum
800 4084 928 4166 propriis
951 4085 1092 4148 motibus.
1499 4119 1502 4123 ·

251 4173 447 4257 Separato
433 4195 500 4255 Jam
527 4174 622 4255 primo
654 4181 685 4235 et
707 4174 811 4236 diurno
835 4183 919 4236 motu
942 4183 974 4235 et
996 4174 1161 4265 perpensis
1176 4174 1325 4237 tantum
1316 4174 1354 4238 ris
1375 4173 1519 4280 motibus,

169 4265 219 4345 qui
251 4266 412 4329 collatione
444 4265 557 4327 dierum
589 4263 704 4344 aliquot
735 4263 959 4368 deprehendunt
962 4283 995 4324 ur
1017 4272 1058 4324 et
1077 4254 1203 4343 siugulis
1232 4265 1364 4344 planetis
1392 4262 1520 4332 seorsim

169 4354 284 4429 insunt,
311 4356 377 4436 jam
406 4357 436 4417 in
469 4352 557 4415 his
548 4353 622 4432 spsis
655 4353 748 4415 multu
776 4355 883 4457 maj0r
898 4353 1038 4434 apparuit
1061 4354 1201 4435 confusio
1221 4374 1309 4435 qnam
1330 4353 1432 4460 prius,
1456 4372 1546 4416 cum·

170 4443 267 4506 adhm
299 4454 398 4508 motus
430 4443 551 4506 diurnus
586 4450 618 4503 et
640 4443 802 4505 communis
827 4442 901 4524 ipsis
924 4449 1007 4504 esset
1029 4430 1202 4523 implicitus.
1248 4442 1316 4508 Etsi
1341 4445 1424 4515 enim
1445 4445 1520 4509 haec

260 4647 287 4724 ³)
308 4652 340 4705 In
360 4648 558 4722 consequentia
577 4655 622 4703 est
642 4652 788 4705 secundum
815 4650 955 4723 signorum
983 4649 1081 4705 seriem
1108 4654 1144 4706 ab
1165 4653 1261 4707 Ariete
1281 4652 1310 4708 in
1329 4654 1451 4709 Taurum
1474 4649 1520 4707 δι.

171 4746 242 4803 quae
273 4731 358 4786 series
387 4732 476 4787 tendit
497 4732 533 4785 sh
554 4747 652 4785 uocmu
675 4748 727 4801 per
755 4726 893 4787 meridiem
914 4731 941 4784 in
962 4731 1124 4787 orientalem
1149 4734 1263 4806 plagam
1283 4741 1314 4789 st
1337 4735 1401 4791 inde
1426 4748 1523 4790 versas

171 4813 254 4867 imum
274 4811 472 4868 coelirursum
492 4813 526 4868 ad
547 4812 732 4869 occidentem:
754 4815 791 4869 ah
811 4814 834 4868 F
854 4812 882 4867 in
902 4812 936 4880 G,
957 4814 993 4868 ab
1014 4817 1039 4866 Δ
1060 4813 1086 4868 in
1107 4814 1140 4871 Ε.
