3354 5504
546 294 576 345 de
594 292 782 346 Commentariis
800 296 831 346 de
849 302 918 347 motu
935 297 1022 349 stenae
1040 294 1136 345 Martis.
1469 286 1511 359 79

156 471 253 534 multa
278 472 420 534 anomala
444 473 629 553 contingent.
676 474 898 539 Occurrendum
922 482 970 537 est
992 476 1084 538 etiam
1112 471 1156 535 sic
1178 479 1249 534 tuae
1274 472 1450 552 suspicioni:
1483 476 1511 537 si

158 583 251 624 eausa
275 562 420 641 ancipitis
444 563 646 644 hypotheseos
670 567 774 645 (quam
798 574 896 627 tamen
917 566 982 643 jam
1005 562 1168 643 explicavi)
1202 572 1285 623 esset
1308 563 1336 623 iu
1361 566 1510 626 eccentri-

158 654 252 714 ritate
278 650 379 724 Solis,
403 661 486 714 certe
510 672 643 733 apogaeo
668 663 693 724 d
718 662 748 715 et
772 652 811 731 Θ
837 650 898 717 48“
920 655 1064 716 distanti:
1088 652 1271 730 impossibile
1296 652 1385 731 igitur
1417 661 1510 723 esset,

157 750 192 802 ut
214 741 290 803 mihi
314 742 395 803 idern
418 742 449 802 iu
474 761 530 803 uno
553 744 739 806 semicirculo
762 745 908 823 prodiret,
933 744 981 825 qui
1006 742 1140 805 continet
1162 760 1328 820 apogaeum
1352 740 1407 818 Θ,
1432 744 1510 823 quod

159 830 187 891 in
212 831 327 903 altero,
353 830 403 912 qui
427 830 598 911 perigaeum
623 830 662 910 Θ
687 833 788 894 habet.
836 834 936 914 Atque
960 853 1046 908 eece,
1071 832 1100 892 iu
1124 830 1316 909 sequentibus
1340 838 1371 892 tu
1396 840 1427 894 te
1446 832 1510 911 ipse

159 920 267 999 arripis
285 920 401 999 tibique
418 921 521 1000 ubJ'icis
537 921 605 1001 ipsi,
623 934 778 1001 utramque
793 923 1038 1003 inaequalitatem
1054 921 1092 982 ab
1110 920 1333 983 eccentricitate
1349 930 1380 981 et
1391 917 1430 998 Θ
1442 930 1511 993 oto·

161 1030 243 1071 asuo
253 1009 388 1090 incipere
400 1010 543 1091 principio
555 1024 585 1072 et
596 1013 733 1072 conlundi
746 1020 779 1079 (v.
792 1037 811 1067 s.
823 1037 846 1083 p.
858 1018 912 1083 71).
923 1013 1058 1092 quamvis
1070 1020 1099 1071 tu
1112 1010 1140 1070 in
1156 1009 1217 1070 alia
1232 1010 1358 1071 materia
1373 1030 1509 1091 usurpas.

159 1102 277 1178 Nempe
315 1117 371 1179 per
410 1119 574 1179 apogaeum
600 1098 639 1177 Θ
669 1121 773 1179 speras
811 1111 989 1181 aequantem
1021 1100 1130 1162 lllartis
1158 1099 1279 1172 tollere,
1315 1100 1427 1161 frustra
1454 1102 1512 1165 boe

159 1190 224 1269 ipso
249 1198 439 1267 argumento,
463 1190 541 1269 quod
565 1210 697 1270 aequans
712 1210 750 1250 ex
764 1189 850 1251 nudis
872 1191 1059 1271 acrouychiis
1085 1188 1257 1261 exstruitur,
1282 1189 1331 1249 ubi
1354 1186 1393 1265 Θ
1418 1192 1507 1271 plane

159 1277 232 1339 nihil
257 1277 342 1345 facit,
366 1279 419 1338 sed
445 1286 501 1349 est,
526 1290 562 1340 ac·
585 1280 610 1340 si
635 1288 661 1351 0*
684 1300 721 1341 ex
745 1280 809 1358 ipso
833 1288 935 1341 centro
959 1280 1057 1341 mundi
1077 1285 1274 1359 spectaretur.
1312 1278 1355 1338 Mi
1370 1279 1509 1341 Fabrici:

159 1366 292 1445 gratiam
325 1368 444 1447 quidem
478 1377 606 1431 meretur
638 1377 719 1430 tuum
751 1368 889 1429 veritatis
922 1370 1052 1430 studium
1080 1378 1112 1429 et
1140 1366 1320 1429 sollicitudo.
1368 1364 1510 1431 Ceterum

159 1458 234 1518 haec
259 1475 390 1517 resnou
415 1456 514 1537 agitur
537 1458 716 1537 conjecturis
740 1466 772 1519 et
795 1458 1013 1536 suspicionibus
1037 1458 1158 1519 talibus.
1205 1457 1238 1516 ln
1259 1464 1414 1519 aeteruum
1437 1457 1510 1520 nibil
1612 1456 1615 1461 ’

159 1546 233 1608 certi
258 1544 509 1620 nancisceremur‚
533 1548 590 1610 uisi
614 1549 714 1628 aliqua
738 1554 822 1608 certa
845 1556 876 1607 et
890 1548 974 1608 firma
996 1547 1265 1627 praemitteremus.
1302 1546 1348 1607 At
1362 1554 1394 1607 tu
1408 1555 1508 1626 putas,

159 1636 237 1714 quod
261 1652 319 1714 ego
341 1636 424 1715 prius
448 1634 518 1696 mihi
543 1638 651 1717 lingam
669 1638 797 1715 aliquam
812 1637 986 1697 concinnam
1006 1635 1193 1718 hypothesin,
1221 1633 1251 1695 iu
1274 1654 1311 1695 ea
1334 1637 1509 1697 exornanda

158 1725 230 1786 mihi
254 1723 313 1803 ipsi
338 1725 528 1803 applaudam‚
553 1736 661 1805 postea
683 1728 799 1788 demum
824 1726 905 1787 illam
929 1726 967 1788 ad
990 1726 1216 1787 observationes
1239 1724 1415 1786 examinem.
1462 1724 1507 1787 At

158 1815 247 1893 louge
272 1813 397 1874 falleris.
438 1814 550 1876 Verum
574 1826 631 1889 est,
656 1818 704 1878 ubi
729 1816 902 1896 hypothesis
927 1815 1185 1877 observationibus
1200 1822 1356 1875 exstructa
1380 1824 1411 1875 et
1433 1834 1508 1876 con-

158 1906 281 1965 firmata
305 1910 367 1976 est,
391 1912 500 1982 postea
523 1904 643 1968 mirifice
667 1905 779 1984 gestio,
811 1905 836 1966 si
861 1905 888 1966 iu
913 1925 949 1965 ea
968 1913 1097 1966 naturae
1121 1903 1251 1983 aliquam
1275 1903 1509 1979 concinnitatem

160 1991 320 2055 inveniam.
366 1993 411 2054 At
436 2012 583 2073 uunquam
607 2004 698 2056 antea
721 1995 810 2074 plane
833 1995 986 2056 concludo.
1032 1994 1099 2073 Ego
1122 1992 1302 2071 sesquianuo
1325 1993 1406 2073 prius
1437 1993 1510 2055 milri

160 2083 194 2143 de
217 2081 389 2143 bisectione
414 2084 649 2145 eccentricitatis
673 2084 789 2145 somnia
812 2084 937 2165 physica
960 2084 1044 2157 finxi,
1074 2102 1162 2164 quam
1192 2082 1280 2161 plane
1304 2083 1509 2144 corrcluserim.

160 2172 240 2233 h'am
263 2189 320 2249 pro
339 2167 422 2233 1800
438 2191 554 2252 semper
569 2170 656 2236 2300
675 2173 845 2254 prodibant.
883 2174 926 2234 At
949 2191 1066 2234 errores
1090 2179 1177 2234 erant
1200 2172 1229 2232 in
1253 2171 1510 2234 observationibus

161 2261 239 2323 male
262 2259 402 2321 deductis
427 2260 465 2320 ad
489 2262 672 2341 eclipticam,
703 2282 778 2342 quas
809 2270 895 2323 tanto
923 2272 993 2343 post
1015 2270 1149 2341 tempore
1173 2262 1290 2322 demum
1316 2260 1508 2341 deprehendi.

160 2351 198 2412 lis
223 2348 354 2411 sublatis
378 2349 531 2412 celerrime
559 2349 644 2415 1800
666 2352 811 2431 prodiere,
836 2360 868 2412 et
891 2370 928 2413 ex
943 2352 1077 2413 omnibus
1092 2350 1279 2431 pragmatiis,
1305 2369 1430 2430 quarum
1452 2370 1511 2413 uon

159 2440 255 2502 minus
280 2457 344 2512 sex,
369 2440 514 2519 quasdam
538 2442 619 2503 senis
642 2444 805 2504 instructus
829 2441 1062 2502 revolutionibus
1089 2440 1285 2520 pertractavi.
1331 2442 1414 2502 Tune
1436 2460 1511 2503 sane

160 2529 301 2591 mirificus
324 2530 404 2608 apud
428 2548 474 2591 me
494 2538 576 2591 ortus
591 2539 639 2592 est
653 2551 825 2604 cousensus,
843 2530 1085 2591 concurrentibus
1099 2530 1256 2591 confertim
1271 2539 1300 2591 et
1315 2549 1382 2592 cum
1396 2529 1511 2613 impetu

160 2618 268 2679 mentis
294 2616 362 2678 hinc
386 2618 638 2694 observationum,
664 2620 730 2681 inde
753 2620 892 2702 physices
915 2620 1206 2681 ratiocinationibus.

244 2708 328 2769 Nam
342 2714 376 2768 ut
392 2716 445 2768 tua
468 2700 674 2789 quaestionum
697 2710 826 2779 vestigia
849 2709 987 2771 continuo
1002 2728 1146 2775 ‚sermone
1170 2727 1294 2788 sequar:
1344 2712 1398 2777 Fia-
1418 2705 1461 2758 ²⁰·

161 2798 236 2859 scito
268 2798 319 2869 (et
349 2805 423 2875 puto
453 2816 498 2859 mo
526 2799 590 2878 jam
620 2800 741 2879 saepius
770 2800 962 2871 inculcasse),
993 2798 1149 2880 aequantia
1174 2817 1295 2860 causam

161 2905 226 2948 esse
259 2906 482 2963 φυσικωτατητε
514 2907 571 2949 uon
606 2898 706 2950 tamen
743 2889 806 2967 ejus
842 2888 1014 2969 aequantis,
1053 2907 1110 2968 quo
1143 2887 1227 2949 nobis
1257 2887 1296 2948 ad
1351 2882 1369 2931 Γ

161 2973 338 3056 compendia
367 2976 474 3038 calculi
498 2986 545 3039 est
573 2980 723 3040 utendum.
771 2978 848 3039 Nam
871 2978 898 3038 is
921 2996 974 3056 per
996 2997 1082 3039 suam
1105 2976 1199 3057 ipsius
1221 2996 1296 3038 cau-

161 3084 242 3138 sam,
277 3082 338 3144 qua
368 3064 443 3125 locis
476 3066 649 3129 ecceutricis
682 3068 860 3129 satisfacere
893 3068 1129 3141 demonstratur,
1164 3067 1297 3146 arguitur
1473 3074 1490 3119 l

163 3152 308 3216 falsitatis
337 3154 418 3215 circa
450 3155 703 3233 dispensationem
737 3157 945 3227 distantiarum
979 3162 1010 3217 et
1040 3156 1108 3217 viae
1144 3156 1295 3236 planetae.

161 3243 328 3325 Requiraut
368 3244 564 3326 acrouychiae
608 3247 864 3309 eccentricitatem
906 3245 976 3320 AB,
1020 3254 1197 3326 aequantem
1231 3244 1296 3319 BC,
1354 3278 1375 3324 Ι

163 3334 275 3395 docebo
301 3350 367 3411 ego·
386 3352 424 3394 ex
454 3354 545 3395 causa
571 3335 696 3416 physica
718 3337 784 3397 siue
805 3335 1002 3414 parallaxium
1031 3335 1143 3397 auxilio
1175 3336 1296 3414 (quam-
1390 3358 1393 3363 ·

161 3422 204 3483 ris
241 3422 302 3483 hae
334 3441 382 3483 mo
414 3423 541 3506 primurn
571 3424 740 3493 docuerint)
771 3445 808 3485 ex
836 3422 988 3499 ΑΒ,-Βο
1021 3424 1167 3504 inquirere
1201 3444 1296 3505 quan-

160 3512 280 3574 titatem
315 3510 372 3571 DE
404 3532 494 3573 verae
527 3514 780 3582 eeceutricitatis‚
810 3533 885 3593 quae
916 3526 965 3573 est
996 3513 1148 3575 dimidium
1180 3513 1216 3573 de
1244 3513 1298 3573 Dl'

161 3601 251 3683 paulo
282 3600 420 3663 breviore
449 3622 536 3683 quarn
563 3601 631 3665 ΛΟ.
678 3605 761 3665 Haec
792 3602 847 3664 DE
880 3622 952 3663 vera
985 3603 1191 3665 ecceutricitas
1214 3599 1299 3662 dabit

160 3710 248 3753 ueras
282 3690 447 3752 distantias
481 3700 513 3751 et
542 3693 618 3753 riam
647 3701 797 3762 &veram
831 3701 920 3772 atque
949 3692 1039 3753 otiam
1070 3694 1136 3753 loca
1162 3698 1187 3760 d
1214 3708 1295 3763 vera,
1359 3684 1378 3731 Β
1467 3686 1489 3739 Α

162 3781 214 3843 sed
238 3779 486 3841 laboriosissime.

248 3869 298 3930 De
329 3869 593 3931 latitudinibus
617 3870 726 3931 Martis
760 3870 835 3931 satis
870 3870 1009 3950 inquiete.
1054 3868 1141 3931 Prius
1172 3867 1354 3947 placuerum.
1401 3867 1435 3931 Si
1459 3870 1511 3931 via

159 3957 368 4039 longitudinis,
394 3959 501 4038 inquis,
526 3968 573 4019 est
596 3959 702 4031 ovalis,
726 3959 839 4039 poterit
861 3968 893 4021 et
915 3961 965 4021 ria
985 3958 1151 4019 latitudinis
1166 3977 1233 4019 esse
1249 3965 1394 4031 tortuosa,
1420 3978 1511 4038 quare

161 4048 297 4111 reductio
311 4046 463 4130 Tychouis
482 4067 563 4121 vera,
587 4057 640 4109 tua
662 4068 743 4123 vero,
768 4049 908 4128 Keplere,
932 4048 1030 4128 opinio
1054 4046 1192 4128 impingit
1214 4046 1243 4107 in
1268 4048 1378 4109 malam
1403 4068 1511 4111 eccen-

161 4137 308 4201 triritatis
333 4137 559 4200 ordinationem.
605 4137 632 4198 0
655 4140 881 4218 praedatorem!
906 4158 993 4221 quam
1017 4136 1135 4214 egregie
1158 4136 1230 4198 mihi
1254 4137 1393 4217 fugiendo
1417 4157 1512 4218 nego-

160 4229 233 4290 tium
248 4226 385 4300 exhibes,
404 4227 515 4288 nullam
529 4228 721 4289 munitionem
737 4227 887 4301 obsidens,
905 4246 1052 4307 nunqnam
1069 4234 1173 4305 aperto
1189 4226 1289 4287 Marte
1304 4227 1508 4305 congrediens.

160 4316 240 4389 Quid
274 4336 351 4397 opus
385 4317 574 4395 suspicione?
620 4316 747 4378 Oralem
780 4337 836 4395 ego
868 4320 992 4397 figuram
1024 4315 1150 4395 primum
1182 4336 1219 4377 on
1252 4316 1511 4391 observationibus

161 4406 377 4479 demonstrari,
402 4416 512 4484 postea
533 4406 663 4467 naturali
681 4407 884 4486 speculatione
908 4404 1055 4477 roboravi,
1080 4405 1124 4467 sic
1147 4416 1180 4467 ut
1203 4426 1239 4467 ex
1263 4406 1377 4467 duobus
1396 4424 1510 4484 aequa·

160 4494 283 4558 lissimis
306 4493 464 4576 principiis
488 4514 576 4556 uuum
600 4496 719 4557 tertium
744 4496 898 4576 inaequale
922 4493 1064 4574 prodiret.
1111 4495 1155 4557 Tu
1179 4496 1205 4556 si
1228 4495 1289 4555 tale
1323 4493 1391 4573 quid
1417 4512 1509 4572 prac-

161 4586 275 4649 stiteris
299 4606 367 4647 cum
391 4593 446 4646 tua
469 4594 605 4645 tortuosa
628 4585 795 4646 latitudiuis
819 4587 878 4659 ria,
901 4583 1020 4658 viceris,
1045 4592 1076 4644 et
1098 4604 1153 4663 ego
1177 4584 1322 4645 inutiliter
1336 4581 1509 4663 Tychonica

162 4675 336 4739 taxaverim.
383 4674 429 4735 At
452 4674 501 4753 qui
524 4674 638 4755 possis,
670 4695 735 4736 cum
767 4675 842 4736 haee
873 4681 1012 4735 tortuosa
1041 4674 1090 4733 via
1113 4672 1278 4735 latitudinis
1302 4679 1445 4751 sequatur
1468 4691 1507 4735 ex

164 4784 227 4826 mea
247 4764 410 4849 hypothesi
436 4763 644 4843 longitudinis,
678 4785 752 4845 quae
784 4764 912 4825 nondum
937 4770 985 4824 est
1007 4782 1127 4837 eversa,
1160 4782 1197 4823 ne
1221 4761 1339 4843 quidem
1363 4761 1510 4823 obsessa?

164 4852 240 4919 Nam
261 4865 296 4920 tu
320 4855 441 4937 quidem
467 4859 572 4915 contra
590 4872 656 4915 eam
672 4854 762 4916 solita
782 4854 844 4934 pila
859 4851 1023 4933 jacularis,
1046 4851 1230 4935 suspiciones
1253 4850 1375 4913 inutiles
1397 4851 1510 4932 priuci-
