3354 5504
613 268 740 325 rmum
759 262 942 324 rere-roso.
1386 254 1452 353 503

133 464 206 513 sens,
228 452 299 521 quod
318 450 418 505 ssltem
438 468 475 506 ex
496 451 627 522 phasibus
641 452 802 523 quibusdam
822 454 857 506 ad
878 452 1033 524 ingressum
1053 462 1083 507 et
1102 469 1245 524 egressum
1265 456 1449 513 consimilibus

133 529 221 585 edium
240 530 428 585 enucleaverit
447 526 591 587 1ι.18.40.
623 535 661 586 At
680 532 744 587 huic
763 532 964 604 consignationi
981 533 1083 602 juncte
1096 543 1139 587 est
1160 534 1187 588 iu
1207 539 1371 607 protocollc,
1383 539 1450 601 alia,

133 624 187 665 ram
200 610 295 682 'tycho
309 611 405 666 scribit
418 615 453 666 ad
467 630 497 666 se
517 613 628 667 missam
642 629 661 666 a
673 613 710 667 M.
723 614 820 667 Joach.
836 613 993 677 Budenicio‚
1016 629 1088 684 qnae
1109 614 1179 668 idern
1200 616 1317 672 exhibet
1335 620 1451 674 medium

133 706 157 745 ιι·
174 691 329 746 consimiles
350 691 451 761 phasee
472 693 612 765 ingressus
634 700 663 746 et
689 709 832 764 egressus,
860 700 890 747 et
916 710 967 763 per
994 693 1116 762 ejusdem
1135 696 1247 750 Arcturi
1267 697 1448 755 altitudinem.

133 778 177 825 rat
196 772 268 826 enim
287 771 339 826 illa
359 766 413 827 550
435 768 481 829 120
502 791 562 828 cum
583 776 721 844 quadrans
743 774 770 827 in
790 774 887 828 umbra
900 780 984 838 esset,
1006 779 1036 828 et
1056 768 1110 830 540
1132 772 1177 829 320
1199 792 1258 829 euru
1272 778 1401 845 semissis,
1420 789 1452 833 et

133 843 160 905 l'
182 845 230 906 140
250 869 312 907 cum
332 854 396 915 bes,
418 860 448 907 et
475 846 528 909 520
551 849 598 910 270
621 871 681 908 curn
701 854 825 909 dodrans.
866 854 932 908 Inde
960 854 1065 917 nuhes;
1094 860 1124 908 ut
1145 861 1209 923 post
1228 857 1361 925 medium,
1391 877 1450 914 cum

133 948 205 987 snm
224 932 357 997 domnus,
380 934 431 989 alt.
454 925 480 996 3
503 934 558 991 tuit
578 927 612 990 20
632 940 740 989 exacte.
780 934 914 988 Additur:
943 936 1109 1004 respondere
1129 942 1267 1005 tempora,
1292 939 1321 994 h.
1343 939 1370 995 4.
1392 939 1449 1004 440,

154 1008 214 1077 510,
236 1008 263 1070 5.
282 1008 311 1068 90
331 1021 361 1069 et
381 1031 430 1084 pro
451 1015 629 1072 dodrantibus
650 1015 678 1068 h.
701 1009 793 1068 5180
813 1020 843 1067 et
863 1015 890 1069 h.
912 1010 937 1068 0.
953 1010 1018 1077 49ος
1039 1021 1072 1071 ut
1091 1012 1263 1071 sit'medium
1282 1019 1310 1074 h.
1335 1016 1361 1075 6.
1376 1014 1449 1083 3¹l2‘.

133 1091 223 1149 idstnr
242 1093 329 1166 igitur
348 1094 400 1148 illa
419 1096 481 1166 ipsa
500 1113 562 1152 esse
583 1094 748 1158 observatio,
770 1094 847 1164 cujus
869 1110 998 1161 summspn
1019 1095 1174 1149 Severinius
1196 1096 1312 1166 scripsit.
1348 1100 1449 1162 Quodsi
1539 1140 1543 1145 -

133 1174 307 1245 mpurareris
328 1175 427 1245 phasin
449 1176 568 1232 semissis
588 1177 616 1231 h.
637 1176 664 1232 4.
686 1170 733 1229 510
755 1191 814 1228 cum
839 1191 901 1230 mea
928 1176 985 1231 obs.
1011 1176 1038 1230 h.
1060 1171 1076 1228 5
1103 1176 1188 1244 paulo
1214 1177 1295 1245 plus,
1320 1180 1370 1234 -rel
1398 1197 1449 1252 per

133 1253 302 1310 rrectionem
321 1253 349 1326 h,
365 1250 393 1310 5.
409 1251 457 1311 250
478 1259 561 1327 paulo
582 1258 663 1327 plus:
685 1254 796 1310 dabitur
815 1257 1032 1309 animadvertere
1053 1256 1107 1309 diff.
1126 1256 1235 1309 meridd.
1257 1257 1329 1313 inter
1348 1260 1448 1315 Rosto·

133 1334 196 1391 dnm
215 1341 246 1389 et
259 1335 384 1390 Gratium
401 1339 446 1390 vel
468 1332 497 1390 90
518 1339 588 1409 plus,
610 1336 654 1390 rel
671 1332 718 1389 340
739 1336 809 1405 plus.
839 1336 915 1388 Unde
937 1335 1019 1389 facile
1039 1344 1127 1406 patet,
1149 1337 1258 1390 nimiam
1278 1348 1339 1393 esse
1360 1356 1447 1395 meam

133 1414 308 1479 motionem,
331 1433 382 1471 nec
402 1428 493 1472 tamen
514 1419 618 1473 nullam
638 1416 745 1470 omnino
766 1417 958 1477 statuendam:
980 1416 1093 1470 tabulae
1108 1415 1178 1470 enim
1193 1417 1335 1489 requirunt
1352 1438 1375 1476 c.
1392 1417 1448 1478 170.

183 1496 248 1550 Jnm
267 1497 380 1567 Tycho
398 1497 612 1569 Wandesburgi,
634 1498 705 1568 quod
725 1513 777 1549 nou
800 1496 916 1566 amplius
937 1512 1019 1566 quem
1043 1490 1072 1556 03,
1095 1496 1160 1552 mill.
1181 1498 1342 1573 Hamburgc
1363 1500 1449 1555 distat

133 1575 169 1632 lt
189 1577 248 1648 poli
269 1569 322 1633 530
343 1573 405 1639 460,
427 1578 531 1633 initium
552 1578 675 1650 signerit
695 1577 745 1630 ult.
767 1576 914 1645 superioris
935 1576 1010 1629 limbi
1031 1567 1057 1636 3
1082 1568 1135 1629 230
1156 1573 1211 1641 300,
1234 1579 1326 1650 itaque
1347 1582 1447 1635 consti-

133 1662 166 1711 tu
186 1656 288 1711 visibili
309 1659 369 1712 loco
391 1648 416 1719 3
439 1659 502 1713 hinc
522 1659 617 1712 elicuit
636 1658 663 1711 h.
689 1653 733 1710 10.
757 1650 814 1721 120,
837 1659 907 1727 quod
928 1665 1003 1710 esset
1023 1656 1132 1714 Uranib.
1153 1656 1180 1713 h.
1203 1652 1248 1713 16.
1270 1654 1319 1713 250
1339 1679 1376 1716 ex
1395 1663 1447 1716 ilde

133 1736 182 1791 bu.
224 1738 302 1800 Quae
323 1746 483 1809 comparata
504 1757 563 1793 eum
590 1755 652 1792 mea
676 1738 735 1791 obs.
756 1737 783 1792 h.
805 1737 831 1792 4.
857 1733 917 1800 350,
945 1737 990 1789 rel
1014 1737 1042 1791 h.
1064 1732 1090 1793 5.
1111 1733 1140 1791 00
1168 1754 1218 1807 per
1243 1741 1445 1807 correctionem,

134 1816 227 1871 tendit
238 1817 294 1871 dir.
310 1820 420 1873 meridd.
439 1816 485 1875 190
499 1821 544 1874 rel
559 1815 615 1882 430,
637 1835 708 1888 quae
722 1817 845 1870 discerne
859 1835 895 1871 ex
909 1816 1109 1887 superioribus:
1130 1834 1193 1872 nam
1206 1819 1321 1874 tabulae
1341 1829 1448 1892 ponunt

133 1892 163 1951 30.
204 1902 245 1952 At
271 1915 330 1973 pum
361 1900 480 1954 semissis
507 1901 718 1961 obscuraretur,
748 1906 833 1966 caput
853 1897 987 1967 Ophiuchi
1013 1914 1031 1951 a
1057 1898 1205 1952 meridiano
1230 1901 1374 1956 adortum
1394 1902 1448 1957 brit

133 1967 159 2035 40
179 1971 245 2041 24ος
273 1995 333 2034 σιιιιι
353 1980 439 2052 igitur
465 1981 502 2034 sit
521 1980 581 2048 ejus
602 1980 661 2032 AR.
684 1970 757 2031 2590
778 1974 814 2040 20,
843 1977 897 2031 erit
920 1978 977 2032 AR.
1004 1979 1074 2031 med.
1103 1979 1172 2031 coeli
1198 1972 1272 2035 2320
1293 1976 1355 2045 380,
1382 1982 1447 2037 hinc

133 2058 205 2113 slata
217 2059 278 2113 AR.
294 2054 326 2118 Θ
349 2054 423 2116 3340
443 2056 490 2114 270
511 2060 641 2129 relinquit
661 2052 734 2114 2580
758 2051 819 2120 11ος
840 2059 910 2112 hora
929 2065 973 2111 est
996 2052 1113 2113 17130.
1140 2059 1245 2114 Eadem
1265 2078 1330 2115 vero
1350 2062 1446 2133 phasis
1502 2074 1506 2082 '

133 2136 248 2193 nstochii
269 2139 296 2194 h.
318 2135 344 2194 5.
368 2135 414 2196 180
439 2141 499 2195 risu
526 2140 666 2202 scribitur,
695 2144 770 2191 esset
794 2137 880 2208 igitur
904 2138 958 2193 du.
985 2138 1096 2192 meridd.
1124 2155 1178 2193 non
1197 2140 1286 2209 mqjor
1306 2158 1385 2212 quam
1407 2138 1445 2207 50,

133 2234 187 2275 tam
208 2220 324 2274 tabulae
344 2221 450 2275 iaciunt
472 2217 528 2277 110.
570 2220 682 2274 Scilicet
701 2218 797 2288 phasis
817 2218 873 2271 ists
898 2217 1017 2272 semissis
1042 2218 1070 2273 iu
1089 2219 1187 2273 umbra
1210 2236 1260 2289 pro
1285 2222 1445 2279 diversitate

133 2314 179 2355 sus
200 2300 286 2354 aliter
306 2301 342 2354 sb
363 2301 426 2354 aliis
447 2300 681 2356 animadvertitur.
712 2299 784 2352 Ecce
804 2304 868 2367 post
889 2293 936 2350 300
956 2298 1085 2353 scribitur
1105 2300 1272 2369 supertitisse
1293 2302 1394 2358 triens:
1416 2310 1447 2357 at

133 2380 248 2435 nstcchii
268 2388 333 2450 post
356 2375 417 2444 18ος
438 2399 544 2436 rursum
564 2387 629 2450 post
649 2379 707 2433 alia
728 2374 756 2430 30
778 2378 937 2448 superfluere
957 2395 1008 2435 scr.
1029 2376 1047 2431 9
1068 2380 1085 2434 i.
1100 2398 1124 2435 e.
1145 2380 1203 2433 lere
1224 2384 1370 2451 quadruos,
1391 2384 1445 2438 Ro·

133 2458 205 2515 sehii
229 2469 295 2530 post
317 2461 374 2514 elia
395 2457 432 2516 90.
472 2462 538 2516 lnde
565 2476 672 2529 semper
695 2459 781 2512 minor
810 2458 982 2528 deprehensa
1008 2466 1052 2513 est
1079 2476 1144 2530 pars
1168 2461 1279 2516 residua
1304 2480 1391 2535 usque
1408 2466 1445 2518 ad

153 2534 202 2595 18.
223 2538 269 2603 00,
291 2547 356 2595 tunc
376 2541 488 2596 dimensi
509 2549 574 2597 sunt
593 2555 653 2594 eam
673 2556 711 2594 sc.
733 2536 765 2600 3;
787 2557 824 2592 ex
844 2555 877 2591 eo
898 2554 1004 2594 rursum
1025 2540 1119 2605 crevit,
1140 2545 1171 2594 ut
1191 2540 1218 2598 n
1241 2537 1286 2599 18.
1303 2539 1352 2598 480
1372 2551 1447 2598 esset

133 2620 185 2675 rasi
209 2614 265 2675 100.
306 2622 516 2693 comparatione
544 2622 631 2694 igitur
658 2636 718 2673 cum
742 2619 770 2673 h.
795 2615 841 2675 17.
864 2613 927 2683 520,
955 2622 1062 2690 quaudo
1088 2616 1117 2673 9‘
1146 2622 1323 2691 superfuere,
1353 2624 1446 2678 reniet

133 2700 221 2757 odium
242 2708 307 2755 ante
327 2703 356 2757 h.
381 2698 426 2757 18.
449 2697 510 2765 200,
539 2710 569 2756 et
589 2700 682 2771 Tycbc
713 2700 819 2770 quidem
846 2716 868 2755 c.
889 2700 916 2754 h.
940 2692 986 2754 18.
1007 2695 1037 2753 00
1057 2700 1172 2754 medium
1198 2700 1323 2757 incidisse
1350 2705 1445 2774 opina·

133 2788 197 2837 our.
240 2781 334 2836 Oritur
354 2798 390 2836 ea
410 2782 453 2836 die
474 2776 506 2841 Θ
528 2783 557 2837 h.
582 2775 626 2836 19.
647 2777 676 2834 00
703 2780 730 2833 in
756 2780 828 2833 dicto
853 2779 1004 2834 horizonte.
1044 2783 1135 2851 Atque
1162 2798 1200 2836 ex
1225 2781 1301 2836 hisce
1322 2784 1444 2839 omnibus

133 2862 220 2917 imum
241 2863 292 2916 hoc
312 2864 446 2928 habetur,
475 2863 643 2933 superfuisse
669 2861 695 2915 in
716 2861 835 2914 maximo
856 2860 964 2914 delectu
985 2860 1074 2914 adhuc
1094 2877 1131 2913 sc.
1154 2856 1187 2924 3,
1215 2861 1262 2915 ubi
1288 2870 1379 2919 tamen
1399 2866 1446 2918 ad·

133 2950 206 2997 intur
225 2944 312 2996 verba
324 2942 503 2998 dubitationis
527 2959 615 3013 ,quae
628 2941 686 2995 ullo
702 2942 780 2995 modo
794 2939 909 2994 discerni
926 2939 1083 3009 poterant.
1112 2939 1227 3005 Deinde,
1249 2946 1337 3013 quoad
1358 2944 1446 3014 ipsum

133 3022 236 3087 edium,
263 3023 331 3078 illud
356 3025 415 3078 lato
440 3025 517 3077 modo
543 3024 628 3077 luisse
653 3022 725 3075 inter
745 3021 771 3078 h.
795 3016 840 3075 18.
861 3016 891 3076 00
911 3026 941 3074 et
963 3015 1007 3074 18.
1028 3015 1092 3084 20ος
1121 3020 1149 3073 in
1168 3021 1316 3093 Progymn.
1335 3024 1447 3093 ponitur

156 3097 201 3158 18.
222 3100 260 3159 70.
304 3104 407 3174 Opinor
428 3112 519 3158 temen
540 3122 563 3158 c.
584 3104 611 3157 h
635 3096 729 3158 18.0¹
754 3117 899 3171 perperam
923 3100 1072 3154 sestimsta
1098 3100 1184 3154 fuisse
1207 3102 1318 3157 residua
1337 3104 1398 3158 suls
1418 3100 1446 3158 30

134 3190 234 3254 spectu
259 3190 412 3238 ceterarum
439 3184 582 3255 phasium:
612 3199 676 3236 nam
702 3180 793 3235 subito
821 3179 951 3252 apparuit
970 3180 1080 3234 residua
1100 3197 1166 3251 pars
1189 3181 1289 3252 major,
1311 3190 1340 3238 et
1360 3185 1447 3255 longa

133 3262 183 3319 mis
200 3264 276 3318 videt
323 3264 431 3319 dimidia
450 3266 558 3318 duratio
573 3281 590 3317 a
606 3260 738 3332 principio
753 3261 801 3315 illo
819 3261 982 3315 indubitato.
1011 3262 1089 3315 Adde
1105 3262 1175 3332 quod
1189 3262 1376 3319 Rostochisna
1390 3266 1447 3320 obs.

133 3342 221 3398 mium
244 3281 322 3398 sumu
341 3345 369 3399 h.
393 3338 437 3399 18.
458 3342 486 3400 40
507 3344 657 3398 Wundesb.
678 3341 841 3396 transmittit
859 3342 888 3396 in
908 3341 1003 3396 horam
1024 3342 1196 3397 anteriorem.
1233 3342 1295 3396 Huc
1315 3346 1448 3401 accedunt

133 3431 256 3479 uerrsta
277 3424 430 3495 sequentia.

192 3522 227 3577 D.
249 3523 442 3577 Fabricius
463 3522 489 3576 in
512 3539 586 3593 pago
600 3518 815 3574 Resterhsrensi
828 3536 915 3589 prope
931 3519 1059 3575 Auricum
1072 3520 1178 3575 initium
1191 3520 1326 3593 eclipseos
1339 3524 1447 3577 uomit

133 3610 154 3659 t.
173 3603 278 3674 Reguli
298 3598 351 3659 240
374 3599 430 3667 300,
451 3619 519 3673 ergo
540 3603 567 3654 h.
592 3595 636 3655 16.
660 3594 695 3655 10.
728 3599 774 3653 Ita
793 3599 912 3670 emergit
931 3599 985 3655 dili.
1005 3600 1117 3655 meridd.
1138 3602 1287 3656 Wandesh.
1309 3602 1445 3659 etAurici

133 3679 162 3748 40,
192 3685 263 3754 quod
293 3682 417 3753 proxime
443 3682 570 3754 congruit
594 3680 710 3751 mappis.
749 3679 857 3733 Exinde
878 3696 938 3734 cum
957 3680 986 3735 in
1009 3681 1131 3736 maxlma
1150 3682 1341 3736 obscuratione
1361 3691 1444 3748 esset,

133 3762 185 3841 ¹uidi
207 3781 291 3818 cornu
311 3763 411 3818 residui
431 3764 481 3818 let.
502 3769 566 3816 erat
584 3762 732 3815 aestimata
749 3755 785 3823 5‘,
807 3761 854 3812 sed
875 3761 945 3830 quod
966 3760 1106 3816 obscurius
1127 3767 1202 3815 esset
1220 3762 1312 3817 lumen
1332 3770 1445 3833 propter

133 3859 221 3915 peres
235 3844 308 3897 circa
322 3843 499 3907 horizontem,
514 3843 693 3897 instrumento
708 3840 733 3893 id
748 3839 837 3893 metiri
851 3857 905 3894 non
917 3840 1017 3910 potuit.
1046 3840 1187 3895 Fabricius
1201 3841 1227 3896 id
1241 3842 1389 3914 contigisse
1403 3843 1446 3897 nit

155 3917 200 3980 17.
222 3920 323 3988 58050,
351 3925 399 3978 sed
420 3922 548 3996 appingit
567 3921 682 3992 phasin,
704 3920 731 3973 in
753 3936 808 3992 qua
827 3935 930 3973 cornua
949 3928 1014 3973 sunt
1031 3928 1132 3975 exacte
1153 3938 1241 3992 prona
1261 3928 1290 3976 et
1309 3922 1444 3977 horizonti

133 4020 239 4083 »versu
266 4022 302 4057 ex
324 4020 378 4075 qua
400 4004 482 4075 phasi
501 4009 604 4056 eertum
624 4007 685 4064 est,
713 4001 740 4055 id
760 3999 844 4055 fluisse
864 4006 929 4070 post
948 4000 1079 4064 medium,
1108 4002 1173 4071 quie
1192 3992 1219 4064 J)
1241 4001 1270 4057 in
1292 4005 1443 4074 quadrante

133 4084 267 4139 cideutali
288 4084 355 4138 satis
376 4084 485 4138 humilis
507 4089 585 4143 erat;
607 4091 691 4152 atque
712 4080 738 4135 id
759 4080 844 4135 etiam
863 4080 990 4151 congruit
1010 4082 1170 4138 observetis.
1204 4082 1233 4136 si
1254 4084 1326 4138 enim
1344 4084 1443 4139 Rusto·

133 4164 293 4221 iimedium
313 4163 366 4218 tuit
386 4165 413 4219 h.
437 4157 480 4220 18.
495 4162 532 4227 40,
554 4162 681 4216 convenit
700 4163 847 4215 secundum
866 4176 991 4231 mappas,
1012 4170 1044 4215 ut
1063 4161 1156 4216 Aurici
1176 4162 1261 4218 fuerit
1279 4164 1306 4220 h.
1324 4158 1367 4220 17.
1382 4158 1441 4220 410.

190 4261 396 4317 hlaestlinus
411 4278 476 4315 rere
490 4259 705 4323 etRittelius,
722 4261 793 4329 quod
806 4258 918 4321 mireris,
933 4259 1049 4313 totalem
1062 4260 1251 4315 observarunt
1279 4259 1444 4331 Principium

149 4344 201 4399 alt.
222 4333 248 4404 3
272 4335 337 4398 200,
365 4344 435 4396 unde
456 4340 564 4395 elicitur
584 4341 612 4395 h.
635 4334 679 4394 10.
700 4334 744 4401 6ος
774 4338 822 4392 ubi
846 4338 938 4403 rides,
967 4346 1069 4409 quanto
1095 4357 1229 4395 consensu
1255 4357 1315 4395 cum
1334 4341 1442 4412 mappis

133 4424 233 4497 rbinga
251 4423 341 4478 media
360 4424 444 4476 csdst
463 4420 534 4475 inter
554 4419 683 4474 Auricum
703 4424 733 4471 et
751 4420 949 4489 Hamburgum.
991 4421 1022 4474 lu
1045 4420 1176 4491 principio
1227 4420 1292 4475 telis
1313 4422 1442 4476 obscure·

133 4504 200 4569 snit,
220 4502 293 4558 omui
313 4502 432 4573 vestigio
451 4500 521 4556 lucis
534 4501 687 4563 exstincto,
708 4506 876 4553 annotanmt
896 4499 945 4553 alt.
966 4491 993 4562 J
1019 4493 1081 4557 13οι
1103 4501 1132 4557 id
1151 4507 1195 4555 est
1213 4501 1242 4555 h
1259 4494 1303 4555 17.
1320 4496 1384 4564 25ος
1406 4520 1443 4557 ex

133 4584 222 4657 »plns
241 4582 350 4637 dimidio
369 4583 456 4637 horse
476 4570 504 4657 )
526 4581 555 4636 in
574 4582 678 4643 umbra,
699 4595 760 4633 oum
780 4581 866 4633 nubes
886 4596 947 4633 eam
961 4580 1129 4650 eripuerunt
1157 4580 1307 4635 credideris
1325 4580 1388 4635 illos
1409 4584 1442 4635 de

133 4666 161 4721 ia
180 4663 277 4735 eclipsi
298 4663 381 4735 loqui,
403 4678 463 4717 curn
476 4660 589 4716 aliorum
605 4662 809 4716 observatorum
824 4676 957 4713 consensu
972 4662 1165 4731 superfuerunt
1179 4661 1286 4731 aliquot
1297 4662 1442 4731 scrupula:

133 4745 296 4816 stipwrun
317 4745 524 4799 observatorum
536 4743 623 4796 rerba
636 4740 822 4810 relinquerent
841 4742 929 4793 locum
949 4742 1098 4804 dubitandi,
1120 4757 1184 4796 num
1204 4741 1275 4794 forte
1296 4741 1444 4812 loquantur

133 4826 258 4882 irubcre
283 4825 347 4892 illo,
377 4840 456 4895 quem
475 4838 544 4893 prae
570 4839 600 4876 se
626 4822 681 4875 fert
697 4821 779 4875 Luna
798 4820 825 4874 in
854 4821 988 4875 lateribus
1013 4824 1133 4877 umbrae.
1174 4822 1270 4891 Itaque
1293 4821 1353 4892 jam
1378 4829 1442 4878 ante
