3354 5504
164 265 228 334 124
575 256 676 315 iactae
692 259 796 327 Restm
813 260 963 329 niumm
980 268 1081 315 muse

163 449 274 524 aequet
304 460 460 505 excessum
493 438 650 502 secantis?
694 437 760 516 Ego
792 437 996 518 quaestionem
1026 458 1084 500 non
1113 432 1269 515 transtuli,
1302 441 1359 504 sed
1388 460 1518 507 cansam

161 530 292 599 indicavi
315 540 347 593 et
369 529 485 609 ellipsis
508 537 540 591 et
562 545 729 589 mensurae.
776 527 859 589 Mars
883 527 974 590 babet
1005 528 1065 589 vim
1096 531 1313 608 magneticam,
1348 551 1429 612 quse
1462 550 1518 613 pro

161 622 278 686 ratione
296 618 497 683 inclinationis
511 617 578 678 axis
602 614 762 694 magnetioi
786 616 826 676 ad
840 615 941 678 Solem
956 617 1073 678 accedit
1096 628 1127 679 et
1149 618 1189 678 ab
1211 638 1246 680 eo
1261 619 1396 694 receditt
1421 621 1513 684 forti-

163 711 235 774 tndo
259 728 398 771 accessus
426 708 541 769 ratione
564 704 690 786 physica
719 713 905 765 mensuratur
928 703 1035 767 a'sinn
1067 707 1169 785 anguli
1199 708 1418 772 inclinationis.
1465 708 1516 772 Ex

165 800 222 863 hnc
255 796 437 860 fortitudinis
473 793 640 856 variatione
672 793 801 853 resultat
831 793 910 854 ultro
943 795 1090 874 regularis
1127 795 1248 857 libratio
1277 798 1390 859 Martis
1423 798 1514 883 quasi

160 888 191 951 in
212 887 359 949 diametro
383 882 509 968 epicycli
531 881 685 956 (libratio,
709 881 842 961 inquam,
871 881 910 942 ad
934 901 1061 963 unguem
1085 884 1174 957 talis,
1198 886 1296 964 qualis
1318 895 1369 948 est
1393 886 1419 948 si
1445 887 1515 969 epi

161 977 264 1060 cyclus
292 974 322 1037 in
351 971 540 1036 concentrico
568 978 721 1033 statuatur
749 969 914 1051 inaequalis
942 979 1056 1047 motus,
1086 972 1170 1034 Mars
1193 991 1266 1036 vero
1295 993 1354 1037 non
1389 974 1422 1039 in
1445 976 1515 1058 ejus

161 1062 419 1143 circumferentia,
450 1062 504 1123 sed
536 1060 565 1121 in
590 1059 654 1139 ejus
678 1058 823 1120 diametro
846 1078 914 1121 essa
947 1054 1104 1140 ponatur).
1150 1060 1198 1123 Ex
1228 1062 1389 1126 libratione
1422 1084 1515 1146 porro

161 1154 291 1218 resultat
312 1153 394 1214 ultro
416 1149 466 1211 via
489 1148 624 1229 elliptica
647 1156 678 1208 et
700 1148 855 1229 quantitas
878 1157 1015 1211 resectae
1037 1150 1168 1212 lunulae.
1214 1149 1248 1213 Si
1272 1152 1352 1215 enim
1375 1153 1406 1214 in
1431 1174 1512 1216 sno·

162 1242 254 1306 malis
276 1240 407 1303 eccentri
422 1235 663 1303 90⁰absolvitnr
686 1235 811 1297 dimidia
834 1236 964 1306 libratio,
988 1257 1055 1301 cnm
1074 1239 1202 1300 nondum
1226 1250 1298 1303 tunc
1321 1241 1362 1303 ait
1387 1243 1517 1306 dimidia

160 1331 227 1395 axis
251 1331 290 1392 ad
313 1328 415 1395 Solem
439 1327 595 1390 inclinatio
619 1327 667 1399 (ut
690 1324 826 1386 nimirum
849 1344 941 1407 snpra
963 1327 1083 1389 libratio
1106 1327 1150 1389 sit
1172 1329 1287 1391 tardior
1309 1348 1400 1411 quam
1425 1333 1516 1403 inira.

162 1421 242 1483 sicut
270 1427 320 1482 est
348 1427 381 1481 et
412 1416 480 1497 ipsa
502 1415 654 1478 anomalia
676 1415 838 1489 eccentri),
872 1433 943 1494 ergo
975 1415 1003 1478 in
1037 1416 1090 1477 illa
1113 1418 1263 1481 anomalia
1290 1421 1426 1483 eccentri
1455 1416 1517 1487 90⁶

161 1510 288 1590 planata
306 1507 404 1569 distat
417 1505 511 1580 radio,
537 1504 608 1586 qnia
621 1503 754 1566 absolvit
767 1503 1021 1566 semidiametrum
1044 1505 1227 1582 librationis}
1251 1509 1323 1570 atsi
1338 1509 1369 1570 in
1384 1511 1515 1573 circnm-

129 1648 133 1659 ,
163 1597 292 1679 ferentia
315 1595 479 1660 mansisset
502 1593 643 1676 epicycli,
668 1591 832 1654 distitisset
854 1601 976 1655 secante
1000 1594 1186 1674 aequationis
1210 1596 1340 1677 opticae.
1387 1598 1514 1681 Appro-

159 1687 287 1768 pinquat
307 1686 415 1765 igitur,
448 1683 497 1744 nbi
521 1682 664 1757 maxime,
698 1699 824 1757 enccssu
849 1683 981 1744 secantis
1011 1701 1102 1763 snpra
1124 1684 1249 1747 radium.
1295 1687 1381 1749 Haec
1412 1689 1514 1751 omnis

161 1773 429 1856 geometricissime
453 1771 622 1846 cohaerent,
648 1779 681 1833 ut
702 1769 819 1832 videbis
842 1770 911 1833 olim
933 1772 998 1834 Deo
1022 1773 1151 1834 volente.

249 1881 423 1932 Fabricius:
442 1879 490 1930 Ubi
508 1879 629 1929 monem
646 1890 717 1926 meae
735 1875 875 1941 hypothesis
893 1879 1006 1943 integrae
1022 1878 1094 1942 plena
1113 1880 1317 1937 consideraveris.
1337 1881 1432 1931 ridebis
1450 1882 1512 1933 iaci·

160 1954 272 2014 husam,
301 1951 488 2002 consonantiam
514 1957 541 2000 et
567 1949 754 2005 cerdmdmem,
783 1955 809 1998 st
835 1949 1001 2000 admiraberis.
1038 1949 1093 2000 lloc
1118 1964 1175 2000 rere
1190 1951 1235 2000 tibi
1255 1951 1379 2002 affirmare
1396 1966 1512 2017 possum

160 2039 253 2092 quasso
270 2023 374 2082 saltem
402 2028 432 2072 ut
454 2022 576 2071 rationem
598 2034 642 2085 per
665 2017 680 2069 3
705 2019 845 2084 parsllsxas
862 2021 948 2071 ordine
965 2021 1111 2085 procedendi
1135 2035 1152 2071 a
1175 2024 1251 2085 primo
1270 2023 1303 2072 ad
1320 2022 1436 2074 mansum
1454 2025 1513 2076 mhi

161 2090 308 2162 punctim
326 2100 355 2144 ut
374 2091 406 2155 Θ
426 2093 509 2143 orbam
526 2107 582 2142 cnm
601 2091 626 2152 (ς
646 2092 786 2141 eccentrico
803 2105 847 2155 per
863 2104 933 2142 meas
951 2093 1133 2142 emanationes
1151 2094 1257 2157 pressius
1276 2094 1389 2146 contens
1406 2097 1514 2159 pasus

165 2174 223 2233 post
238 2168 360 2231 lntegnm
378 2178 459 2216 meam
477 2163 623 2228 hypothesin
642 2177 698 2213 oum
716 2162 924 2213 demonstratione
937 2170 964 2214 et
975 2164 1091 2228 exemplis
1102 2164 1212 2214 habebis.
1251 2163 1319 2215 Scite
1331 2180 1372 2217 me
1392 2167 1514 2219 dim

163 2238 353 2304 cogitndonlbna
370 2236 463 2302 ingenii
479 2237 542 2285 vires
559 2234 634 2298 plane
651 2234 823 2298 prostravlsa03
841 2236 924 2298 putavi
937 2235 1003 2284 enim
1022 2250 1071 2289 non
1087 2236 1296 2291 committendum.
1315 2244 1344 2286 ut
1362 2237 1513 2302 hypotheses

165 2316 241 2361 unta
257 2308 404 2359 difficultate
420 2307 540 2358 laborant.
569 2305 598 2354 ln
611 2320 640 2355 ao
652 2305 761 2354 laborari
773 2319 877 2368 sampaa
896 2314 923 2354 ut
940 2312 1049 2355 monum
1068 2320 1156 2356 causas
1174 2321 1244 2357 raras
1262 2309 1419 2374 inquirerem.
1437 2324 1514 2376 qaus

161 2389 188 2432 et
206 2381 344 2431 laboramus
361 2386 477 2444 uterquc.
504 2384 580 2429 atax
598 2373 614 2425 3
633 2375 786 2439 scronychiis
804 2378 968 2441 inquiramus,
995 2377 1058 2441 qnod
1077 2385 1103 2428 tu
1122 2391 1153 2428 ex
1170 2379 1188 2427 4
1205 2380 1275 2429 iscis.
1313 2379 1444 2431 Habemus
1461 2396 1512 2432 mr

160 2455 187 2503 in
204 2452 325 2509 masibrrs.
343 2450 415 2501 modo
433 2450 526 2515 ingenii
544 2450 580 2499 tni
599 2448 735 2498 subtilitate
753 2448 818 2497 viam
836 2456 960 2498 ostam
979 2449 1098 2500 “cedere
1115 2449 1295 2514 aliquantulum
1313 2448 1383 2501 reth.
1414 2451 1510 2514 Quadi

162 2525 270 2575 naalma
296 2530 355 2574 tuae
376 2519 505 2586 hypothesi
531 2519 659 2570 inhaerm
681 2519 799 2575 volueris.
827 2525 911 2569 tamen
937 2521 958 2569 si
984 2534 1067 2570 meam
1093 2523 1143 2570 tals
1160 2519 1347 2572 &mercuriis
1375 2523 1512 2590 adjungens

162 2595 274 2652 volneds,
292 2595 318 2644 in
336 2594 444 2660 gratiam
462 2590 647 2656 astroplsilorum
665 2605 715 2640 non
733 2590 890 2644 dambe.
917 2590 990 2641 modo
1008 2590 1045 2640 ita'
1070 2593 1119 2642 tuis
1145 2592 1219 2642 rebus
1236 2594 1313 2642 mum
1332 2594 1423 2652 inaritr
1451 2594 1512 2645 uilsll

161 2681 208 2733 ego
225 2679 331 2732 quaero,
349 2677 424 2730 qnam
441 2665 501 2713 artis
519 2663 649 2712 urinum
665 2661 844 2726 multorumque
862 2662 1002 2712 curuum
1040 2662 1111 2714 llaec
1128 2672 1201 2722 anns,
1226 2677 1289 2728 qnae
1308 2665 1339 2715 de
1357 2680 1416 2717 mea
1433 2665 1510 2731 hypo·

162 2738 225 2789 thesi
243 2743 271 2788 at
288 2734 304 2786 ³
323 2734 478 2799 smonychiis
497 2733 591 2785 cauma
609 2733 770 2783 concinnius
788 2733 831 2783 abi
849 2732 976 2784 usuum
994 2733 1066 2783 volni.
1104 2735 1183 2801 Pergo
1202 2750 1269 2786 nnnc
1287 2737 1320 2786 sd
1338 2736 1397 2787 slis.

247 2826 454 2907 Keplerus:
478 2821 567 2896 Quod
590 2816 698 2902 tojam
722 2821 806 2905 quasi
826 2824 925 2885 causis
948 2824 1078 2886 inventis
1093 2825 1132 2887 ad
1146 2825 1264 2889 somnia
1286 2833 1339 2901 tua
1353 2826 1509 2905 relaberis,

160 2916 198 2980 de
221 2914 331 2990 causis,
356 2933 409 2976 cnr
431 2910 451 2977 3
475 2910 655 2996 acronychia
673 2931 731 2975 non
746 2912 928 2975 concludant
944 2913 1141 2995 hypothesin,
1164 2914 1259 2977 habes
1282 2917 1511 2996 responsionem

162 3025 263 3087 supra
310 3004 356 3066 ‘lb
378 3011 538 3083 postquam
561 3001 612 3065 diu
636 3002 782 3083 fatigatus
806 3001 906 3076 inisti,
929 3004 1050 3067 tandem
1074 3004 1216 3066 invenisti
1239 3003 1368 3084 despuas
1390 3007 1509 3079 calculi,

162 3104 195 3158 et
216 3104 318 3157 tarum
341 3092 466 3165 suades,
496 3099 530 3153 ut
552 3091 628 3152 hanc
652 3091 731 3153 viam
754 3095 829 3166 eam,
854 3110 914 3172 qua
936 3111 1011 3172 opus
1034 3112 1091 3154 non
1115 3092 1234 3155 habeo:
1268 3094 1334 3173 Ego
1357 3097 1437 3157 enim
1461 3096 1511 3157 via

162 3182 318 3247 laboriosa
340 3180 467 3263 quidem,
492 3188 626 3245 attamen
649 3180 807 3262 perspicua
831 3189 863 3241 et.
884 3180 1001 3243 insidiis
1024 3191 1155 3256 carente,
1180 3183 1218 3245 ad
1243 3183 1340 3246 locum
1364 3186 1454 3249 veni:
1478 3194 1509 3247 te

161 3292 233 3337 vere
255 3270 344 3355 plura
367 3271 474 3333 docere
497 3288 554 3331 non
578 3288 710 3350 possum,
734 3288 823 3351 quam
846 3269 910 3351 ipse
934 3280 1032 3334 teneo.

252 3377 409 3453 Quomodo
432 3395 530 3440 meam
555 3374 686 3439 lunulam
708 3375 915 3445 transtuleris,
940 3370 1059 3455 dixisti,
1084 3376 1112 3439 in
1137 3377 1249 3440 circelli
1272 3398 1314 3440 sc.
1340 3379 1507 3442 transversi

163 3470 359 3539 diametrum,
394 3486 452 3549 qua
481 3473 614 3529 centrum
645 3463 805 3528 eccentrici
835 3464 958 3527 libretur
989 3485 1026 3528 ex
1057 3476 1092 3545 m
1114 3485 1219 3529 versus
1243 3468 1270 3543 ὅ
1293 3476 1325 3530 et
1356 3467 1509 3546 vicissim

164 3579 240 3640 quae
258 3567 359 3622 tamen
374 3558 431 3620 hac
446 3554 629 3621 correctione
653 3554 775 3635 indiget,
800 3562 833 3616 nt
849 3561 874 3624 d
889 3554 918 3616 in
943 3565 978 3633 1η
1001 3565 1139 3618 versante
1155 3566 1288 3619 centrum
1310 3555 1341 3618 in
1360 3556 1388 3632 ὅ
1404 3578 1509 3620 seces-

163 3649 237 3713 serit
261 3656 293 3710 et
314 3655 429 3710 contra.
467 3643 584 3717 Quodsi
607 3642 698 3706 etiam
720 3643 917 3720 indicaveris,
942 3644 1086 3724 quomodo
1109 3645 1210 3707 salvos
1239 3665 1341 3709 aream
1365 3647 1509 3728 trianguli

164 3736 341 3819 aequatorii,
366 3744 397 3798 et
411 3734 530 3798 modum
553 3742 635 3795 tunm
658 3733 908 3814 aequipollentem
921 3733 1024 3795 videro
1043 3735 1165 3805 ,areolae
1188 3753 1284 3811 meae,
1307 3742 1378 3798 thuc
1400 3737 1509 3799 faciam

164 3826 243 3910 qnod
267 3825 348 3907 petis
365 3835 397 3887 et
420 3832 504 3888 tnam
518 3822 697 3905 hypothesin
711 3822 786 3885 meis
802 3819 1033 3886 Commentariis
1057 3824 1225 3906 adjungam:
1262 3824 1342 3888 Nam
1356 3825 1510 3907 negotium

164 3927 248 3979 tuum
270 3914 403 3997 pertinet
425 3914 534 3976 saltem
557 3911 596 3973 ad
620 3912 738 3992 opticae
761 3910 948 3993 aequationis
972 3920 1105 3994 partcm3
1128 3914 1165 3976 de
1183 3913 1308 3998 physica
1330 3922 1417 3995 parte
1441 3916 1509 3990 (sau

165 4006 202 4069 de
226 4004 421 4087 aequatione,
454 4022 542 4085 quam
570 4010 712 4064 causatur
740 4005 882 4082 punc'tum
914 4003 1119 4084 aequatorinm
1142 4003 1326 4078 Ptolemaei,
1360 4005 1509 4068 secundus

164 4094 314 4179 epicyclne
338 4094 488 4177 Tychonis
512 4101 543 4154 et
566 4090 739 4174 Copernici)
763 4090 836 4153 nihil
861 4091 957 4154 adhuc
981 4092 1036 4154 abs
1059 4099 1090 4154 te
1104 4100 1153 4154 est
1175 4093 1310 4166 allatum,
1332 4113 1389 4155 nec
1410 4093 1509 4158 afferri

163 4191 283 4268 potest,
315 4184 393 4267 quod
416 4181 619 4264 aequipolleat
646 4180 765 4245 areolae
788 4199 884 4243 meae.
931 4180 964 4244 Si
988 4180 1137 4261 negligere
1162 4183 1250 4245 velim
1279 4176 1328 4258 8‘,
1356 4184 1421 4265 jam
1453 4201 1509 4264 ego

164 4274 230 4356 ipse
262 4274 404 4337 haberem
433 4280 575 4352 punctum
598 4270 755 4353 aequantia
778 4270 1003 4333 Ptolemaicum.
1050 4267 1103 4335 Sic
1132 4269 1161 4332 in
1186 4271 1369 4352 longitndine
1398 4272 1507 4349 media,

164 4370 305 4427 manente
329 4361 553 4425 eccentricitate
577 4359 650 4435 hac,
682 4367 755 4440 puto
779 4359 897 4421 circiter
919 4356 951 4423 3‘
973 4358 1065 4421 minui
1096 4360 1255 4424 maximam
1287 4363 1508 4443 aequationem,

165 4452 216 4517 ubi
239 4450 260 4518 2
283 4452 424 4537 epicyclis
448 4446 811 4531 Oopernico·'lychonicis
834 4447 959 4521 utimur,
992 4464 1068 4527 quae
1092 4445 1123 4510 31
1148 4459 1217 4513 ante
1240 4450 1287 4512 vel
1318 4461 1389 4530 post
1412 4470 1507 4534 oppo-

165 4542 305 4607 sitionem
328 4561 393 4605 cnm
411 4538 483 4605 Sole
504 4545 633 4620 possunt
649 4556 821 4601 excrescere
845 4538 883 4599 ad
909 4534 960 4599 10‘
983 4536 1031 4599 rel
1058 4534 1126 4611 il';
1150 4539 1195 4600 sin
1220 4549 1321 4608 antem
1335 4542 1509 4605 deteramus

165 4630 242 4696 haec
264 4628 306 4709 3¹,
331 4640 402 4695 tunc
424 4625 563 4713 augenda
584 4626 643 4690 erit
664 4626 884 4703 eccentricitas,
908 4626 953 4689 ita
975 4624 1158 4690 vitiabuntur
1182 4628 1345 4692 distantiae
1369 4631 1507 4712 apheliae

167 4729 198 4786 et
220 4719 400 4805 periheliae‚
433 4727 466 4781 nt
488 4715 611 4778 tolerari
632 4734 690 4779 non
713 4716 831 4799 possint
852 4735 871 4778 a
892 4714 1156 4796 proathaphaeresi
1180 4718 1260 4781 orbis
1283 4720 1382 4783 annui.
1419 4720 1507 4785 Adde

167 4811 246 4897 qnod
267 4809 299 4877 in
319 4805 556 4893 longitudinibus
584 4804 691 4873 mediis
712 4805 861 4889 contingit
886 4822 943 4889 per
968 4802 1115 4889 duplicem
1137 4807 1301 4895 epicycluur
1322 4829 1467 4877 excursus
1485 4828 1508 4873 a
