3354 5504
163 253 226 325 liri
521 261 751 345 hunnorum
769 263 799 315 ce
818 264 921 314 moena
942 261 1028 315 sarra
1047 261 1134 313 uuus

158 440 263 496 Josuae
284 443 391 495 mmma
410 440 464 495 huc
476 441 593 505 redibat,
614 448 648 496 nt
660 442 712 496 hcc
724 442 765 497 sic
777 443 829 499 sihi
851 444 963 500 rideri
985 447 1095 515 posset,
1119 440 1245 514 quicquid
1257 437 1366 497 iuterim
1383 445 1499 495 essct:

105 578 108 583 ,
159 519 261 594 qnippe
283 521 336 576 hcc
358 519 443 575 rideri
464 538 563 576 vanum
586 528 616 577 et
637 522 742 577 irritum
764 541 819 579 non
842 524 902 591 huit,
923 527 971 579 sed
994 523 1167 594 conjunctum
1190 539 1251 576 cum
1270 523 1371 576 erecta
1389 525 1498 592 optato.

238 608 291 664 Sed
314 607 376 663 ride
398 610 489 680 caput
509 611 544 665 X.
573 612 763 668 astronomiae
790 616 878 685 partis
900 614 1029 685 Opticae;
1056 611 1177 667 invenies
1198 609 1330 674 rationes,
1355 624 1406 664 cur
1427 611 1498 663 adeo

159 689 282 745 omnibus
303 689 455 744 hominihus
478 690 526 744 Sol
548 692 650 746 moveri
672 693 805 758 rideatur,
829 713 883 750 non
904 712 970 750 vero
992 696 1093 749 Terra:
1117 691 1222 746 scilicet
1242 707 1303 745 cunr
1325 689 1373 744 Sol
1395 703 1500 760 parvus

119 811 123 820 .
159 776 311 841 appareat,
340 770 425 824 Terra
451 787 516 850 rerc
538 787 654 843 magna;
681 790 769 844 neque
790 775 862 830 Solis
883 782 972 831 motus
999 771 1243 843 comprehendatur
1264 770 1326 826 risu
1348 768 1384 824 ch
1411 768 1499 824 tardi·

79 886 85 898 ·
160 856 246 905 tatem
273 855 469 919 apparentem,
497 851 545 905 sed
572 852 782 909 ratiocinatione
809 857 911 920 solnm,
939 856 974 909 oh
1001 859 1135 909 mutum
1160 859 1226 922 post
1252 857 1360 920 tempus
1387 848 1500 920 aliquod

159 929 390 1001 propinquitatem
411 932 445 984 ad
466 938 580 986 montes.
622 934 790 1004 Impossibile
811 935 973 1008 igiturest,
993 943 1026 990 ut
1049 932 1120 988 ratic
1145 949 1199 986 non
1224 930 1300 1000 prins
1320 929 1427 984 monita
1446 928 1500 983 sibi

159 1011 234 1065 aliud
254 1008 431 1081 imaginetur,
459 1027 540 1082 quam
565 1012 701 1068 Tellurem
728 1032 785 1069 cum
806 1016 932 1087 imposito
961 1014 1031 1069 coeli
1057 995 1159 1067 fornice
1183 1028 1245 1065 esse
1269 1009 1348 1082 quasi
1368 1025 1501 1082 magnam

160 1093 279 1154 domum,
304 1090 334 1143 in
358 1107 413 1161 qna
432 1091 562 1147 immobili
581 1093 629 1148 Sol
649 1102 706 1149 tam
727 1112 815 1165 parra
834 1095 938 1167 speeie,
968 1096 1057 1150 instar
1076 1091 1194 1147 volucris
1221 1090 1249 1145 in
1273 1093 1339 1145 asro
1358 1088 1501 1162 vagantis,

35 1201 41 1216 ·
160 1172 197 1226 ab
217 1186 273 1224 una
292 1170 380 1242 plaga
398 1170 426 1225 in
446 1170 530 1225 aliam
549 1179 684 1229 transeat.
726 1176 802 1238 Quae
822 1179 891 1231 adeo
911 1173 1072 1247 imaginatio
1091 1172 1229 1227 hominum
1248 1169 1366 1225 omnium
1384 1169 1503 1240 primam

159 1251 260 1306 lineam
280 1251 354 1305 dedit
372 1250 400 1305 iu
421 1267 501 1306 sacra
520 1253 634 1324 pagina.
667 1254 755 1319 luitis,
776 1256 863 1327 inquit
875 1257 975 1320 hloses,
996 1253 1100 1309 crearit
1112 1254 1188 1307 Deus
1202 1252 1315 1306 Coelum
1328 1256 1359 1304 et
1371 1250 1501 1312 Terram;

161 1331 226 1402 quia
245 1330 351 1384 scilicet
370 1331 424 1385 hae
453 1333 524 1385 duse
554 1339 648 1403 partes
677 1336 798 1404 potiores
823 1343 967 1391 occurrunt
991 1335 1129 1390 oculorum
1149 1331 1250 1386 sensui.
1292 1329 1379 1393 Quasi
1398 1330 1504 1384 diceret

159 1412 251 1466 Moses
271 1411 387 1465 homini:
409 1413 507 1466 Totum
527 1413 579 1466 hcc
599 1415 748 1469 aedilicium
762 1418 933 1480 mundanum,
955 1416 1024 1486 quod
1040 1413 1123 1477 rides,
1144 1411 1263 1466 lucidum
1278 1426 1372 1480 supra
1392 1409 1502 1482 nigrum

160 1490 347 1562 latissimeque
367 1499 522 1561 porrectum
542 1493 621 1557 inira,
643 1495 686 1548 cui
705 1495 807 1551 insistis
828 1504 858 1551 et
878 1513 931 1567 quo
951 1494 1064 1567 tegeris,
1085 1493 1189 1548 creavit
1208 1493 1293 1546 Deus.

238 1581 314 1636 stibi
334 1580 476 1652 quaeritur
496 1599 532 1635 ex
553 1582 668 1649 homine,
690 1602 752 1639 num
772 1586 963 1658 pervestigare
983 1584 1090 1639 noverit
1110 1581 1282 1637 altitudinem
1302 1578 1372 1633 eceli
1395 1594 1504 1634 mnam

161 1667 190 1715 et
210 1660 425 1732 protruditatem
445 1668 536 1715 terrae
556 1664 694 1720 deorsum:
725 1666 790 1736 quia
818 1664 922 1722 scilieet
949 1666 1035 1737 vulgo
1064 1661 1199 1719 hominum
1224 1661 1334 1715 ridetur
1353 1664 1499 1729 utumque

159 1757 247 1812 aeque
268 1741 379 1796 induitis
399 1759 546 1796 excurrere
566 1746 672 1813 spatiis.
705 1747 798 1817 Neque
819 1753 911 1802 tmnen
931 1745 1048 1808 exstitit,
1070 1744 1115 1815 qui
1129 1758 1212 1797 sanus
1231 1739 1348 1804 audiret,
1362 1745 1393 1794 et
1412 1745 1502 1794 astro·

70 1865 77 1877 .
160 1838 299 1887 momorum
319 1821 492 1893 diligentiam
513 1840 562 1876 seu
582 1825 608 1876 in
629 1828 797 1882 ostendenda
817 1826 933 1882 Telluris
954 1822 1167 1880 contemtissima
1186 1821 1314 1877 exilitate
1340 1821 1376 1874 ad
1396 1818 1502 1874 coelum
1531 1841 1555 1869 ·.

157 1908 350 1972 comparatae,
372 1918 421 1955 seu
442 1903 469 1956 in
488 1905 709 1976 pervestigandis
730 1907 915 1961 astronomicis
936 1905 1101 1968 intervallis,
1122 1919 1173 1974 per
1192 1902 1262 1962 haec
1281 1900 1369 1954 verba
1388 1899 1501 1954 choum·

161 1982 302 2046 scriberet,
324 1999 383 2036 cum
404 1999 457 2036 nou
476 1983 624 2053 loquantur
638 1987 671 2039 de
684 1986 891 2043 ratiocinatoris
903 1985 1077 2048 dimensione,
1099 1984 1192 2038 sedda
1206 1980 1284 2045 reali,
1299 1996 1371 2051 quae
1383 1980 1503 2034 humano

139 2062 266 2132 .ccrpcri
287 2062 367 2116 terris
388 2062 474 2117 affluo
498 2069 643 2135 aeremque
672 2065 788 2122 liberum
816 2067 954 2122 haurienti
982 2065 1093 2137 penitus
1121 2069 1166 2118 est
1194 2059 1378 2132 impossibilis.
1422 2061 1501 2131 Lege

160 2151 248 2198 totum
276 2143 339 2197 Johi
369 2149 454 2213 caput
483 2143 638 2202 XXXVlll.
668 2154 698 2200 et
726 2164 855 2219 compara
883 2164 942 2202 cum
972 2146 1017 2211 iis,
1047 2161 1118 2216 (luae
1147 2143 1176 2197 in
1204 2139 1388 2197 astronomica
1418 2139 1500 2212 inque

160 2222 277 2294 physica
296 2222 479 2293 disputantur.
1380 2222 1383 2230 ’

240 2302 268 2357 Si
298 2303 357 2373 quis
387 2303 496 2374 allegat
524 2322 561 2357 ex
581 2305 691 2359 Psalmo
712 2306 812 2362 XXIV.
838 2307 949 2362 Terram
977 2322 1061 2376 super
1088 2303 1198 2358 flumina
1227 2305 1438 2372 praeparatam.
1469 2304 1502 2352 ut

162 2399 260 2437 norum
281 2384 389 2454 aliquod
409 2384 619 2454 philosophema
636 2386 762 2441 stabiliat
781 2388 926 2442 absurdum
954 2385 1065 2457 auditu,
1094 2384 1232 2439 Tellurem
1258 2380 1385 2436 innatare
1413 2377 1500 2434 anui-

162 2463 255 2524 aihum
285 2481 373 2518 nonne
403 2464 454 2517 hcc
482 2463 523 2518 illi
552 2470 627 2518 recte
656 2467 804 2530 diceretur,
834 2468 943 2522 missum
963 2466 1049 2521 faciat
1069 2463 1200 2535 Spiritum
1219 2467 1343 2517 sanctum
1364 2458 1502 2531 usquein

162 2543 271 2597 scholas
290 2543 420 2615 physicas
447 2560 506 2598 cum
532 2544 648 2599 ludibrio
676 2547 833 2616 pertrahatr
864 2547 931 2602 nihil
958 2546 1031 2602 euim
1058 2545 1132 2600 aliud
1152 2543 1191 2599 ihi
1211 2541 1264 2596 loci
1284 2541 1399 2595 inuuere
1427 2539 1500 2593 velle

162 2623 289 2688 Psalten,
319 2623 371 2678 nisi
401 2626 471 2695 quod
499 2624 623 2679 homines
651 2634 735 2680 autea
759 2626 848 2682 sciant
874 2633 904 2682 et
930 2625 1049 2696 quotidie
1073 2623 1269 2694 experiantur,
1297 2621 1397 2676 Terras
1424 2614 1503 2689 (post

160 2704 364 2775 separationem
384 2721 515 2776 aquarum
536 2705 563 2759 in
584 2705 670 2761 altum
690 2704 828 2774 sublatas)
850 2707 1006 2761 interfluere
1026 2703 1153 2778 ingentia
1171 2702 1289 2765 humina,
1311 2699 1497 2754 circumfluere

160 2784 255 2840 maria
294 2784 425 2840 Nimirum
445 2788 558 2840 eandem
578 2802 640 2840 esse
660 2786 823 2843 locutionem
843 2786 925 2851 alibi,
951 2804 1010 2841 cum
1031 2803 1092 2840 sese
1113 2799 1197 2854 super
1215 2781 1328 2836 flumina
1346 2776 1500 2851 Babylonis

159 2865 304 2920 Israelitae
325 2865 428 2919 sedisse
448 2872 558 2929 canunt,
580 2865 606 2920 id
627 2875 671 2921 est
685 2866 773 2937 juxta
791 2869 903 2923 flumina
922 2868 967 2921 vel
988 2869 1022 2921 sd
1043 2866 1118 2936 ripas
1138 2862 1289 2934 Euphratis
1310 2867 1341 2914 et
1354 2859 1460 2935 Tigris.

238 2954 267 3009 si
287 2954 339 3008 hcc
358 2955 477 3010 libenter
497 2956 557 3027 quis
577 2955 689 3026 recipit,
717 2973 765 3010 cur
785 2974 837 3011 non
859 2964 889 3011 et
908 2956 975 3010 illud
995 2954 1120 3026 recipiat,
1141 2959 1174 3007 ut
1192 2952 1221 3006 iu
1241 2950 1304 3005 aliis
1324 2947 1406 3012 lctis,
1427 2963 1501 3021 quae

160 3035 245 3089 motui
264 3033 381 3089 Telluris
402 3035 503 3106 opponi
523 3036 626 3100 solent,
656 3037 751 3091 ecdem
779 3039 857 3092 modo
887 3037 980 3091 oculos
1001 3052 1020 3090 a
1039 3032 1155 3106 physica
1183 3034 1218 3087 ad
1239 3030 1395 3085 mestraim
1415 3028 1500 3099 scrip-

160 3121 240 3170 turae
260 3120 469 3170 convertamus?

236 3192 390 3250 Generatio
411 3195 547 3266 praeterit
568 3189 622 3263 (ait
641 3190 839 3264 Ecclesiastes)
860 3203 890 3251 et
908 3194 1054 3268 generatio
1083 3191 1205 3255 advenit,
1234 3190 1322 3244 Terra
1350 3194 1443 3244 autem
1473 3187 1501 3243 ia

163 3282 305 3330 aeternum
324 3282 391 3332 stat.
426 3275 511 3339 Quasi
524 3276 653 3332 Salomon
666 3276 712 3330 hic
725 3275 847 3346 disputet
860 3293 919 3331 cum
939 3272 1117 3337 astronomis,
1139 3287 1173 3327 ac
1193 3287 1247 3325 ncu
1264 3268 1355 3340 potius
1376 3267 1500 3323 hemines

163 3372 231 3410 suae
244 3356 438 3411 mutabilitatis
453 3358 619 3411 admoneat?
640 3373 699 3410 cum
713 3357 806 3419 Terra,
826 3356 987 3411 domicilium
1001 3353 1111 3408 hnmani
1127 3350 1247 3424 generis,
1268 3364 1376 3420 semper
1389 3356 1502 3405 maneat

163 3438 272 3498 eadem,
295 3436 475 3512 Solisflmotus
505 3443 640 3508 perpetuo
667 3437 694 3491 in
715 3453 745 3490 se
766 3437 874 3500 redeat,
905 3444 1003 3491 ventus
1025 3435 1051 3489 in
1074 3433 1202 3487 circulum
1223 3436 1326 3502 agatur
1342 3430 1501 3500 ,redeatque

162 3518 266 3580 eodem,
292 3516 415 3595 [lumina
435 3534 454 3572 a
473 3517 593 3571 fontibus
623 3516 651 3571 in
671 3533 746 3571 mare
766 3517 895 3580 effluant,
923 3515 1029 3571 amari
1058 3514 1085 3568 in
1114 3513 1205 3567 {untes
1225 3513 1354 3565 redeant:
1383 3509 1501 3580 denique

162 3587 285 3652 homines
306 3597 349 3651 his
369 3596 547 3668 pereuntibus
568 3605 718 3652 nascantur
747 3596 794 3651 alii
824 3613 983 3668 semperque
1012 3595 1108 3650 eadem
1137 3592 1173 3648 sit
1192 3591 1290 3647 iahula
1309 3589 1406 3645 ritae>
1431 3589 1502 3644 nihil

75 3673 78 3676 ’
161 3678 212 3734 suh
232 3677 297 3732 Sole
317 3695 424 3733 nomm.

157 3774 159 3780 ·
241 3757 352 3812 Nullum
373 3757 450 3813 sudis
471 3761 571 3830 dogma
590 3757 740 3830 physicum.
780 3763 924 3812 Novacum
941 3762 986 3811 est
1005 3754 1116 3809 moralis
1136 3753 1184 3816 rei,
1206 3767 1277 3823 quae
1297 3765 1348 3821 per
1368 3766 1400 3804 se
1420 3755 1502 3819 patet

161 3843 191 3892 et
210 3839 373 3893 observatur
392 3838 509 3894 omnium
530 3837 624 3902 oculis,
645 3840 692 3892 sed
713 3853 809 3908 parum
829 3836 1013 3907 perpenditur.
1046 3836 1114 3889 Tam
1127 3833 1214 3906 igitur
1225 3830 1355 3886 Salomon
1368 3829 1498 3886 iumlcat

163 3917 228 3982 Quis
249 3917 320 3971 enim
340 3918 434 3981 nescit,
456 3920 568 3973 Terram
589 3935 695 3989 semper
715 3919 828 3972 eandem
849 3922 927 3971 esset
947 3915 1006 3986 quis
1027 3933 1080 3969 non
1099 3913 1189 3977 ridet,
1210 3912 1302 3967 Solem
1321 3910 1442 3982 quotidie
1463 3911 1501 3964 ab

162 4005 226 4053 ortu
245 4013 400 4070 resurgere,
421 3999 533 4054 humina
552 3999 710 4070 perenniter
730 4001 872 4052 decurrere
894 3996 921 4051 ia
941 4013 1024 4060 mare,
1045 4002 1187 4050 ventorum
1201 3998 1291 4047 statas
1311 3990 1401 4046 redire
1420 3989 1513 4045 ricis·'

163 4077 309 4141 situdines,
338 4079 462 4134 homines
490 4079 559 4134 slics
581 4080 643 4134 aliis
665 4080 826 4134 succedere?
868 4076 934 4140 Quis
954 4093 1019 4130 vero
1040 4074 1197 4146 perpendit,
1226 4073 1341 4127 candem
1368 4070 1418 4143 agi
1437 4086 1499 4141 per·

162 4167 247 4230 petuo
267 4157 342 4213 vitae
362 4159 485 4214 fabulam
505 4160 618 4215 mutatis
638 4159 777 4230 personis,
799 4175 850 4212 uec
870 4157 1011 4228 quicquam
1026 4156 1054 4210 in
1067 4157 1148 4211 rehus
1162 4151 1286 4209 humanis
1299 4167 1399 4206 uorum
1418 4155 1500 4207 asael

162 4241 260 4310 ltaque
280 4239 407 4295 Salomon
427 4240 679 4296 commemoratione
700 4256 801 4302 eorum,
823 4254 893 4309 quae
912 4238 1006 4292 rident
1026 4253 1126 4299 omnes,
1148 4237 1276 4289 admonet
1296 4230 1365 4300 eius,
1389 4233 1461 4302 quod
1482 4246 1501 4285 a

163 4319 301 4391 plerisque
321 4337 466 4390 perperam
486 4321 648 4392 negligitur.

240 4400 351 4455 Psalmo
371 4417 437 4455 vero
457 4401 524 4457 ClV.
546 4407 648 4471 putant
672 4399 778 4454 omniuo
805 4396 1016 4468 disputationem
1044 4393 1175 4450 contineri
1204 4391 1362 4464 physicam,
1392 4391 1499 4462 quaudo

164 4482 197 4535 de
217 4482 300 4536 rehus
319 4481 441 4552 physicis
463 4487 536 4535 totus
557 4489 609 4536 est
649 4487 741 4551 Atque
761 4478 799 4533 ihi
818 4480 894 4534 Deus
915 4477 1013 4531 dicitur
1033 4476 1160 4530 hindasse
1177 4475 1288 4529 Terram
1309 4485 1393 4540 asper
1413 4471 1499 4527 stahi·

164 4561 272 4616 litatem
291 4577 381 4624 suam:
412 4561 541 4631 illamque
570 4579 623 4615 non
652 4560 811 4616 inclinatum
839 4559 872 4613 iri
899 4557 927 4611 in
955 4557 1075 4611 seculum
1102 4555 1196 4610 seculi.
1236 4551 1320 4624 Atqui
1340 4551 1499 4623 longissime

165 4642 246 4697 abest
274 4641 385 4696 Psaltes
414 4658 433 4695 a
462 4642 650 4712 speculatione
680 4656 823 4695 causarum
851 4637 1035 4708 physicarum.
1076 4637 1161 4691 Totus
1190 4634 1260 4688 enim
1293 4631 1444 4703 acquiescit
1471 4631 1500 4688 iu

164 4721 351 4795 magnitudine
371 4722 439 4786 Dei,
460 4721 506 4793 qui
526 4721 592 4776 iecit
610 4722 681 4777 haec
700 4719 799 4784 omnia,
819 4721 1000 4790 hymnumque
1020 4717 1121 4789 pangit
1140 4717 1200 4771 Deo
1221 4712 1368 4776 conditori,
1397 4711 1426 4766 in
1446 4729 1497 4784 quc

164 4803 298 4868 muudum
319 4808 352 4858 nt
370 4802 394 4858 is
415 4806 535 4873 apparet
554 4802 647 4868 oculis,
668 4800 804 4873 percurrit
823 4796 925 4855 ordine.
963 4797 1077 4860 Quodsi
1091 4798 1161 4853 hcnc
1179 4794 1343 4868 perpendas,
1364 4809 1497 4850 commen·
1522 4843 1523 4847 ,
