3354 5504
646 269 686 324 Ds
704 271 811 324 Motibus
832 272 924 325 Stellas
942 272 1029 327 Martis

272 449 325 515 ιιι·
347 445 404 496 114·
509 447 710 527 pendicnlaris
744 459 850 530 agatur
882 454 957 516 FBI.
1005 454 1099 533 Igitur
1127 453 1249 535 planeta
1280 454 1323 516 sic
1346 454 1506 529 collocato,

439 569 468 610 ’χ
506 544 542 600 nt
563 537 606 599 BI
628 539 657 600 in
681 547 813 602 centrum
836 542 941 603 tendat
959 541 1051 615 Solis,
1075 542 1321 623 appropinquatio
1340 543 1507 609 nubserit

508 626 621 705 Anguli
644 629 720 690 enim
742 627 829 707 DBI,
852 632 923 692 ABI
956 640 1025 692 sunt
1052 631 1209 711 aequales,
1244 650 1336 715 quare
1359 628 1449 719 etae'
1491 651 1509 711 a

509 716 617 791 fortes,
637 716 688 777 ille
712 719 750 779 ad
774 716 1076 800 appropinquandum,
1100 721 1149 781 hio
1162 720 1203 783 ad
1226 720 1408 800 fugiendum
1427 786 1463 801 „¹

510 803 600 884 igitur
627 814 674 868 est
702 807 785 887 quasi
811 808 1035 889 aequipondium
1059 811 1088 871 in
1110 808 1301 872 mechanicis.
1348 808 1507 891 Itoqao''B

509 902 641 956 centrum
653 895 761 958 Martis
777 896 831 958 hoc
845 906 934 979 pacto
951 899 979 959 in
995 899 1098 979 apside
1115 907 1262 972 versatur,
1278 907 1352 978 puta
1368 899 1398 960 iu
1409 899 1506 979 aphe-

508 983 558 1057 lio,
580 984 809 1049 remotissimum
825 1008 843 1048 a
858 987 938 1051 Sole.
978 986 1120 1049 Sumatur
1139 988 1201 1067 jam
1222 1008 1309 1049 arcus
1330 988 1440 1070 aliquis
1454 986 1506 1064 10,

507 1092 681 1134 mensurans
697 1075 836 1154 angulum
852 1077 1018 1141 anomaliae
1034 1086 1225 1156 coaequatae,
1250 1087 1281 1138 et
1294 1078 1440 1139 educatur
1453 1076 1506 1143 Bc

506 1170 535 1223 et
552 1162 732 1241 producatur
753 1165 782 1225 in
795 1165 835 1227 Κ.
874 1166 1045 1230 Collooetur
1065 1174 1163 1227 autem
1184 1166 1307 1245 planeta
1328 1166 1383 1239 sie,
1400 1175 1436 1226 ut
1453 1165 1505 1232 Bc

165 1242 195 1304 iu
212 1241 313 1306 Solem
328 1246 443 1322 tendat,
463 1249 512 1330 qui
532 1252 586 1312 sub
596 1252 630 1312 Κ
648 1252 833 1332 intelligitur.
872 1255 1034 1327 Quaeritur
1047 1256 1142 1335 primo
1162 1275 1300 1316 mensura
1320 1255 1505 1316 fortitudinis

165 1351 305 1395 accessus
318 1336 469 1415 planetae.
507 1340 658 1402 Accessus
674 1341 752 1402 enim
767 1343 809 1419 ut,
833 1345 904 1424 quia
919 1344 947 1405 D
966 1344 1052 1424 polus
1069 1353 1215 1425 appetens
1239 1344 1400 1405 inclinatur
1424 1344 1462 1404 ad
1476 1344 1505 1405 K

164 1419 268 1484 Solem
290 1426 398 1504 angulo
421 1426 523 1502 DBK3
554 1431 583 1489 A
607 1447 676 1490 vero
706 1431 821 1510 lugiens
851 1432 954 1495 abnuit
976 1433 1084 1512 angulo
1108 1434 1203 1496 ΑΒΚ.
1252 1431 1328 1494 Cum
1351 1431 1443 1512 igitur
1467 1433 1506 1493 sit

163 1511 311 1574 naturalis
333 1515 394 1575 ista
417 1517 517 1596 anguli
543 1519 696 1593 fortitudo,
720 1521 776 1581 erit
798 1522 827 1582 in
852 1523 967 1584 ratione
991 1532 1134 1585 staterae.
1180 1525 1224 1584 At
1248 1522 1339 1583 ducta
1363 1541 1402 1582 ex
1426 1519 1451 1584 0
1476 1520 1502 1581 iu

163 1597 224 1661 DA
244 1603 491 1683 perpendiculari,
515 1625 590 1686 qnae
615 1607 655 1669 ait
679 1606 744 1681 ΟΡ,
769 1611 828 1672 erit
850 1613 928 1674 inter
951 1611 1013 1687 DP,
1039 1613 1092 1673 ΡΑ
1118 1613 1194 1672 ratio
1219 1619 1364 1673 staterae.
1412 1609 1503 1672 Libra

165 1688 243 1750 euim
265 1707 302 1752 ex
325 1691 438 1755 tmtina
460 1694 515 1756 ΚΒ
540 1714 699 1775 suspensa,
735 1707 765 1760 et
788 1701 975 1763 manentibus
999 1700 1143 1774 brachiis,
1181 1701 1289 1778 angulo
1312 1699 1417 1773 DBK,
1447 1697 1503 1760 erit

164 1777 280 1858 pondus
310 1779 425 1845 bracbii
447 1783 503 1844 BD
526 1786 562 1845 ad
599 1787 713 1865 pondus
747 1787 858 1851 brachii
882 1791 956 1864 BA,
996 1799 1029 1850 ut
1051 1790 1105 1851 DP
1136 1790 1174 1850 ad
1198 1790 1272 1864 PA;
1310 1788 1387 1849 adeo
1422 1796 1455 1849 ut
1477 1787 1500 1848 si

164 1866 285 1930 brachia
316 1889 354 1931 ex
377 1869 428 1934 ΟΡ
460 1875 711 1953 suspenderentur
741 1875 838 1962 in,P,
876 1887 906 1941 et
928 1879 1043 1960 pondus
1066 1880 1122 1941 BA
1146 1877 1423 1940 accommodaretur
1447 1876 1500 1956 ipsi

165 1955 233 2032 ΡΙ),
261 1958 378 2036 pondus
408 1980 478 2022 vero
501 1961 615 2026 brachii
638 1965 693 2026 BD
717 1965 772 2046 ipsi
796 1968 866 2045 PA,
895 1977 963 2030 tune
987 1968 1047 2031 DA
1074 1986 1139 2029 cum
1164 1966 1215 2031 GP
1237 1967 1368 2046 pendula
1391 1966 1502 2027 mutina

35 2100 41 2114 ,
165 2044 299 2108 iacerent
321 2057 420 2111 rectos
444 2053 579 2130 angulos.
618 2053 697 2115 Vide
713 2054 823 2135 Optica
837 2077 913 2130 mea,
938 2066 968 2119 et
983 2077 1040 2118 uon
1059 2057 1148 2119 facile
1171 2055 1319 2117 movearis
1345 2055 1500 2116 incuriosis

164 2134 507 2214 experimentationibus.
554 2142 597 2204 Ut
627 2142 718 2223 igitur
740 2145 794 2206 DP
818 2148 856 2207 ad
880 2148 944 2221 PA,
976 2145 1019 2207 sic
1051 2146 1192 2208 fortitudo
1224 2143 1325 2221 anguli
1348 2143 1435 2207 ABG
1463 2143 1500 2204 ad

165 2222 368 2289 fortitudinem
399 2230 498 2308 anguli
521 2230 614 2296 DBC.
661 2233 763 2311 anae
796 2234 887 2314 igitur
917 2236 975 2296 vim
1005 2234 1127 2296 metitur
1150 2235 1198 2296 hic
1221 2234 1283 2305 DP,
1309 2233 1499 2312 appetentiae

163 2311 223 2374 vim
245 2314 309 2379 PA.
354 2318 450 2381 Anser
473 2339 491 2380 a
514 2320 569 2382 PA
601 2322 756 2401 aequalem
790 2324 847 2406 ipsi
876 2325 940 2401 DP,
973 2344 1048 2407 quae
1079 2325 1119 2386 sit
1149 2323 1213 2386 AS.
1259 2322 1340 2401 Ergo
1372 2321 1423 2384 SP
1454 2329 1501 2383 est

164 2420 303 2467 mensura
325 2405 447 2469 virtutis
470 2411 639 2489 appetentis
663 2410 832 2489 solitariae,
860 2413 1069 2493 impedimento
1093 2414 1181 2492 fugae
1205 2411 1325 2473 ablato:
1360 2410 1449 2491 idque
1470 2410 1499 2472 in

163 2494 370 2573 proportione,
402 2497 532 2577 qualium
555 2498 614 2562 AD
641 2499 762 2562 metitur
784 2503 844 2564 vim
876 2503 1036 2565 maximam
1070 2501 1255 2574 solitariam;
1287 2499 1341 2561 sed
1371 2499 1500 2580 qualium

164 2579 286 2645 dimidia
307 2583 364 2646 DB
387 2587 508 2648 metitur
530 2588 591 2649 vim
613 2589 789 2666 maximam,
823 2592 926 2658 talium
956 2601 987 2655 et
1016 2591 1109 2672 ipsius
1135 2589 1182 2652 PS
1211 2589 1349 2664 dimidia,
1385 2589 1501 2650 scilicet

163 2669 230 2745 PB,
260 2670 318 2735 boc
341 2681 389 2736 est
416 2676 499 2738 sinus
523 2676 577 2740 CN
610 2678 777 2741 anomaliae
806 2689 989 2763 coaequatae
1013 2679 1101 2755 0131,
1133 2679 1255 2741 metitur
1277 2678 1337 2739 vim
1360 2697 1499 2740 accessus

163 2759 273 2824 nudam
296 2761 352 2827 boc
375 2763 435 2844 sitp
458 2766 597 2846 planetae
621 2767 659 2829 ad
683 2768 794 2832 Solem.
831 2771 927 2851 Igitur
949 2771 1031 2833 sinus
1056 2768 1222 2831 anomaliae
1245 2775 1431 2847 coaequatae
1455 2774 1500 2828 est

162 2854 303 2913 menstra
335 2852 517 2918 fortitudinis
549 2874 688 2941 accessus
719 2857 859 2938 planetae
892 2861 931 2921 ad
961 2859 1061 2923 Solem
1092 2859 1145 2920 illo
1174 2858 1250 2920 loco.
1294 2857 1398 2938 Atque
1427 2857 1498 2918 haec

161 2937 410 3005 incrementomm
432 2944 552 3007 virtutis
575 2965 713 3009 mensura
737 2957 793 3011 est

248 3027 348 3113 Spatii
370 3033 517 3097 libratorii
539 3056 592 3116 per
615 3035 689 3098 haec
712 3037 851 3099 continua
874 3037 992 3099 virtutis
1021 3037 1203 3098 incrementa
1219 3034 1347 3094 confecti
1364 3052 1499 3095 mensura

162 3118 249 3200 louge
272 3129 322 3182 est
344 3121 424 3184 alia:
449 3126 610 3187 ostendunt
633 3125 710 3188 enim
733 3126 905 3200 observata,
933 3127 958 3187 si
982 3127 1038 3206 ipsi
1063 3123 1103 3187 lC
1125 3124 1291 3184 anomaliae
1316 3131 1497 3203 coaequatae

162 3212 344 3292 respondeat
373 3232 426 3274 sna
458 3214 607 3276 anomalia
635 3216 762 3278 eccentri
787 3216 846 3291 Gl,
876 3216 955 3296 qnod
978 3217 1022 3276 111
1045 3214 1127 3276 siuns
1151 3232 1255 3273 versus
1278 3230 1366 3273 arcus
1390 3211 1436 3274 GI
1460 3213 1498 3273 sit

162 3319 300 3363 mensura
326 3300 496 3379 librationis
527 3311 677 3384 peractae.
726 3306 761 3366 Id
789 3306 815 3367 si
840 3305 929 3367 etiam
952 3324 989 3365 ex
1013 3305 1079 3383 ipsa
1101 3301 1182 3382 prins
1205 3302 1338 3362 indicata
1361 3321 1498 3363 mensura

161 3390 325 3453 celeritatis
354 3389 410 3453 CN
439 3391 544 3454 deduci
573 3402 690 3476 potest,
729 3403 799 3456 tnnc
829 3393 1085 3455 conciliaverirnus
1117 3390 1330 3471 experientiam
1354 3409 1420 3452 cum
1444 3392 1496 3450 de-

118 3546 125 3560 ,
161 3482 377 3545 monstratione
408 3481 511 3545 librae.
558 3480 633 3546 (ium
665 3483 743 3545 enim
769 3484 909 3563 cujusque
934 3501 1021 3544 arcus
1045 3482 1126 3544 sinus
1150 3481 1191 3541 sit
1214 3498 1353 3541 mensura
1376 3480 1496 3541 sortitu-

161 3570 238 3632 dinis
265 3569 345 3635 illins
368 3571 487 3652 auguli,
516 3590 630 3635 summa
657 3573 773 3634 sinuum
801 3573 859 3634 erit
891 3573 952 3634 iere
976 3590 1113 3633 mensura
1137 3588 1267 3631 summae
1291 3568 1497 3630 fortitudinum

160 3679 212 3721 sen
235 3659 462 3741 impressionum
482 3678 537 3741 per
560 3680 661 3723 omnes
684 3670 786 3741 partes
811 3661 952 3742 aequales
976 3660 1096 3722 circuli:
1121 3677 1244 3739 quarum
1267 3657 1396 3718 omnium
1415 3677 1496 3719 com-

159 3749 257 3812 munis
289 3749 412 3812 effectus
445 3757 493 3812 est
522 3758 587 3812 tota
614 3751 734 3813 libratio
764 3760 899 3833 peraeta.
946 3750 1040 3831 Atqui
1063 3767 1178 3811 summa
1200 3746 1316 3807 sinuum
1338 3746 1386 3808 IG
1408 3764 1495 3807 arcus

161 3838 240 3912 (sint
262 3837 338 3901 enim
358 3838 421 3918 jam
442 3840 584 3920 aequales
607 3837 650 3903 10
673 3848 705 3902 ει
727 3837 773 3902 lG
796 3839 978 3915 anomaliae,
1009 3839 1086 3901 alias
1110 3837 1256 3902 diversae,
1281 3834 1321 3894 ad
1343 3834 1496 3896 vitandam

160 3926 377 4003 confusionem)
406 3927 445 3989 ad
473 3948 617 3990 summam
644 3929 759 3992 sinuum
787 3929 961 4009 quadrantis
996 3935 1043 3989 est
1076 3928 1138 3988 lere
1161 3933 1194 3986 nt
1217 3925 1261 3986 ΙΗ
1284 3942 1390 3984 versus
1414 3924 1494 3986 sinus

158 4016 240 4081 illius
271 4036 358 4079 arcus
387 4016 433 4080 IG
468 4019 507 4079 ad
530 4019 571 4081 [Β
601 4024 719 4081 versum
752 4017 849 4081 sinum
882 4016 1065 4098 quadrantis.
1121 4014 1191 4076 Dixi
1227 4013 1314 4073 fere.
1360 4012 1441 4075 Nam
1469 4013 1496 4074 in

158 4106 323 4188 principio,
356 4125 423 4168 cnm
454 4107 537 4169 sinus
568 4127 673 4170 versus
705 4116 736 4169 et
764 4126 874 4189 parvus
905 4113 952 4168 εει
993 4113 1025 4166 ει
1054 4124 1149 4186 parva
1180 4102 1273 4163 habet
1301 4100 1495 4176 incrementa,

160 4195 282 4258 dimidio
311 4195 408 4258 minus
438 4196 575 4271 exhibet,
606 4217 693 4280 qnam
724 4215 839 4258 summa
870 4195 994 4257 sinuum.
1040 4195 1128 4256 Ecce.
1184 4190 1302 4274 Capiat
1332 4192 1495 4273 quadram

156 4292 266 4368 partes
287 4280 356 4350 90⁰.
404 4284 535 4348 Summa
557 4280 599 4349 90
626 4288 752 4350 manum
778 4294 823 4349 εει
845 4280 1007 4348 5789491.
1054 4284 1131 4347 Jam
1162 4279 1239 4344 olim
1268 4282 1352 4344 caim
1380 4279 1496 4344 addidi

160 4394 264 4438 omnes
292 4373 413 4439 ordine.
459 4372 591 4438 Summa
619 4377 746 4440 masam
774 4377 810 4439 ia
842 4395 919 4437 area
946 4370 989 4448 1⁰,
1019 4373 1076 4435 loe
1105 4379 1151 4434 est
1179 4372 1269 4432 sinae
1295 4370 1426 4451 primas
1452 4374 1494 4431 est

162 4459 257 4540 1745,
279 4470 309 4528 ει
329 4469 366 4527 ιιι
386 4459 445 4526 illa
466 4483 588 4527 samma
603 4464 647 4527 ad
664 4466 755 4537 banc,
777 4465 824 4527 sic
845 4457 973 4526 100000
991 4462 1035 4524 od
1050 4459 1102 4524 30.
1142 4459 1260 4522 coma
1279 4459 1371 4522 εἰηιιε
1387 4476 1494 4522 verosa

159 4552 348 4636 quodrautrb
369 4559 414 4615 est
438 4549 577 4626 100000,
599 4554 689 4619 maus
709 4573 816 4618 εενειιε
839 4548 875 4614 1⁰
890 4560 935 4615 est
951 4547 1001 4626 15,
1026 4551 1109 4632 qaod
1131 4557 1176 4612 eet
1199 4547 1369 4611 dimidium
1383 4548 1425 4611 de
1440 4545 1488 4612 30.

117 4686 132 4725 ·.
246 4643 312 4704 Hoc
335 4639 542 4722 ἀγεωμιιρηιῳ
565 4650 596 4703 ει
617 4643 754 4723 peccanti
780 4640 925 4722 principio
956 4640 1050 4701 lector
1071 4637 1146 4700 nihil
1170 4637 1368 4698 deterreatur.
1415 4637 1490 4699 Nam

160 4728 331 4814 priusquam
354 4729 506 4792 sensibilis
529 4730 561 4792 tit
581 4731 677 4808 portio
700 4728 878 4806 librationis,
897 4728 963 4809 jam
985 4727 1152 4790 insensibili
1177 4725 1318 4787 differunt
1339 4725 1489 4806 utriusqus

159 4815 238 4881 modi
262 4818 395 4882 effectus.
435 4817 521 4882 Nam
543 4818 814 4885 cammerinorum
838 4816 887 4894 15,
911 4835 992 4900 qaae
1009 4823 1055 4880 εει
1072 4808 1212 4892 tostos,
1237 4812 1373 4881 οειεειιίι
1396 4807 1487 4879 3591.
