3354 5504
458 288 490 342 de
508 288 746 345 commentariis-ds
763 297 831 342 motu
849 290 936 343 stellae
954 290 1050 343 Martis.
1356 286 1420 358 109

890 431 895 440 ,
922 442 928 459 ,
982 402 998 444 s

63 470 99 533 ad
121 469 236 533 lineam
260 488 299 532 ex
315 467 398 531 Sole.
441 468 529 541 Quod
546 478 646 541 autern
659 472 784 551 planeta
807 469 917 533 transit
941 470 977 531 de
1001 471 1097 551 gradu
1119 469 1240 533 virtutis
1262 470 1292 533 in
1315 470 1416 547 alium,

63 560 91 623 id
112 560 148 622 lit
170 559 298 641 egregia
321 560 439 623 ratione
463 580 500 621 ex
518 561 584 641 jam
606 561 716 641 positis
738 559 904 641 principiis.
947 557 1027 630 Quid
1043 569 1076 622 tn
1097 561 1294 640 responderes
1314 560 1416 641 philo-

64 649 173 731 sopho,
209 649 261 731 qui
294 656 435 729 negaret,
469 656 500 711 te
524 669 562 711 ex
586 670 684 712 rerum
714 659 823 712 natura
847 648 928 730 loqui
951 649 1118 712 dicentem:
1150 649 1180 711 in
1210 657 1276 711 toto
1304 650 1417 713 ambitu

62 739 203 820 planetae
227 737 303 801 nihil
327 757 395 801 esse
419 738 478 800 nisi
500 739 531 802 iu
555 759 613 802 uuo
637 740 702 820 ejus
724 739 856 820 puncto?
893 738 1044 818 Numquid
1065 739 1157 815 dices,
1180 737 1237 801 hoc
1260 737 1302 801 nil
1326 739 1416 802 dero-

64 847 132 908 gare
154 826 337 908 perfectioni
361 827 502 890 coelestis
526 829 671 903 ambitns;
703 829 856 909 planetam
890 828 967 890 enim
996 847 1054 890 non
1084 838 1176 908 posse
1205 827 1325 889 esseio
1350 834 1414 891 toto

64 917 177 980 ambitu
201 916 303 989 simul,
326 916 379 978 sed
402 917 469 997 cogi
493 917 573 980 intra
593 918 680 980 nnius
700 918 787 999 quasi
804 915 907 998 puncti
932 918 1098 1020 angustias,
1123 925 1272 979 ettamen
1292 921 1416 980 succes-

65 1007 127 1069 sise
152 1004 259 1068 venire
282 1005 313 1068 in
337 1005 398 1068 alia
420 1007 518 1068 omnia
541 1007 672 1086 puncta?
714 1007 798 1069 Idem
823 1025 878 1087 ego
903 1004 985 1068 dico:
1011 1006 1090 1068 siin
1114 1007 1250 1068 omnibus
1273 1005 1418 1086 gradibus

64 1095 184 1159 virtutis
210 1113 257 1157 ex
272 1093 345 1158 Sole
367 1095 570 1159 consisterent
592 1098 733 1176 planetas
757 1095 856 1178 ibique
878 1104 1035 1158 manerent
1057 1095 1182 1175 singuli,
1207 1094 1262 1158 Sol
1293 1095 1415 1176 experi-

65 1194 146 1247 retur
169 1185 279 1246 eodem
302 1191 405 1246 tenore
429 1204 532 1247 omnes
555 1185 668 1265 gradus
690 1185 812 1248 virtutis
835 1204 908 1247 snae
931 1184 961 1247 in
991 1185 1061 1248 illos
1085 1184 1205 1265 idque
1197 1184 1361 1259 nnariate3
1386 1194 1419 1247 at

65 1274 130 1355 quis
154 1273 299 1354 planetae
322 1292 380 1336 non
404 1284 532 1353 possunt
554 1294 622 1336 esse
645 1274 734 1337 simul
757 1274 786 1335 in
806 1272 942 1336 omnibus
965 1273 1108 1353 gradibus
1132 1273 1253 1336 virtutis
1276 1293 1315 1336 ex
1333 1273 1415 1348 Sole,

66 1363 232 1426 succedunt
254 1369 388 1443 tempore
412 1382 451 1425 ex
473 1383 532 1426 una
554 1364 583 1425 in
608 1363 709 1439 aliam,
734 1372 768 1426 ut
790 1380 893 1425 omnes
916 1363 1070 1444 impleant.

150 1449 243 1523 Quod
257 1451 313 1527 ais,
338 1471 396 1514 non
411 1452 541 1528 dubium,
566 1453 636 1533 quin
656 1471 758 1515 omnes
782 1461 880 1515 motus
902 1453 978 1514 fiant
1000 1471 1054 1534 per
1072 1451 1213 1514 circulum
1236 1451 1416 1531 perlectum,

64 1542 85 1605 si
108 1542 156 1604 -de
185 1541 363 1623 compositis
387 1541 421 1615 (i.
446 1562 472 1603 e.
497 1542 643 1616 realibus)
668 1542 813 1623 loqueris,
843 1543 961 1604 falsum.
1010 1543 1101 1605 Fiunt
1129 1540 1206 1603 enim
1236 1539 1413 1621 Copemico,

63 1640 92 1694 ut
113 1630 191 1706 dixi,
215 1648 271 1712 per
294 1631 420 1693 orbitam
445 1632 483 1693 ad
506 1633 605 1695 latera
627 1632 728 1694 circuli
753 1631 956 1706 excedentem,
981 1632 1156 1695 Ptolemaeo
1176 1640 1208 1693 et
1221 1629 1342 1692 Braheo
1366 1628 1414 1690 in-

63 1739 151 1803 super
172 1740 231 1802 per
254 1720 363 1800 spiras.
411 1719 465 1782 Sin
497 1729 597 1783 autern
622 1721 753 1802 loqueris
786 1721 823 1782 de
847 1721 1107 1798 componentibus,
1142 1720 1178 1782 de
1211 1718 1288 1782 fictis
1322 1718 1415 1798 igitur

63 1811 85 1874 h
110 1830 139 1873 e.
165 1809 206 1871 de
229 1808 321 1872 nullis
344 1810 482 1890 loqueris.
512 1810 595 1872 Nihil
619 1811 696 1874 enim
720 1809 749 1871 in
773 1811 856 1872 coelo
880 1809 1017 1872 circumit
1038 1817 1160 1892 praetor
1183 1809 1281 1889 ipsum
1303 1826 1413 1887 corpus

63 1901 216 1979 planetae,
240 1899 341 1961 nullus
360 1899 452 1973 orbis,
475 1901 574 1961 nullus
589 1900 749 1981 epicyclus‚
772 1900 849 1980 quod
864 1898 1042 1961 Braheanae
1056 1899 1259 1961 astronomiae
1280 1897 1417 1959 initiatus

62 1989 202 2070 ignorare
225 2006 286 2049 uon
308 1996 406 2068 potes.
444 1990 510 2051 Hoc
525 2002 595 2069 ergo
614 1990 714 2068 posito
730 1989 933 2064 fundamento,
958 1989 1031 2052 nihil
1045 1987 1157 2051 moveri
1172 1997 1293 2069 praeter
1306 1987 1416 2067 plane-

63 2087 158 2142 tarum
184 2095 322 2158 corpora,
345 2079 370 2140 si
390 2079 455 2158 jam
479 2087 649 2158 quaeratur,
675 2078 771 2159 qualis
794 2078 848 2140 flat
870 2078 950 2140 linea
964 2097 1087 2159 corpore
1102 2075 1323 2140 circumeunte?
1345 2095 1414 2138 res·

63 2168 177 2248 pendeo
204 2164 261 2228 tibi
284 2184 341 2247 ego
364 2187 423 2229 non
438 2187 475 2229 ex
489 2167 651 2250 hypothesi
664 2173 816 2248 suscepta,
842 2167 895 2229 sed
910 2186 948 2229 ex
963 2167 1091 2230 scientia
1109 2163 1415 2229 demonstrationibus

63 2253 256 2336 geometricis
280 2256 467 2338 undiquaque
491 2258 705 2332 munitissima,
734 2257 793 2319 iter
815 2257 949 2336 corporis
973 2256 1036 2319 lieri
1060 2258 1160 2330 orale,
1194 2257 1256 2318 fere
1280 2263 1314 2317 ut
1337 2255 1417 2335 apud

64 2345 279 2428 (iopernicum,
312 2346 363 2425 qui
390 2353 511 2426 praeter
539 2365 646 2427 corpus
674 2348 815 2425 planetae
843 2347 935 2408 etiam
964 2347 1113 2429 epicyclos
1138 2354 1170 2407 et
1192 2345 1281 2407 orbes
1308 2351 1417 2406 moret.

64 2434 177 2508 Quodsi
204 2434 348 2497 darentur
371 2435 458 2497 orbes
483 2436 580 2510 solidi,
604 2455 725 2516 possem
750 2436 850 2515 utique
874 2444 905 2496 et
927 2436 993 2515 ipse
1018 2435 1158 2498 facillime
1174 2435 1292 2497 evalem
1306 2420 1416 2496 lincam

64 2532 294 2607 repracsentare
326 2542 380 2603 per
408 2533 533 2587 concent
534 2525 626 2587 ricum
659 2533 691 2586 et
722 2526 797 2587 duos
834 2525 999 2629 epicyclos,
1038 2543 1161 2606 qnorum
1199 2521 1416 2587 semidiametri

62 2614 182 2692 junctae
209 2622 341 2692 aequent
362 2606 618 2676 eccentricitatem
643 2614 811 2689 eccentrici,
837 2613 935 2693 sitque
963 2614 1087 2677 minoris
1111 2612 1258 2675 diameter
1281 2612 1417 2693 aequalis

64 2701 215 2766 latitudini
237 2702 374 2776 lunulae,
408 2722 466 2783 qna
496 2703 596 2765 differt
625 2703 739 2783 ellipsis
764 2724 782 2764 a
805 2703 925 2765 circulo.
972 2704 1146 2766 Tribuercm
1179 2703 1257 2763 enirn
1281 2701 1417 2784 epicyclo

65 2799 171 2865 (mJeri)
197 2798 311 2854 motum
335 2792 516 2870 contrarium
538 2792 630 2854 motui
655 2793 836 2855 concentrici
859 2801 892 2854 et
914 2793 1109 2875 aequalem
1084 2813 1112 2854 er
1126 2792 1154 2853 in
1174 2800 1308 2872 ternpore
1324 2790 1415 2853 resti·

65 2880 184 2956 utorio,
210 2880 345 2962 epicyclo
370 2887 480 2952 (minant
504 2882 690 2944 celeritatem
715 2883 835 2961 duplam
858 2883 887 2944 in
900 2891 1004 2963 partes
1020 2883 1142 2944 easdem
1164 2901 1230 2944 cum
1245 2879 1360 2960 majori,
1385 2888 1417 2941 et

29 3040 32 3044 A
65 2988 205 3050 ponerem
227 2969 383 3051 planetam
407 2969 494 3032 simul
518 2972 547 3032 in
573 2990 707 3051 apogaeo
732 2971 886 3052 utriusque
917 2971 1057 3053 epicycli‚
1090 2972 1177 3034 simul
1202 2971 1295 3033 etiam
1325 2978 1357 3030 et
1385 2968 1415 3030 in

65 3060 206 3140 perigaeo
231 3066 262 3120 et
285 3059 316 3119 in
337 3070 448 3139 puncto
472 3065 596 3129 (macris)
615 3060 757 3142 epicycli‚
782 3062 861 3142 qnod
885 3069 975 3123 esta
998 3070 1101 3124 centro
1125 3061 1247 3143 mqjoris
1270 3059 1415 3121 remotis-

66 3150 185 3223 simum3
210 3148 250 3210 ad
273 3147 371 3223 latera
393 3167 465 3211 vero
488 3150 669 3212 concentrici
693 3158 777 3213 esset
798 3151 828 3212 in
851 3150 993 3232 perigaeo
1017 3155 1140 3223 (majora)
1168 3149 1305 3231 epicycli.

148 3254 233 3317 Ecce
258 3253 313 3316 tibi
338 3256 554 3336 supellectilem
570 3254 809 3338 Copemicanam
824 3256 979 3320 levissima
1000 3257 1166 3320 mutatione
1181 3254 1413 3336 transpositam

66 3345 166 3429 ecquid
191 3343 318 3423 placet?
362 3345 439 3406 Mihi
462 3345 593 3408 minime
639 3344 769 3408 Primum
794 3347 870 3408 enim
895 3348 983 3409 orbes
1006 3347 1079 3409 nnlli
1109 3356 1194 3419 sunt;
1225 3344 1295 3426 qnid
1324 3343 1417 3425 igitur

63 3434 146 3513 jurat
169 3432 292 3495 mentiri
316 3453 424 3497 causas
447 3444 546 3497 motus
569 3436 711 3516 planetae
735 3437 852 3498 ovalis?
888 3437 1004 3499 Deinde
1021 3456 1124 3498 omnes
1142 3436 1200 3497 hit
1187 3444 1258 3509 t,res
1284 3453 1414 3496 concen-

65 3523 154 3586 tricus
179 3541 247 3584 cum
272 3521 386 3585 duobus
410 3524 567 3606 epicyclis,
600 3525 747 3605 fingerent
748 3544 784 3591 ur
814 3526 1012 3607 aequaliter
999 3546 1064 3605 Jam
1095 3524 1207 3587 tardi'
1193 3543 1258 3604 Jam
1281 3523 1413 3598 veloces,

67 3620 205 3694 essetque
229 3630 369 3673 mensura
391 3632 539 3675 morarum
563 3614 593 3676 in
617 3614 750 3694 quolibet
773 3633 842 3676 arcu
863 3615 987 3679 distant
965 3624 1009 3677 tra
1024 3614 1165 3694 planetae
1181 3634 1200 3674 a
1214 3621 1316 3674 centro
1341 3630 1415 3674 oon-

67 3701 201 3765 centrici.
239 3700 285 3762 At
307 3722 383 3783 quae
407 3723 498 3764 causa
522 3710 613 3777 esset,
639 3722 691 3764 cur
714 3705 919 3766 concentricns
940 3711 1052 3768 motum
1066 3703 1193 3765 haberet
1207 3701 1417 3783 inaequalem?

67 3811 115 3854 cnr
143 3789 293 3873 epicycli?
326 3800 358 3853 et
390 3810 465 3870 qnae
498 3793 642 3854 connexio
675 3791 763 3871 hujus
789 3813 946 3855 mensurae
974 3813 1040 3856 cum
1067 3790 1259 3853 mensurato?
1303 3789 1347 3853 Et
1369 3799 1418 3853 est

23 3933 29 3949 ,
66 3890 165 3944 tamen
200 3878 276 3941 haec
308 3899 448 3943 mensura
482 3881 557 3942 adeo
590 3881 711 3962 propria
742 3882 830 3962 hujus
863 3883 1032 3957 tarditatis,
1070 3890 1110 3943 nt
1135 3881 1248 3943 nullum
1280 3890 1415 3943 centrum

67 3969 226 4051 aequantis
248 3989 286 4032 ne
310 3969 430 4051 quidem
453 3971 584 4033 libratile
608 3971 793 4033 circulariter
811 3972 902 4051 juxta
932 3992 964 4035 se
990 3973 1067 4033 ferat
1091 3977 1144 4031 ant
1165 3989 1219 4052 pro
1243 3990 1276 4031 se
1300 3969 1416 4034 substi-

66 4069 146 4122 tuere
170 4057 281 4140 possit,
327 4057 409 4140 Ergo
433 4069 466 4122 ιιι
489 4079 581 4122 causa
603 4068 710 4141 pateat
742 4061 934 4124 connexionis
962 4061 1040 4123 inter
1071 4063 1250 4122 mensurans
1272 4068 1303 4122 et
1330 4079 1415 4122 men-

67 4156 215 4223 suratum,
251 4158 370 4251 oportet
392 4148 462 4211 mitt
449 4158 513 4212 tere
536 4150 623 4212 iictos
646 4149 773 4212 circulos
797 4159 827 4211 et
851 4150 932 4232 ipsas
957 4149 1099 4231 amplecti
1127 4149 1305 4225 distantias,
1339 4167 1415 4239 quo-

66 4237 212 4320 modoque
237 4255 275 4298 ex
297 4237 335 4303 iis
358 4238 493 4319 elliptica
515 4240 565 4301 via
587 4260 621 4302 ra
623 4240 704 4302 tione
727 4240 856 4302 naturali
880 4239 1036 4315 efficiatur,
1060 4240 1256 4320 perpendere

149 4342 338 4394 Fabricius:
358 4343 415 4395 Non
433 4345 524 4396 sufficit
541 4346 638 4396 salvare
657 4360 728 4410 posse
745 4353 835 4403 motus
854 4346 992 4397 sedetiam
1010 4346 1074 4397 tales
1091 4346 1239 4412 hypotheses
1258 4345 1416 4407 constituere,

66 4427 127 4481 que
143 4414 272 4481 principiis
290 4414 444 4467 naturalibus
461 4411 561 4467 minime
580 4418 734 4468 dissentiunt.

150 4485 356 4566 Keplerns.
386 4488 522 4551 Mirifice
537 4508 684 4551 consensu
707 4491 872 4571 amplector
894 4490 950 4552 hoc
973 4498 1056 4552 tunm
1081 4490 1205 4569 dogma;
1230 4497 1261 4550 et
1284 4507 1321 4550 ea
1343 4456 1416 4552 mibi
1477 4546 1480 4551 .

67 4594 155 4639 caum
184 4575 242 4637 init
268 4576 355 4639 multi
385 4577 537 4641 laboris
529 4599 559 4640 m
584 4576 814 4642 Commentariis
837 4580 958 4642 Martis.
1005 4581 1047 4641 Te
1080 4598 1150 4640 vero
1183 4578 1260 4659 quod
1294 4578 1413 4653 attinet,

68 4665 251 4729 admonitum
273 4666 356 4740 volo,
392 4674 425 4729 ιιι
453 4687 521 4729 cum
544 4667 694 4731 0siandro
724 4668 892 4748 transigas;
926 4671 974 4751 qui
999 4667 1216 4749 praelationem
1239 4666 1362 4747 scripsit
1384 4668 1415 4729 iu

68 4772 139 4834 opus
157 4752 320 4835 Copernici
339 4775 396 4818 non
417 4757 556 4839 apposito
575 4758 691 4821 nornine
715 4764 813 4831 (cvmp.
836 4766 892 4817 Vol.
911 4767 931 4817 ι.
950 4784 974 4834 p.
994 4767 1045 4818 245
1064 4774 1091 4818 ee
1107 4766 1197 4816 reden
1221 4776 1332 4817 messam
1350 4766 1415 4819 ιιιιι

67 4853 136 4922 ln-
157 4850 234 4921 nar),
257 4844 411 4929 transigas
434 4847 527 4912 etiam
550 4865 616 4911 cnm
631 4845 805 4914 Christiano
820 4847 957 4915 Severini
971 4853 1199 4926 assumentem)
1223 4847 1273 4930 qui
1295 4856 1414 4931 purant,
