3354 5504
757 307 841 362 noa.
858 309 974 373 ΒΜ·
1288 280 1295 299 ’
1445 282 1532 377 'tua

189 498 217 547 et
236 487 374 561 abripitur
393 506 413 545 a
432 488 614 561 qualiounque
634 436 737 545 virtute
757 488 916 564 magnetica
929 489 1061 545 Telluris.
1103 491 1175 547 liam
1196 482 1237 544 vis
1260 489 1419 564 magnetioa
1439 488 1530 545 roras-

190 572 256 627 sima
275 569 383 641 qnidam
402 577 448 625 est
465 569 572 624 ratione
593 587 661 624 snae
682 570 809 641 propriae
829 569 917 635 aedis,
946 585 1043 640 nempe
1064 571 1196 636 Telluris.
1218 571 1339 641 eorporis
1360 568 1530 624 densissimi:

189 653 238 707 illa
260 656 356 707 tamen
383 649 541 724 languescit
569 650 598 704 in
618 651 729 721 objeotu
749 653 881 706 materiae
901 650 1020 705 rarioris.
1060 651 1196 722 Exemplo
1226 650 1265 705 sit
1292 651 1333 706 vis
1362 649 1415 704 illa
1442 656 1532 704 mutua

188 731 301 787 violenti
320 737 425 786 auotor.
465 729 541 785 Puer
568 747 651 785 manu
671 731 815 802 projiciens
843 730 971 802 lapillum
998 730 1131 802 propellit
1159 731 1235 787 illum
1256 747 1336 802 quam
1362 729 1531 803 longissime.

188 813 258 867 ldem
279 808 347 866 totis
376 810 479 865 viribus
499 810 640 874 oonnixus‚
670 818 703 866 ut
722 811 853 881 pumicem
882 810 1004 880 ejusdem
1025 811 1102 865 molis
1123 814 1218 867 eodem
1247 810 1392 882 projiciat,
1422 825 1533 881 scopum

187 907 324 964 nunquam
352 897 524 962 assequetur.
565 891 619 945 Sed
647 893 683 945 ad
709 907 827 962 vapores
856 895 947 947 redeo.
987 890 1032 945 llli
1058 891 1144 963 igitur
1173 896 1351 962 asportantur
1380 907 1440 946 oum
1464 889 1533 945 looia

187 974 332 1028 Terrarum
357 970 411 1026 aibi
436 970 568 1039 subjeetia
590 988 608 1024 a
627 972 729 1026 virtute
749 973 907 1044 magnetioa
920 971 1047 1036 Telluris,
1070 979 1099 1026 et
1121 973 1160 1027 siu
1180 972 1324 1044 quieseunt
1344 972 1532 1028 incumbentes

187 1053 282 1108 iiadem
301 1053 448 1107 Temnum
469 1050 546 1115 loeia,
568 1051 730 1122 quantisper
748 1070 803 1106 non
824 1069 842 1107 a
862 1051 953 1107 oausis
975 1051 1110 1123 aliquibua
1130 1052 1315 1124 impelluntur,
1338 1067 1411 1124 quae
1432 1067 1531 1105 oausae

186 1151 221 1188 ex
240 1133 338 1187 eodem
359 1148 419 1186 oum
439 1130 506 1201 ipsis
527 1131 633 1202 origine
654 1139 814 1190 naseuntur.
855 1131 970 1203 Impulsi
993 1134 1059 1187 vero
1080 1132 1169 1187 abiis
1190 1131 1295 1196 oanan,
1327 1148 1398 1203 quae
1417 1138 1530 1187 ventum

186 1213 306 1277 indunt,
342 1211 473 1266 fauillime
503 1227 521 1264 a
548 1211 653 1265 oetenie
682 1212 737 1266 illis
764 1213 927 1284 magnetiois
955 1212 1114 1268 avelluntur
1142 1212 1171 1269 in
1190 1213 1303 1285 plegem
1334 1228 1530 1283 quameunque.

185 1295 265 1367 idque
286 1291 398 1364 aequali
419 1291 519 1362 spatio,
540 1291 564 1346 si
585 1308 670 1346 oausa
694 1293 828 1364 aequalis.
871 1292 977 1363 Quippe
997 1292 1025 1346 in
1046 1310 1138 1348 eorum
1165 1298 1241 1350 motu
1266 1309 1318 1347 non
1345 1290 1532 1348 consideratur

184 1372 329 1446 longitude
351 1377 457 1427 traetus
477 1388 528 1442 per
553 1372 706 1436 aetherem,
738 1375 786 1426 sed
813 1373 959 1428 multitudo
986 1378 1145 1429 uatenarum
1172 1390 1223 1429 sen
1249 1371 1394 1444 longitudo
1424 1377 1530 1427 traotns

184 1456 216 1511 Ι·4
382 1452 452 1507 Nam
473 1453 509 1505 ad
529 1451 719 1524 trajioiendum
739 1471 790 1524 per
810 1455 950 1509 aetherem
970 1471 1029 1517 non
1045 1453 1170 1526 indigent
1189 1470 1241 1510 sua
1260 1469 1361 1522 opera,
1383 1456 1531 1507 oonteutae

182 1577 185 1588 ,
226 1602 291 1606 ,
331 1532 426 1588 elluris
447 1548 498 1586 oeu
518 1532 592 1589 navi.
633 1535 765 1604 Adeoque
785 1535 933 1606 genuinum
953 1541 998 1588 est
1017 1535 1173 1604 exemplum
1192 1532 1272 1589 navis
1293 1539 1323 1587 et
1343 1539 1482 1588 veoturum
1503 1531 1532 1588 ia

173 1604 189 1629 ’·
221 1648 239 1685 -:.
252 1604 338 1683 [ff
361 1612 457 1689 ,1ιίιιιι,
478 1611 530 1666 nisi
544 1615 615 1684 quod
635 1620 759 1668 veotorea
781 1615 859 1668 navis
880 1632 934 1668 non
953 1614 1071 1669 attrabit
1090 1615 1249 1685 magnetioa
1270 1612 1380 1678 virtute,
1402 1614 1451 1667 sed
1471 1612 1531 1667 eolo

187 1693 235 1731 '²⁴
273 1692 294 1757 J
361 1691 421 1757 '·ir,
450 1693 559 1746 eosdem
579 1710 644 1747 vero
665 1695 759 1748 Tellus
781 1694 870 1749 adbue
897 1695 1014 1750 attrabit
1034 1711 1084 1765 par
1103 1693 1252 1766 gravitatis
1275 1693 1417 1756 virtutem,
1449 1708 1530 1764 quam

158 1812 173 1845 ,⁵
220 1784 255 1822 *t
336 1768 339 1773 ’
376 1771 554 1827 oommnnioat
575 1780 650 1827 mutu
671 1775 757 1836 navis,
779 1791 896 1844 vaporea
916 1791 981 1828 vero
995 1782 1025 1829 et
1044 1774 1202 1845 projeotilia
1215 1792 1268 1830 non
1283 1773 1401 1827 attrabit
1421 1772 1529 1837 aether.

176 1915 178 1918 Α
221 1861 251 1895 w
281 1844 399 1921 ‚a'jola
418 1869 470 1906 sua
488 1852 552 1906 nari
575 1848 614 1921 (id
635 1862 679 1908 est
699 1870 717 1908 a
737 1850 862 1924 Tellure)
883 1855 1066 1911 attrahuntur.
1108 1855 1169 1909 Non
1189 1855 1283 1927 itaque
1304 1860 1334 1907 ut
1361 1853 1388 1907 in
1408 1852 1471 1907 navi
1493 1870 1531 1907 ex
1560 1908 1564 1913 ,

275 1924 365 2001 ᾤ
390 1932 554 2004 contingunt
574 1950 717 2003 corporum
733 1934 909 2004 jaetationes,
939 1937 1000 1989 dum
1029 1935 1203 2005 abripiuntur
1223 1951 1338 2003 corpora
1359 1949 1377 1987 a
1397 1932 1465 1987 looir
1496 1931 1529 1986 iis

216 2076 221 2089 ¹
245 2014 248 2019 '
330 2006 411 2089 'mad
432 2027 502 2085 quae
523 2014 648 2077 tendunt.
670 2015 818 2086 gravitatis
840 2014 996 2079 momentis,
1023 2033 1088 2079 non,
1110 2016 1233 2085 inquam,
1262 2014 1300 2069 sio
1321 2013 1403 2067 etiam
1420 2012 1526 2081 jactari

165 2094 169 2099 '
264 2094 268 2103 '
299 2086 489 2167 ¹‚'dt'torpura
507 2101 611 2157 nestra,
632 2094 695 2148 dum
714 2111 733 2149 a
753 2096 839 2149 Terra
853 2095 1034 2165 abripiuntur,
1056 2112 1143 2168 neque
1163 2113 1190 2151 ιι.
1212 2098 1326 2150 tendunt
1340 2110 1375 2146 ea
1388 2095 1422 2146 ad
1444 2093 1530 2148 ullam

183 2180 291 2255 paquara
303 2172 450 2239 saetberis,
472 2175 520 2226 sed
540 2175 574 2226 ad
594 2173 678 2229 solius
700 2176 801 2228 Terrae
822 2175 975 2245 subjeetum
1003 2175 1115 2246 planum
1144 2192 1195 2245 per
1215 2183 1329 2229 catenae
1357 2172 1529 2246 magnetioas

183 2252 281 2317 abab
336 2250 340 2255 ’
369 2272 378 2309 ι
408 2269 462 2324 quo
490 2254 522 2307 dt
542 2254 773 2310 demonstratione
793 2256 974 2327 geometrioa,
1006 2260 1039 2309 ut
1058 2259 1092 2310 ad
1114 2260 1236 2310 oentrurn
1265 2256 1381 2309 tendant
1410 2252 1527 2325 gravia;

183 2334 237 2391 etsi
248 2351 307 2390 aon
410 2342 442 2387 nt
455 2334 490 2387 ad
504 2340 627 2389 oentrum
648 2341 780 2406 tanquam
802 2338 837 2389 ad
856 2353 914 2392 rem
926 2336 1129 2409 geometricam.
1151 2337 1200 2390 red
1220 2341 1350 2409 tanquam
1364 2335 1399 2388 ad
1413 2333 1529 2388 medium

185 2414 307 2491 ,ιιι-μὴ
327 2411 445 2469 rotundi
486 2412 546 2468 Nisi
566 2432 594 2469 ιι.
616 2415 702 2468 Terra
726 2418 845 2470 rotunda
871 2424 959 2481 esset,
991 2417 1025 2470 ad
1055 2416 1125 2473 idem
1145 2415 1206 2486 ejus
1233 2431 1372 2470 eommune
1397 2420 1526 2484 punctum

186 2492 279 2553 an
296 2493 399 2566 gravia
418 2511 472 2547 non
492 2496 645 2550 tenderent.
1552 2530 1571 2575 g

173 2598 178 2607 ·
210 2596 231 2639 ,·
247 2594 254 2603 ·
273 2573 328 2631 me
348 2582 379 2629 tu
399 2580 466 2643 puto
481 2572 601 2643 objicies,
622 2591 740 2645 vapores
761 2593 815 2630 non
835 2576 908 2631 trabi
923 2592 941 2630 a
954 2578 1051 2641 Terre,
1073 2593 1133 2632 oum
1152 2575 1245 2648 potins
1265 2574 1376 2649 fugiant
1396 2590 1414 2628 a
1433 2574 1527 2630 Terra.

186 2656 358 2726 Retpondeo,
378 2653 406 2708 iu
426 2669 538 2725 vapore,
560 2671 619 2708 oum
638 2655 698 2708 exit
711 2674 748 2710 ex
762 2657 863 2710 Terrae
883 2657 1041 2720 visceribus,
1063 2657 1151 2712 inesse
1172 2657 1241 2711 duaa
1260 2674 1313 2720 rea,
1336 2655 1478 2709 materiam
1498 2662 1528 2709 et

187 2737 316 2800 ualerem
326 2734 372 2806 qui
382 2740 517 2788 extenuat
525 2734 677 2791 materiam.
699 2736 765 2791 Cum
779 2736 865 2807 igitur
877 2744 971 2807 partes
981 2738 1090 2808 aliquae
1105 2736 1215 2808 vaporis
1226 2753 1244 2790 a
1253 2738 1344 2791 oalore
1359 2742 1528 2789 extenuatae

188 2818 244 2871 siut
262 2815 325 2869 loeo
338 2813 441 2876 humili,
462 2813 610 2886 iisdemque
631 2816 777 2886 superbiae
797 2833 865 2872 aura
878 2817 971 2889 gelida
991 2817 1115 2881 orasaior,
1137 2818 1169 2871 dt
1187 2815 1274 2887 igitur
1294 2821 1326 2870 ut
1346 2814 1417 2869 siout
1436 2815 1529 2870 vesica

186 2902 250 2952 aare
272 2895 386 2950 umato
399 2894 526 2948 exsultat
545 2914 582 2949 ex
602 2897 690 2959 undis,
712 2899 806 2950 eadem
826 2898 854 2951 in
874 2903 940 2952 adre
961 2896 1111 2952 oons'tituta
1131 2899 1256 2951 deorsum
1276 2895 1357 2960 eadit,
1379 2894 1419 2949 sio
1439 2895 1529 2950 tenuis

185 2974 346 3031 summoue
364 2973 474 3044 vaporis
495 2992 602 3030 sursum
622 2976 782 3046 expellatur
801 2993 821 3032 a
839 2977 999 3033 oironmtbao
1020 2993 1113 3032 oraaso
1133 2982 1199 3031 adro
1218 2982 1248 3029 et
1266 2974 1397 3049 graviori.
1429 2975 1527 3046 Itaque

186 3060 353 3127 supernatat
380 3070 460 3110 rarus
487 3064 537 3110 aut
565 3055 668 3111 oalidur
687 3071 776 3126 vapor
796 3053 858 3126 (seu
888 3075 1063 3130 quaeeunque
1083 3049 1242 3125 exhalatio)
1264 3056 1339 3120 atri,
1370 3054 1531 3126 quantisper

186 3145 228 3191 est
259 3135 377 3190 tenuior.
417 3135 470 3189 Ubi
499 3135 607 3208 gelidua
636 3136 757 3191 redditus
785 3140 966 3202 condensatus
993 3136 1088 3201 merit,
1118 3136 1217 3194 iterun
1247 3135 1356 3191 deoidit.
1397 3136 1528 3206 Adeoque

185 3235 219 3271 ne
239 3216 330 3271 tumus
353 3204 459 3286 quidem
478 3215 594 3270 noerius
614 3232 633 3270 a
652 3216 744 3271 Terris
771 3218 846 3282 abit,
877 3236 959 3290 qnam
985 3224 1120 3293 urgeatur
1139 3224 1169 3274 et
1189 3217 1350 3288 expellatur
1370 3230 1388 3269 a
1407 3213 1528 3293 graviori

186 3302 259 3354 atre.
293 3295 443 3366 Postquam
457 3313 483 3350 n.
498 3295 618 3367 aliquam
633 3296 730 3368 attigit
751 3298 932 3364 altitudinem,
953 3300 1065 3355 restitut
1085 3298 1122 3353 ibi
1141 3298 1286 3368 pendulus.
1320 3301 1528 3368 Argumentum,

185 3376 277 3449 ipsum
294 3375 405 3433 ratione
434 3392 502 3431 snae
532 3375 665 3431 materiae
695 3377 784 3431 adbuo
813 3378 871 3449 peti
901 3388 930 3433 et
957 3380 1030 3436 trabi
1051 3397 1069 3435 a
1089 3379 1188 3444 Terra,
1218 3378 1305 3433 minus
1334 3383 1426 3432 tanmn
1447 3391 1528 3449 qnam

185 3454 341 3526 subjeetum
361 3460 463 3513 adrem
503 3455 533 3510 Si
553 3473 607 3510 non
626 3457 722 3520 eredis,
744 3473 860 3528 vapores
888 3467 918 3514 et
937 3460 1024 3516 dumos
1050 3460 1182 3516 inultum
1208 3460 1320 3515 tendere
1348 3474 1402 3512 non
1421 3456 1529 3512 ratione

186 3538 244 3593 alia
265 3551 347 3608 qnam
367 3535 522 3602 tenuitatia
545 3538 627 3592 adsta
640 3538 676 3590 ad
697 3536 775 3609 ignes
797 3555 940 3594 aueoenaos
961 3542 1012 3595 sub
1027 3541 1078 3606 dio,
1102 3541 1177 3594 olaro
1198 3539 1250 3605 die,
1271 3545 1304 3593 ut
1323 3537 1360 3592 sit
1379 3555 1395 3591 e
1415 3536 1528 3607 regione

174 3615 494 3752 tilttztss'dltt'
524 3633 765 3753 ¹32.thss
789 3616 1529 3771 tritu.t¹:tt¹¹⁸..:¹:1t¹¹;r:ttruit

186 3784 285 3833 rantur
306 3772 440 3848 interdet)
460 3794 515 3832 nun
535 3777 637 3834 directe
657 3777 686 3832 in
713 3779 801 3835 altum
819 3781 990 3846 tendentem,
1021 3788 1098 3835 trans
1118 3798 1197 3852 quem
1217 3779 1331 3849 parietis
1360 3784 1456 3849 partes
1477 3777 1527 3832 tibi

189 3865 307 3984 mv
326 3855 492 3913 videbuntur
510 3859 547 3912 ob
566 3857 745 3914 refraotiones
766 3860 932 3916 diversorum
952 3861 1106 3916 mediomm.

293 3930 446 4000 2)ι·171·
480 3935 615 4002 Propositio
632 3936 697 3986 baeu
713 3944 795 3988 exrtat
819 3940 846 3988 in
864 3937 929 3989 Ptol.
946 3939 1045 4004 Almag.
1063 3937 1108 3999 ΙΙΙ,
1129 3934 1153 3986 d.
1190 3938 1279 4002 Georg-
1297 3935 1447 3987 Purbaobius
1472 3950 1528 3987 eam

188 4005 298 4072 upltaat
324 4006 351 4056 ln
370 4005 510 4064 „Tbeoneh
535 4009 604 4059 noris
625 4006 805 4072 plmetarum.“
824 4023 886 4074 qnae
903 4010 997 4061 Erum.
1016 4009 1168 4061 Beinholdns
1187 4008 1373 4060 Commenmlir
1399 4006 1528 4059 illusmrit
1557 4064 1560 4069 ξ

187 4076 283 4140 wirot.
303 4073 397 4139 tate).
424 4078 506 4128 orbem
533 4093 661 4130 muraena
687 4078 804 4137 solidum.
834 4080 984 4146 „enioyoton
1012 4079 1186 4132 deferentem.l
1224 4078 1296 4140 Quae
1314 4078 1458 4129 ΔιίιιοιοΙιι
1474 4074 1527 4141 (Da

187 4148 262 4200 doale
280 4146 315 4205 11.
335 4144 376 4198 13.
395 4147 506 4214 llatapb
524 4149 581 4207 XII.
600 4147 640 4210 8.)
657 4150 688 4201 da
706 4151 798 4201 Eudoxi
824 4159 850 4201 et
868 4151 963 4217 Callppi
986 4151 1159 4217 bypetbeaibna
1176 4151 1290 4211 amerit,
1317 4149 1423 4215 pluribus
1439 4162 1525 4215 propo·

186 4222 236 4272 snit
253 4218 378 4283 Koplarns
395 4221 421 4269 iu
440 4220 561 4287 Apologia
577 4220 701 4285 Tyebonls
719 4230 805 4274 eontra
822 4223 854 4273 R.
873 4222 962 4275 Utrum
980 4224 1047 4282 (Vol.
1066 4222 1087 4280 1,
1105 4238 1130 4287 p.
1149 4220 1200 4273 ’249
1218 4221 1263 4282 ιι.)

275 4286 370 4355 23)·1).
398 4284 463 4339 iii-⁶
491 4293 541 4344 lul.
570 4289 684 4344 cmsars
710 4291 877 4360 Scaligeri
902 4294 1085 4346 Ειοιιιίοιιιιιιι
1110 4294 1320 4345 Exereitationnm
1345 4292 1386 4342 lib.
1412 4290 1466 4341 XV.
1494 4290 1526 4342 da

187 4361 330 4415 &tabere
348 4362 381 4425 ad
394 4361 542 4413 Cardannm.
578 4363 661 4415 Latet
682 4362 758 4414 1557.
793 4366 824 4416 In
839 4365 945 4417 Exeroit
964 4364 1091 4417 CCCLIX.
1111 4363 1135 4414 8.
1154 4365 1270 4431 legimns:
1288 4363 1371 4413 otfieia
1387 4362 1524 4429 intelligan-

186 4434 279 4485 tlarum
291 4434 341 4484 tria
351 4439 417 4483 sunt
448 4432 569 4484 Primum:
590 4438 720 4493 udrterer
739 4435 856 4488 alterum:
874 4438 939 4488 mitti
949 4438 983 4488 ad
1001 4444 1070 4488 earta
1080 4438 1198 4500 myrteria
1210 4442 1236 4486 et
1246 4435 1393 4493 ministeriu
1412 4436 1524 4483 tertium

185 4518 284 4556 movere
302 4506 381 4555 orbes.
412 4503 487 4554 Primi
505 4506 568 4555 orbis
585 4508 672 4556 mutrix
689 4507 854 4573 intelligentia
870 4508 925 4558 aola
941 4510 979 4559 sni
997 4509 1072 4573 iprina
1089 4507 1255 4559 intellectione
1273 4505 1297 4554 id
1315 4510 1434 4569 praestat.
1451 4504 1524 4555 intel·

184 4574 243 4642 llglt
261 4576 336 4632 enim.
354 4590 381 4626 ae
399 4589 416 4624 a
433 4575 488 4625 Deo
506 4583 624 4636 meatum,
642 4585 671 4628 nt
688 4578 776 4628 molem
795 4580 855 4629 eoell
871 4594 931 4646 gyro
950 4581 1036 4646 agitet.
1066 4578 1169 4629 lnlerlor
1185 4577 1349 4643 intelligentia
1365 4576 1524 4642 intelligendo

185 4647 289 4712 primam
308 4647 360 4696 vult
377 4647 458 4697 orbem
477 4663 547 4697 ιιιιιιιι
565 4663 620 4698 enm
638 4651 708 4713 primi
727 4651 790 4699 orbis
807 4656 875 4700 motu
892 4651 964 4700 aimul
982 4650 1072 4700 versari
1090 4648 1135 4699 do.

276 4717 362 4782 comp.
380 4717 437 4767 Vol.
456 4717 477 4775 L
496 4734 518 4782 p.
540 4717 590 4768 173
609 4735 640 4768 ιι.
661 4718 713 4769 25⁰
730 4736 762 4770 aa.
791 4720 901 4786 Eptteme
920 4724 986 4772 Artr.
1008 4717 1243 4785 Gop.1V.pars2.
1263 4717 1321 4768 Nro.
1336 4715 1361 4765 2.

274 4785 324 4851 tt)
342 4805 366 4853 p.
387 4786 445 4838 178.
476 4790 604 4841 avim
620 4790 739 4850 (Abubali
750 4792 866 4843 Elbuseiu
883 4791 929 4843 Itu
946 4789 1066 4854 abdalla)
1083 4791 1253 4857 ιοΙοΙοιιίιιιιιι
1269 4788 1380 4851 medlona
1396 4795 1422 4839 et
1445 4788 1522 4853 philo-

185 4859 503 4936 mamre
522 4860 665 4920 meae
686 4860 1252 4945 alimarscardinetecto&
1271 4859 1524 4953 qusmBabtttoda
