3354 5504
264 264 342 363 „³1³8
768 274 880 340 spaera
898 274 929 326 u·
947 269 1010 325 sou·
1028 273 1134 341 rupo

259 460 468 541 ''comparata‚
501 458 536 515 ut
557 450 662 528 vobis,
692 451 749 515 viri
778 451 877 526 docti,
904 449 1119 535 interpretibus
1143 469 1238 529 genus
1260 451 1421 515 humanum
1446 453 1502 515 illa
1525 453 1624 517 docere

242 540 388 625 ..possit
418 562 493 623 quae
520 542 610 604 hodie
635 551 816 623 quaeruntur
839 541 876 602 ab
899 536 1092 605 astronomis.
1139 541 1271 607 Primum
1295 542 1352 604 fuit
1375 542 1511 606 meridiei
1535 542 1625 607 vicina

258 628 399 709 jGalliae
427 632 606 712 praesertim
634 640 666 692 et
693 630 878 711 Hispaniae;
913 628 1020 703 deinde
1052 649 1162 710 magna
1195 633 1251 694 fuit
1281 639 1312 693 et
1341 632 1429 695 nobis
1462 633 1625 696 inferiorem

277 716 360 783 Solis
382 728 499 801 partem
522 722 619 794 texit,
651 729 684 781 ut
708 720 892 800 impossibile
917 710 975 794 sit,¹
1004 720 1082 800 quod
1111 719 1156 781 his
1184 721 1313 802 pagellis
1337 720 1533 794 demonstro,
1564 723 1626 804 quin

278 809 388 872 alicubi
412 810 439 871 in
467 809 571 871 Gallia
594 810 645 883 vel
664 809 826 888 Hispania,
852 808 900 870 ubi
924 828 1001 888 pax,
1027 808 1074 869 ubi
1098 811 1291 882 commercia,
1315 811 1366 872 ubi
1392 810 1626 876 Christianorum

277 899 420 978 imperia,
452 918 511 979 qua
539 898 636 960 facilis
660 899 746 961 vobis
775 899 818 960 rei
846 898 1059 978 investigatio,
1091 908 1260 962 centrorum
1283 899 1351 960 visa
1374 900 1415 962 sit
1441 901 1625 982 conjunctio;

277 987 404 1068 denique
428 988 515 1050 Luna
538 987 595 1050 suit
616 988 683 1050 loco
707 989 809 1050 Terris
831 1006 908 1066 pene
932 987 1076 1068 proximo,
1101 988 1150 1050 ubi
1175 989 1287 1068 majore
1310 989 1423 1069 angulo
1448 990 1586 1052 semitm.

366 1078 449 1139 Haeo
473 1097 538 1139 cnm
563 1078 607 1139 ita
630 1078 771 1150 habeant,
795 1076 931 1157 equidem
956 1086 1027 1158 opto
1051 1077 1187 1139 mihimet
1209 1085 1393 1159 potestatem
1418 1093 1500 1155 esse,
1524 1080 1581 1141 iter
1600 1078 1627 1155 iu

277 1167 331 1229 illa
355 1166 421 1228 loca
445 1167 629 1247 suscipiendi
652 1167 823 1249 passimque
847 1186 950 1228 omnes
972 1168 1169 1246 percontandi
1193 1187 1309 1243 coram,
1333 1176 1428 1250 atque
1450 1169 1497 1231 ita
1519 1168 1550 1230 in
1573 1187 1630 1230 rem

276 1263 468 1336 praesentem
490 1255 640 1319 veniendi.
688 1254 756 1326 Qua
785 1263 939 1336 potestate
970 1257 1039 1335 quia
1067 1275 1174 1331 careo,
1207 1276 1260 1318 vos
1293 1275 1349 1336 ego
1376 1257 1444 1337 jam
1474 1257 1535 1320 viri
1557 1258 1629 1320 docti

276 1364 331 1427 per
354 1345 430 1407 haec
454 1345 620 1425 stupendae
644 1345 761 1406 divinae
785 1344 952 1425 sapientiae
977 1364 1078 1425 opera,
1101 1346 1280 1426 perfidem,
1310 1365 1370 1427 qua
1394 1345 1540 1410 Creatori
1563 1346 1628 1409 estis

278 1433 416 1514 obligati,
439 1453 494 1514 per
517 1453 647 1496 amorem
671 1435 869 1515 posteritatis,
894 1453 947 1513 per
971 1441 1089 1496 vestras
1113 1435 1248 1508 delicias,
1272 1456 1347 1517 quas
1371 1437 1460 1498 vobis
1485 1436 1545 1498 viri
1566 1435 1630 1518 pbi-

277 1523 395 1603 losophi
417 1523 482 1603 jam
506 1524 577 1585 olim
601 1543 658 1585 nou
683 1523 812 1586 absimili
837 1523 937 1585 studio
961 1531 1051 1605 atque
1075 1544 1147 1586 cura
1169 1543 1326 1605 peperere,
1351 1544 1407 1586 vos
1432 1525 1559 1606 inquam
1579 1521 1648 1586 ob-'

278 1632 364 1675 secro
389 1621 478 1693 atque
503 1614 648 1686 obtestor,
672 1614 718 1685 uti,
741 1614 816 1674 hanc
837 1611 1022 1675 levissimam
1037 1633 1159 1693 operam
1179 1614 1320 1699 iubenes,
1332 1615 1475 1677 volentes
1500 1615 1627 1686 sumatis,

277 1710 310 1763 et
332 1722 408 1783 quae
433 1702 557 1782 quisque
581 1702 667 1775 vidit,
692 1722 768 1783 quae
792 1701 937 1764 memoria
960 1703 1132 1783 complexus
1156 1711 1212 1778 cst,
1237 1702 1356 1783 quae'a
1380 1704 1503 1779 vicinis,
1529 1704 1628 1774 doctis,

277 1789 426 1866 indoctis,
456 1792 544 1853 modo
568 1792 625 1853 lide
649 1791 747 1871 dignis
772 1792 900 1867 audivit,
929 1791 988 1854 imo
1018 1811 1093 1873 quae
1117 1791 1155 1854 ab
1181 1793 1286 1854 iisdem
1309 1793 1458 1872 singulari
1485 1794 1584 1856 studio
1603 1800 1629 1851 et

252 1925 254 1933 .
279 1880 382 1942 dedita
405 1900 496 1961 opera
519 1881 677 1960 explorare
701 1882 863 1944 etiamnum
885 1881 1008 1962 poterit,
1032 1901 1070 1943 ea
1087 1882 1171 1943 brevi
1190 1881 1330 1962 epistolio
1350 1883 1546 1962 consignata,
1569 1883 1627 1944 dum

277 1988 384 2032 recens
408 1978 456 2033 est
478 1970 638 2039 memoria,
669 1971 834 2033 veredariis
858 1971 1043 2045 committat,
1073 1970 1204 2050 Pragam
1227 1972 1431 2034 Bohemorum
1456 1972 1498 2034 ad
1521 1974 1628 2050 Regum

278 2066 310 2121 et
333 2059 504 2140 Principum
527 2067 695 2123 vestrorum
725 2062 843 2140 legatos
873 2069 905 2122 et
935 2069 1166 2140 procuratores,
1199 2069 1251 2122 aut
1280 2061 1306 2121 si
1332 2061 1480 2141 mavultis
1504 2064 1626 2124 lrauco·

279 2148 391 2211 lurtum
414 2150 453 2211 ad
478 2147 635 2212 Claudium
659 2149 809 2212 Marnium
831 2148 958 2230 indeque
983 2151 1021 2211 ad
1045 2169 1091 2210 me
1115 2151 1361 2230 transportando.

259 2295 261 2301 .
368 2238 447 2305 Sn'ut
470 2247 572 2302 antem
594 2238 697 2318 capita
719 2240 922 2320 quaesitorum
945 2240 1014 2302 ista.
1051 2237 1168 2309 Quibus
1190 2239 1266 2302 locis
1290 2241 1393 2319 aliqua
1411 2239 1451 2301 de
1469 2237 1542 2301 Sole
1565 2256 1626 2318 par·

276 2327 374 2390 ticnla
396 2329 426 2389 in
449 2347 586 2408 supremo
611 2324 693 2391 Solis
720 2329 874 2409 margine,
907 2348 973 2391 cum
1002 2336 1085 2390 esset
1112 2329 1235 2409 eclipsis
1262 2329 1412 2405 medium,
1446 2327 1625 2408 superfuerit,

280 2417 388 2499 quibus
410 2417 542 2479 vicissim
572 2418 673 2499 aliqua
700 2418 730 2481 in
760 2419 820 2480 imo
852 2418 1007 2498 margine3
1040 2426 1070 2479 et
1102 2418 1209 2499 quibus
1240 2417 1315 2480 locis
1347 2426 1433 2480 totus
1464 2419 1519 2481 Sol
1548 2415 1627 2479 inerit

211 2534 215 2541 ¹
279 2512 400 2583 tectus3
433 2514 496 2567 tom
520 2526 595 2588 quae
619 2507 712 2569 facies
744 2507 821 2582 diei,
855 2516 984 2587 quantae
1013 2507 1175 2583 tenebrae,
1204 2527 1279 2589 qnae
1308 2509 1429 2587 species
1455 2508 1535 2569 aeris
1558 2506 1626 2567 circu

280 2595 382 2659 Solem
407 2595 596 2670 circumfusi,
627 2617 665 2657 an
688 2597 804 2676 integer
828 2596 955 2659 circulus
978 2597 1094 2659 lucidus
1118 2597 1198 2659 circa
1220 2597 1357 2673 Lunam,
1388 2596 1478 2679 isque
1500 2596 1549 2657 vel
1570 2605 1625 2655 ter-

279 2684 411 2748 minatus
434 2685 513 2747 intra
536 2695 567 2747 et
596 2695 701 2761 extra,
732 2688 780 2748 vel
804 2687 937 2764 exterius
961 2687 1104 2748 evanidus
1127 2687 1242 2748 incerto
1265 2689 1342 2761 fine;
1378 2689 1429 2767 qui
1454 2686 1557 2749 Lunae
1579 2684 1625 2745 sub

279 2773 352 2838 Sole
382 2782 464 2836 tecto
493 2776 688 2837 consistentis
715 2776 816 2849 color;
851 2795 927 2856 quae
963 2776 1069 2837 stellae
1103 2776 1207 2850 visae;
1242 2768 1281 2837 et¹
1306 2795 1383 2856 quae
1419 2778 1529 2861 cuique
1558 2774 1626 2835 ultro

228 2861 232 2872 '
279 2871 401 2945 praeter
429 2864 519 2926 istam
551 2865 784 2927 admonitionem
819 2873 984 2926 occurrent.
1031 2865 1123 2928 Nulla
1153 2866 1228 2926 adeo
1257 2865 1403 2945 despecta
1435 2875 1467 2927 et
1489 2865 1558 2927 vilis
1578 2863 1627 2924 erit

280 2953 425 3029 narratio,
450 2953 607 3015 dummodo
624 2955 683 3029 fida
703 2962 735 3015 et
751 2954 889 3029 candida,
914 2973 1002 3033 quam
1026 2973 1081 3034 ego
1106 2974 1164 3016 nou
1188 2954 1303 3034 ingenti
1327 2955 1498 3033 gratiarum
1521 2953 1626 3017 actione

281 3060 346 3105 sum
369 3050 573 3122 susceptums.
620 3043 666 3105 De
690 3044 765 3124 ipsis
789 3044 882 3107 etiam
905 3044 1031 3105 nubibus
1055 3045 1171 3106 discere
1195 3041 1299 3122 cupio,
1329 3063 1389 3107 non
1416 3045 1499 3124 qnod
1521 3044 1575 3105 hae
1595 3039 1627 3101 ad

279 3151 343 3194 rem
366 3132 490 3207 faciant,
517 3133 570 3193 sed
594 3142 627 3195 ut
650 3133 681 3194 in
704 3153 751 3195 me
775 3133 856 3195 sitim
880 3133 956 3194 hanc
980 3133 1146 3214 inquirendi
1170 3132 1379 3212 exstinguant,
1406 3135 1434 3195 si
1459 3129 1625 3201 constiterit

280 3230 474 3302 conspectum
498 3221 581 3284 Solis
605 3221 716 3283 alicubi
739 3239 792 3302 per
816 3223 871 3283 has
895 3232 1039 3303 ereptum.
1277 3296 1283 3306 .

370 3310 404 3373 Si
427 3310 476 3391 qui
500 3319 570 3372 sunt
593 3312 798 3374 mathematici
822 3331 860 3373 ex
883 3314 1020 3391 professo
1045 3314 1128 3384 (nam
1147 3310 1292 3372 hactenus
1315 3308 1499 3392 alloquebar
1520 3308 1626 3372 unire·

281 3400 365 3476 soa),
396 3400 444 3481 qui
470 3401 554 3462 coelo
578 3420 684 3462 sereno
708 3401 753 3462 usi
778 3420 845 3462 sese
869 3402 908 3463 sd
931 3400 1163 3481 hujustdeliquii
1187 3400 1431 3463 observationem
1455 3419 1491 3461 eo
1508 3397 1626 3479 ¹artificio

281 3497 501 3573 compararunt,
526 3491 602 3569 quod
628 3499 697 3552 ante
723 3510 832 3554 annum
855 3491 931 3572 ipsis
955 3491 984 3551 iu
1011 3487 1130 3570 Opticis
1156 3489 1246 3550 editis
1269 3489 1437 3570 descripsi,
1461 3487 1629 3552 adhortatu

280 3587 398 3642 mature
422 3598 525 3641 omnes
549 3580 588 3640 ad
613 3580 786 3660 diligentem
807 3580 895 3659 hujus
916 3580 1053 3641 defectus
1073 3577 1323 3648 observationem,
1347 3578 1395 3641 illi
1421 3578 1560 3661 quamvis
1580 3595 1630 3639 uon

282 3688 317 3729 eo
341 3669 371 3730 in
394 3677 494 3730 tractu
517 3671 641 3744 versati,
666 3669 715 3749 qui
739 3677 835 3731 totum
859 3669 961 3732 Solem
986 3676 1097 3730 tectum
1121 3667 1214 3742 vidit,
1237 3667 1433 3733 nibilominus
1458 3670 1497 3732 de
1520 3665 1629 3751 quanti·

233 3780 236 3787 ·
282 3762 348 3820 tate
371 3758 511 3820 diametri
534 3759 638 3820 Lunae
663 3759 816 3839 ipsiusque
847 3760 984 3821 deiectus
1013 3758 1061 3819 vel
1085 3778 1132 3819 ms
1155 3756 1297 3837 privatim
1319 3758 1369 3818 vel
1394 3758 1517 3839 publice
1540 3774 1645 3820 omna.

283 3847 468 3922 edocebunt,
503 3846 608 3928 quibus
637 3848 769 3911 vicissim
798 3867 854 3927 ego
882 3849 939 3909 hoc
968 3848 1141 3927 quantulum
1166 3855 1214 3908 est
1236 3865 1372 3908 mearum
1396 3847 1633 3911 observationum

281 3936 365 3999 hisce
388 3936 517 4016 pagellis
540 3938 734 4012 communico,
759 3947 792 3998 ut
815 3937 947 4011 videant,
973 3937 1150 4017 quauta'me
1168 3937 1263 3998 nubes
1285 3938 1518 4017 opportunitate
1540 3936 1631 4019 prin·

283 4026 397 4101 verint,
428 4046 557 4107 suasque
586 4028 742 4090 liberiores
767 4035 851 4091 tauto
876 4027 1017 4088 libentius
1041 4027 1071 4087 in
1095 4025 1371 4104 compensationem
1395 4028 1455 4089 mei
1480 4026 1583 4091 damni
1599 4021 1631 4084 ad

283 4135 331 4178 me
355 4116 574 4178 transmittant.
622 4115 738 4187 Quibus
762 4117 881 4197 quidem
904 4116 1095 4196 Hipparchus
1123 4134 1222 4191 meus,
1255 4114 1306 4195 qui
1331 4115 1401 4194 jam
1428 4117 1461 4179 in
1490 4115 1631 4198 prosince

284 4213 350 4280 est,
383 4205 461 4266 hanc
493 4206 611 4268 unicam
639 4207 763 4286 eclipsin
793 4226 812 4269 a
841 4206 926 4269 vobis
955 4205 1081 4268 auctarii
1109 4206 1175 4268 loco
1206 4211 1391 4284 exspectans
1420 4205 1582 4286 plurimum
1605 4219 1630 4264 sc

285 4294 395 4357 debere
419 4293 524 4356 lubens
549 4296 702 4358 fatebitur.
848 4368 851 4374 ¹

373 4384 460 4463 Rogo
485 4393 586 4446 autem
609 4385 754 4468 imprimis
781 4385 864 4448 viros
893 4384 990 4447 literis
1019 4384 1171 4457 celebres,
1205 4400 1328 4463 qnorum
1358 4401 1428 4446 sese
1462 4383 1507 4446 ad
1532 4387 1632 4446 renota

285 4474 354 4536 loca
376 4473 503 4554 porrigit
525 4476 649 4552 notitia,
673 4476 717 4537 uti
740 4494 777 4536 ea
796 4475 861 4553 jam
885 4482 1008 4537 utantur
1031 4475 1068 4536 ad
1092 4472 1314 4552 percontandos
1336 4471 1486 4548 idoneos,
1519 4474 1558 4535 ad
1577 4489 1630 4535 mc-

285 4560 400 4625 nendos
415 4565 598 4642 Magnates3
622 4583 694 4646 rogo
709 4565 880 4644 Magnates‚
906 4583 980 4644 quos
998 4565 1104 4626 harum
1129 4581 1225 4626 rerum
1249 4581 1321 4624 cura
1343 4565 1459 4644 tangit,
1485 4562 1631 4627 ditionibus

285 4658 437 4732 potentes,
462 4654 626 4734 quemlibet
648 4673 701 4735 pro
726 4654 884 4734 dignitatis
900 4672 971 4716 suae
991 4652 1171 4726 conditione,
1195 4659 1230 4714 ut
1245 4652 1385 4732 exemplo
1400 4653 1631 4716 monacharum.

238 4762 241 4766 ·
275 4759 412 4822 ¹quorum
434 4743 516 4821 prius
542 4746 623 4805 iacta
645 4744 767 4816 montio,
793 4763 852 4824 qua
875 4745 999 4824 quisque
1018 4743 1134 4804 ratione
1151 4740 1396 4806 commodissime
1410 4753 1528 4823 potest,
1551 4736 1630 4822 pluri·

288 4848 369 4892 rnum
396 4830 485 4912 hujus
511 4832 695 4896 narrationis
724 4833 880 4915 conquirat
907 4851 1001 4914 eoqqs
1033 4851 1080 4895 me
1112 4850 1167 4914 per
1199 4852 1270 4895 suos
1284 4858 1289 4867 ·
1305 4830 1452 4896 literatos
1485 4829 1629 4915 impetat
