3354 5504
565 270 594 327 ln
612 266 795 326 Cemmsotuia
811 266 843 324 ds
860 270 966 324 motibus
983 268 1072 325 Martis

224 458 231 470 ‘
334 493 354 499 >-
437 456 492 510 boc
512 462 557 509 est
577 474 630 525 qno
652 455 738 508 ιιιιιιιιι
759 455 844 507 Terra
864 450 939 509 illum
968 455 1040 509 inter
1060 456 1234 515 decidendum
1254 458 1382 530 perfecte
1403 474 1497 523 rem

210 539 216 551 '
345 529 372 600 js
486 536 528 588 Tu
544 535 613 602 jaso,
636 540 726 590 macte
747 533 871 600 audmia,
892 534 1011 604 lapidem
1032 536 1159 606 aliquem,
1181 538 1259 593 immo
1279 547 1414 608 montem,
1436 561 1497 600 cnm

287 644 288 653 .
311 635 377 666 ι
396 632 437 698 ,ig
482 617 559 677 nde,
591 625 622 669 ιιι
644 616 846 686 proportionem
867 617 1005 685 explores.
1047 616 1089 670 Sit
1119 617 1190 686 lapis
1217 619 1244 672 in
1265 621 1345 688 pedis
1366 625 1497 681 semidia-

234 740 240 753 .
308 721 311 739 ι
349 695 357 708 ”’
378 696 402 768 ᾗ
526 705 649 766 aequant
669 713 780 765 passum
800 695 919 750 es5000
935 696 1008 749 mille
1029 712 1135 764 passus,
1157 704 1186 751 et
1201 696 1301 753 20000
1314 701 1448 768 milliare,
1467 711 1499 762 et

328 802 329 805 ι
435 780 552 829 etrum
565 776 668 830 Terrae
689 784 817 846 aequant.
857 777 920 830 Jam
939 792 1081 844 corporum
1101 779 1243 847 proportio
1262 788 1307 833 est
1327 782 1418 851 tripla
1437 784 1496 839 dia.

144 867 301 915 metromm.
339 844 513 912 1nve'niesiu
543 872 649 909 sumna
669 849 707 909 22
727 859 840 926 figuras.
879 857 956 927 Ergo
984 856 1035 909 tibi
1064 855 1138 910 mille
1167 873 1267 926 passus
1287 860 1430 917 dividendi
1456 865 1498 919 sic

145 947 219 1002 stsnt,
234 947 267 994 ot
278 936 432 1008 particulae
442 942 472 989 et
484 951 612 989 uumerus
626 937 762 1005 expleant
777 930 814 991 22
829 937 942 1007 figuras,
957 952 1018 989 cum
1032 936 1105 989 mille
1120 953 1218 1006 passus
1233 940 1309 993 solas
1322 941 1343 995 d
1357 950 1495 1013 aequent:

146 1029 204 1076 tres
225 1022 386 1072 deterantrr
405 1016 549 1085 utrinque,
580 1034 648 1088 ergo
669 1033 739 1069 unus
762 1033 860 1084 passus
889 1015 917 1068 in
937 1024 980 1069 tot
1000 1016 1151 1086 particulas
1172 1018 1276 1083 abibit,
1297 1028 1368 1090 quot
1387 1023 1498 1078 ιιοιιιιιιι

149 1100 185 1155 10
204 1098 316 1170 cypbris
335 1103 452 1167 possunt
471 1096 569 1151 efferri.
610 1102 673 1166 Age
689 1095 749 1163 jam
770 1103 800 1149 et
825 1095 980 1166 hujusmodi
1005 1096 1133 1150 minutias
1154 1098 1270 1169 collige,
1298 1099 1340 1153 sic
1368 1108 1404 1155 ut
1423 1103 1497 1174 lapis

147 1181 199 1235 tibi
220 1196 274 1233 ooo
294 1194 345 1247 per
364 1193 448 1231 unum
468 1177 565 1245 pulsus
586 1176 778 1239 intervallum,
800 1178 848 1229 sed
869 1176 891 1229 si
912 1177 991 1228 lubet
1010 1192 1061 1246 per
1080 1175 1176 1231 boram
1196 1179 1285 1232 eundo
1304 1180 1450 1245 redeundo
1469 1183 1498 1239 in

146 1265 212 1314 aare
232 1259 358 1320 baereat,
379 1263 409 1310 et
428 1255 490 1309 vide
511 1263 642 1327 quantam
663 1257 700 1309 sis
721 1258 867 1319 effecturus
887 1255 966 1309 unius
987 1272 1086 1325 passus
1106 1258 1280 1327 particulam,
1301 1275 1377 1330 quae
1398 1261 1496 1317 ιιιιιιι-

146 1349 192 1396 tur
206 1337 494 1407 interstitiaegressus
508 1344 538 1389 et
551 1336 667 1406 illapsus
682 1336 780 1405 lapidis
794 1336 1034 1406 perpendicularis.
1056 1341 1127 1408 Age,
1151 1338 1308 1411 priusquam
1325 1342 1361 1393 ad
1375 1348 1496 1398 tomen.

145 1428 204 1475 ιιιιιι
223 1418 340 1480 veniam,
362 1415 548 1470 admirabilem
569 1417 620 1470 tibi
642 1416 740 1469 faciam
760 1417 832 1470 bane
852 1416 1065 1485 disputationem
1085 1418 1213 1487 exemplo
1226 1418 1332 1473 Lunae.
1371 1421 1441 1477 Cum
1461 1422 1497 1477 ait

144 1502 241 1557 [anae
261 1513 359 1567 cerpus
380 1502 524 1559 terrestre,
552 1496 626 1558 dico,
658 1497 681 1550 si
701 1495 805 1550 adimas
826 1496 935 1566 utrique
954 1502 1056 1550 motum
1077 1503 1105 1549 et
1128 1496 1177 1551 vim
1199 1497 1360 1563 animalem,
1387 1500 1497 1559 coitura

146 1594 281 1650 ocrpora..
310 1582 351 1631 Ac
372 1591 432 1630 cum
451 1575 581 1631 sitLuua
603 1581 648 1647 ¹1„
670 1578 703 1629 do
723 1578 810 1631 Terra
829 1576 952 1640 circiter,
974 1592 1041 1646 ergo
1061 1575 1086 1629 si
1106 1578 1142 1631 41
1164 1579 1232 1631 dant
1256 1572 1296 1634 00
1325 1580 1495 1638 semidiame-

147 1669 205 1716 tros
235 1656 385 1712 ιιιιιιιιιιιι
405 1656 531 1719 siderum,
564 1659 577 1710 l
610 1657 686 1710 dabit
719 1658 779 1725 1¹1„
821 1657 917 1726 ltaque
949 1657 997 1726 l¹!,
1020 1657 1225 1711 semidiametris
1254 1675 1342 1727 supra
1371 1668 1495 1717 centrum

146 1742 249 1797 Terrae
269 1753 364 1791 reraus
384 1738 490 1791 Lunam
511 1743 555 1791 est
575 1738 651 1791 locus
672 1736 760 1791 coittss
780 1736 906 1791 siderum.
947 1736 1025 1789 Nunc
1053 1744 1171 1808 utraque
1200 1746 1293 1811 autem
1324 1756 1378 1795 aua
1406 1740 1496 1797 scias

148 1820 284 1893 retinetur
305 1814 347 1885 (b.
369 1834 395 1873 e.
416 1812 573 1888 gravitate)
595 1835 629 1870 ne
650 1824 762 1879 coeant,
794 1822 825 1869 ut
845 1833 899 1887 ego
920 1822 1005 1885 caput
1025 1812 1052 1869 ἰιι
1073 1810 1191 1871 sublimi
1211 1806 1493 1887 madrisium

148 1888 219 1974 quod
240 1898 312 1952 citra
330 1913 390 1951 eam
411 1897 549 1951 aTerrae
573 1904 702 1967 magnete
728 1897 756 1949 iu
781 1896 966 1965 pavimentum
989 1897 1207 1965 pertraheretur.
1244 1898 1322 1960 Quod
1341 1908 1437 1955 autem
1455 1901 1495 1977 ita¹

23 1958 42 2038 j]
148 1983 185 2037 sit
206 1983 338 2050 apparet,
361 1977 433 2047 quia,
455 1993 526 2047 quae
555 1977 771 2046 pertenuem
801 1993 855 2029 non
884 1976 993 2030 fortiter
1022 1984 1087 2030 sunt
1106 1993 1233 2031 annexae
1254 1979 1368 2044 Terrae,
1389 1981 1494 2037 Lunam

21 2068 36 2107 '.
148 2065 314 2133 sequuntur,
344 2066 376 2111 ut
396 2056 483 2111 maria
502 2058 538 2111 ad
557 2058 663 2113 Lanam
690 2074 726 2110 ax
752 2056 875 2110 omnibus
904 2055 1039 2110 lateribus
1067 2057 1158 2111 mundi
1188 2058 1238 2111 sub
1268 2061 1494 2129 perpendiculum

146 2143 244 2196 Lunae
266 2138 448 2200 contendunt,
476 2153 538 2193 cum
557 2136 613 2191 sint
633 2139 703 2191 bene
723 2136 840 2199 librata,
870 2144 903 2189 ut
922 2152 1037 2207 magnes
1062 2136 1090 2190 in
1111 2153 1184 2208 aqua
1208 2144 1309 2192 natans
1336 2149 1388 2195 aut
1415 2156 1495 2213 super

148 2238 215 2276 acus
238 2218 356 2289 cuspide,
379 2234 429 2270 nec
449 2233 468 2272 a
486 2218 515 2274 ιι
535 2216 652 2272 Telluris
672 2217 786 2270 multum
807 2215 997 2286 impediantur.
1031 2218 1173 2271 Accedunt
1192 2217 1278 2289 igitur
1301 2234 1359 2290 qua
1380 2226 1494 2291 possunt

148 2319 188 2357 sc.
208 2301 255 2353 ria
273 2298 407 2361 circulari,
429 2315 464 2352 ne
478 2298 616 2352 Tellurem
635 2296 736 2367 potiori
756 2296 782 2350 ιι
802 2297 958 2351 trahentem
979 2298 1114 2352 deserant
1153 2297 1206 2350 Sed
1227 2314 1287 2352 cum
1307 2300 1390 2355 elusa
1404 2300 1495 2383 Q

149 2379 295 2453 eeleritate
314 2379 410 2433 Lunae
431 2378 660 2447 praeveniantur,
682 2377 745 2446 ipsa
764 2377 914 2433 tenacitate
935 2393 987 2430 sua
1006 2384 1037 2432 et
1056 2379 1152 2432 subtus
1174 2378 1328 2447 asperitate
1349 2380 1429 2436 fundi
1448 2380 1493 2435 im·

149 2452 306 2535 pediantur,
328 2475 382 2529 quo
401 2457 489 2513 miuus
510 2458 638 2512 celeriter
657 2457 709 2510 sub
727 2457 825 2510 Lunae
844 2457 1067 2530 perpendiculum
1086 2459 1265 2522 contendant,
1295 2476 1396 2530 nempe
1423 2461 1495 2517 iutra

151 2542 280 2612 tropicos,
302 2539 363 2594 ideo
375 2539 456 2592 Luna
476 2539 596 2593 abeunte
617 2553 635 2592 a
655 2536 768 2609 fastigio
782 2537 853 2591 coeli
871 2538 1034 2592 relabuntur
1054 2537 1082 2590 in
1103 2535 1231 2609 antiquas
1252 2540 1341 2603 sedes,
1356 2548 1389 2594 et
1408 2541 1493 2596 redito

151 2640 201 2678 suo
221 2620 300 2675 nobis
320 2635 426 2674 omnem
446 2634 577 2673 oceanum
596 2616 746 2671 Britanniis
761 2616 950 2671 circumituum
969 2617 1073 2672 duobus
1095 2633 1114 2671 a
1133 2617 1232 2671 Galliis
1254 2625 1284 2673 et
1305 2634 1324 2673 ι
1343 2619 1506 2693 Norwegia-

148 2701 297 2759 ιιιιιιιιιιι
316 2699 439 2769 implent,
460 2699 531 2753 unde
545 2716 583 2752 ex
603 2714 716 2752 occursu
736 2697 878 2767 utriusque
903 2697 975 2752 inter
994 2696 1154 2751 Britannias
1174 2706 1204 2751 et
1223 2698 1354 2769 Belgium
1378 2701 1494 2771 plurima

148 2797 241 2847 areat¹
259 2774 363 2848 (θῆαι)
390 2779 588 2834 attumulatur.
629 2778 776 2832 Βιιιιιιιιιι
804 2777 890 2847 igitur
909 2778 990 2832 Luna
1009 2779 1045 2831 ab
1066 2776 1157 2832 anima
1177 2793 1243 2843 sua,
1274 2797 1309 2832 ne
1335 2787 1420 2836 coeat
1438 2795 1495 2836 otim

146 2865 249 2924 Terra,
279 2858 402 2931 quamvis
431 2859 506 2913 intra
533 2859 614 2913 orbes
644 2858 775 2912 virtutum
805 2858 963 2912 tractiicum
988 2857 1198 2914 constituantur.
1238 2857 1292 2913 Sed
1323 2876 1387 2916 cum
1412 2855 1493 2916 Terra

147 2944 247 2999 diutim
267 2947 343 2995 motu
363 2939 581 3010 circumagatur,
612 2946 721 2992 etcum
741 2939 828 2992 Terra
855 2953 911 2992 una
930 2937 1038 2992 rimatis
1067 2937 1139 2991 orbis
1164 2940 1199 2991 ad
1219 2938 1326 2995 Lunam
1352 2946 1493 3004 extamus,

148 3025 242 3094 sitque
271 3020 329 3075 illio
357 3019 519 3075 imbecillior
547 3032 627 3089 quam
648 3020 721 3088 apud
747 3018 859 3071 Terram
887 3017 1012 3087 partibus
1033 3019 1083 3081 60,
1114 3019 1179 3087 quia
1198 3018 1278 3075 Luna
1298 3035 1318 3074 a
1337 3021 1428 3077 Terra
1454 3024 1494 3077 tet

150 3100 360 3159 semidiametris
378 3101 469 3163 abest,
489 3115 558 3171 crgo
572 3114 653 3169 quam
673 3099 744 3152 riam
763 3098 843 3152 Luna
862 3097 957 3151 ivisset
974 3113 1062 3168 prope
1077 3099 1188 3153 Terram
1201 3098 1244 3152 die
1265 3116 1330 3164 uno,
1352 3101 1494 3174 aequalem

150 3184 204 3240 ibit
228 3183 301 3238 riam
321 3178 381 3250 (vel
401 3179 527 3235 trabatur
546 3194 566 3233 a
585 3173 683 3247 Terra)
705 3178 800 3231 diebus
820 3173 866 3232 60.
906 3177 1006 3232 Ivisset
1033 3194 1098 3231 vero
1122 3195 1208 3249 prope
1228 3180 1343 3235 Terram
1364 3183 1399 3236 de
1421 3181 1493 3237 5400

67 3278 72 3289 ·
149 3262 314 3319 milliaribus
333 3267 429 3332 partes
452 3254 488 3314 39
509 3261 542 3312 de
563 3260 615 3323 40,
645 3258 710 3329 quia
730 3273 812 3313 unam
831 3263 938 3327 partem
958 3257 1057 3312 fuisset
1076 3259 1212 3313 suffurata
1237 3269 1405 3331 propterea,
1434 3261 1494 3333 quis

148 3348 279 3413 estpars
300 3342 393 3413 ‘jude
413 3340 507 3402 Terra,
529 3338 551 3392 si
573 3338 705 3393 credimus
727 3338 898 3402 astronomis.
930 3338 1007 3410 Ergo
1029 3344 1058 3392 et
1077 3337 1106 3392 ιιι
1126 3356 1175 3392 suo
1196 3341 1262 3393 orbe
1282 3357 1338 3394 uno
1353 3342 1399 3395 die
1421 3335 1492 3398 5265

153 3422 284 3480 milliaria
303 3419 365 3486 iret,
386 3419 410 3475 si
430 3419 555 3490 aequalia
574 3417 662 3473 virtus
682 3417 730 3472 illc
743 3434 829 3489 usque
848 3418 1012 3489 perveniret.
1053 3422 1092 3472 Δι
1110 3417 1172 3488 jam
1191 3419 1257 3490 quia
1284 3420 1375 3477 virtus
1396 3422 1493 3477 rensc

151 3504 200 3559 illo
219 3503 281 3557 loco
300 3499 461 3557 imbecillior
480 3506 511 3553 et
529 3500 665 3570 sparsior,
686 3499 772 3570 igitur
786 3499 880 3552 diebus
903 3499 941 3552 60
962 3498 1014 3552 ibit
1034 3498 1110 3553 5265
1132 3499 1261 3554 milliaria
1280 3501 1357 3556 circa
1377 3502 1493 3557 Terram

151 3582 248 3639 Habet
264 3596 330 3636 vero
351 3581 380 3635 in
399 3579 505 3636 ambitu
524 3596 573 3633 auo
594 3579 725 3650 sexagies
746 3579 824 3633 5400
844 3579 980 3643 milliaria,
1001 3579 1054 3633 hoc
1074 3586 1117 3633 est
1131 3574 1248 3634 324000
1262 3580 1404 3646 milliaria,
1426 3597 1493 3654 quae

152 3662 240 3719 divisa
259 3662 286 3716 iu
307 3660 393 3724 5265,
414 3660 468 3716 iter
481 3660 584 3714 dierum
604 3661 652 3722 60,
673 3661 820 3712 ostendunt
840 3653 927 3729 61¹1„
947 3667 979 3713 et
995 3659 1067 3713 baec
1087 3676 1193 3714 summa
1213 3660 1240 3713 in
1255 3654 1294 3714 50
1309 3660 1493 3733 multiplicata

130 3734 133 3739 ’
152 3741 273 3800 ostendit
292 3741 350 3796 dies
372 3736 458 3805 3680,
479 3740 577 3811 quibus
592 3741 679 3808 Terra
690 3740 798 3795 Lunam
818 3737 1015 3793 obcumactura
1034 3745 1086 3803 est,
1109 3739 1187 3793 aunis
1209 3757 1306 3810 nempe
1324 3738 1362 3795 10
1376 3740 1491 3804 circiter,

149 3823 283 3896 siquidem
309 3828 451 3877 comtaret
469 3821 549 3876 Luna
578 3838 616 3875 ex
644 3820 761 3874 materia
788 3819 933 3873 densitatis
963 3818 1085 3889 ejusdem
1110 3836 1171 3874 curu
1190 3820 1276 3873 Terra
1305 3827 1336 3876 et
1365 3822 1493 3894 siquidem

149 3906 234 3961 Luna
253 3904 340 3957 solum
359 3901 411 3957 boc
431 3901 485 3957 iter
505 3901 577 3956 circa
597 3900 708 3954 Terram
729 3899 874 3954 incederet.
909 3898 963 3954 Sed
983 3900 1048 3970 quia
1067 3899 1174 3954 interim
1194 3902 1328 3970 accedunt
1346 3901 1383 3956 10
1397 3902 1494 3957 itinera

152 3985 229 4041 eirca
245 3981 345 4047 Solem,
366 3981 462 4036 Lunae
482 3998 542 4037 cum
562 3981 648 4035 Terra
668 3980 833 4042 communia,
856 3986 886 4033 et
905 3980 1050 4044 incertum,
1081 3996 1136 4051 qua
1155 3980 1292 4034 densitate
1321 3980 1362 4035 sit
1380 3980 1494 4038 materis

154 4062 275 4137 torporis
294 4061 421 4126 Lanario,
442 4063 639 4131 perturbantur
659 4061 737 4115 nobis
756 4061 813 4114 ista
832 4059 984 4115 ratiocinia
1024 4061 1084 4114 Hoc
1105 4059 1211 4131 quidem
1231 4062 1305 4130 apud
1327 4076 1372 4115 me
1393 4068 1492 4119 certum

154 4151 212 4201 est:
233 4142 257 4200 si
270 4143 357 4198 Terra
369 4143 554 4199 tautummodo
567 4149 716 4215 gyraretur
729 4147 759 4194 et
771 4141 866 4194 Lunae
881 4157 978 4209 corpus
992 4140 1021 4196 in
1034 4140 1113 4194 nulla
1127 4147 1202 4194 esset
1213 4140 1492 4210 proportionadeasi·

154 4218 222 4283 tatis
242 4223 288 4279 vel
307 4221 503 4294 magnitudinis
523 4223 558 4276 ad
571 4222 690 4285 Terram,
712 4221 769 4274 iore
790 4227 830 4284 ut,
851 4221 960 4275 Tellure
980 4236 1088 4291 unaque
1109 4220 1169 4290 ejus
1184 4222 1249 4274 orbe
1262 4222 1372 4277 Lunam
1391 4221 1491 4279 coatia·

156 4311 240 4380 gsute
260 4303 355 4361 diurno
382 4308 457 4357 motu
478 4302 675 4365 circumeunte,
704 4301 784 4354 Luna
812 4300 970 4371 simpliciter
990 4309 1129 4371 sequatur,
1151 4301 1234 4369 plane
1260 4302 1368 4357 nullam
1386 4310 1492 4377 partem

155 4389 316 4455 deosrpana:
346 4384 395 4437 sed
415 4381 532 4452 quiade
560 4382 685 4451 partibus
714 4380 818 4434 itineris
840 4377 878 4434 59
898 4381 1021 4450 decerpit
1050 4381 1101 4444 57,
1131 4380 1202 4434 cedit
1232 4397 1297 4435 vero
1326 4382 1426 4439 virtuti
1443 4398 1491 4455 por

155 4472 251 4538 partes
279 4470 388 4521 tautum
413 4464 494 4525 duas,
523 4461 562 4516 sic
590 4469 623 4515 ut
648 4467 712 4533 post
732 4461 804 4531 29¹1,
826 4461 1010 4516 revolutiones
1038 4461 1110 4513 orbis
1140 4459 1253 4514 virtuosi
1274 4461 1395 4519 Telluris
1415 4462 1491 4519 laona

155 4546 241 4602 semel
260 4545 436 4600 restituatur:
458 4560 525 4615 ergo
539 4541 599 4611 ejus
613 4542 757 4597 densitatis
778 4541 917 4611 proportio
931 4542 966 4595 ad
986 4542 1062 4595 illam
1083 4540 1267 4595 fortitudinem
1286 4541 1361 4598 erbis
1382 4539 1491 4599 virtuosi

155 4631 202 4680 est
221 4641 292 4697 quae
312 4624 330 4680 2
353 4625 389 4677 ad
404 4622 450 4688 50,
471 4630 501 4677 et
520 4623 651 4693 sexagies
671 4621 758 4691 major
777 4623 814 4674 ad
827 4621 990 4675 densitatem
1010 4621 1130 4689 corporis
1145 4621 1271 4683 Telluris,
1292 4639 1392 4695 nempe
1405 4622 1489 4679 densi

155 4713 203 4762 tes
215 4706 311 4761 Lunae
325 4705 360 4758 ad
379 4702 544 4758 densitatem
557 4702 666 4766 Terrae,
689 4717 759 4772 quae
782 4703 794 4754 l
819 4704 854 4755 nd
876 4695 964 4763 1770;
986 4701 1033 4754 sed
1053 4701 1212 4771 magnitudo
1225 4702 1375 4771 Lunaead
1386 4700 1489 4774 magni·

156 4786 278 4843 tudinem
290 4785 400 4847 Terrae,
422 4777 523 4853 quael
540 4778 576 4834 sd
595 4781 641 4845 40,
662 4777 729 4852 erg'o
743 4782 886 4837 subtracta
905 4783 959 4835 hac
971 4781 1145 4850 proportione
1160 4781 1213 4835 erit
1232 4780 1390 4853 aequalium
1408 4781 1488 4855 parti·

156 4863 283 4921 saluum
299 4863 397 4918 Looas
416 4868 447 4916 st
465 4860 568 4917 Terras
584 4861 724 4932 proportio
744 4876 792 4927 ea,
821 4877 892 4933 quse
915 4856 927 4916 l
951 4860 987 4915 ad
1006 4858 1060 4927 44,
1089 4877 1159 4931 pene
1180 4859 1304 4933 aequalia
1323 4859 1488 4934 proportioni
