3354 5504
172 279 234 346 118
586 282 687 333 therae
704 272 807 347 Kepleri
825 264 976 349 aliornmqas
992 287 1095 335 moute

168 459 252 521 Quare
270 460 363 525 absque
380 432 553 524 impedimento
570 474 621 509 non
638 473 735 523 semper
752 474 862 524 possum
887 460 952 525 qnod
968 430 1179 511 aednaham·
1197 457 1301 526 musa,
1327 459 1406 523 aas,
1431 458 1520 513 lehn

166 533 200 581 mi
218 531 339 597 Keplere,
367 537 396 583 nt
422 535 509 594 aperta
536 532 576 580 ria
593 531 756 596 progrediaris
774 539 800 581 et
817 533 901 582 omnis
923 531 1193 596 penitinmpesnlsris,
1212 533 1264 583 sire
1280 534 1307 582 in
1325 539 1372 583 tua
1387 532 1519 597 typam

666 604 845 732 :mum
1105 602 1255 725 ma
1369 603 1517 670 ψ*

253 748 449 827 Ksplerue:
488 745 599 807 Miram
626 754 708 808 tuam
736 746 909 808 audaciam!
952 746 1035 808 Tune
1065 765 1112 808 me
1139 763 1285 826 provoces
1310 746 1516 829 confingendis

163 836 403 917 hypothesibus?
450 832 527 896 Com
550 853 605 915 ego
628 836 782 914 planetam
799 856 818 896 a
833 834 944 898 circulo
966 835 1064 896 dicam
1086 835 1213 915 ingredi.
1238 843 1270 897 tu
1289 836 1377 916 paria
1400 834 1516 899 faciem

164 925 240 989 dicis
264 925 376 1007 egredi.
424 921 558 985 Obriant
580 923 672 1004 igitur
695 924 822 986 invicem
845 944 929 986 meus
954 933 985 986 et
1011 931 1080 986 tuns
1102 924 1187 986 Mars
1215 924 1244 986 in
1268 924 1419 1006 angustiis
1440 943 1515 1006 por-

162 1019 271 1089 tarum,
295 1015 363 1077 vide
387 1019 455 1075 uter
478 1012 593 1076 fortior.
641 1013 708 1075 Non
733 1014 792 1074 lert
815 1033 898 1075 meus
922 1013 1000 1076 hunc
1023 1012 1180 1076 aemulam.

375 1101 426 1165 Sic
451 1120 565 1182 quoque
589 1102 756 1164 Alexandri
779 1121 944 1183 pugnacem
968 1102 1090 1169 imitata
1111 1101 1266 1182 phalanga
1387 1160 1390 1165 .

463 1189 559 1253 Simia
581 1193 642 1255 lert
664 1192 794 1253 humeris
818 1191 932 1254 Martia
955 1188 1017 1253 tela
1041 1191 1114 1265 suis,

177 1292 181 1299 '
262 1346 265 1353 ,
372 1244 465 1357 ’18131
491 1281 544 1342 sed
567 1283 690 1343 avulsos
714 1299 805 1345 curva
826 1280 913 1344 Jovis
936 1280 1042 1357 arbore
1066 1298 1176 1355 ramos,

463 1367 549 1441 Quos
571 1372 687 1451 magno'
703 1370 812 1432 boreas
835 1371 946 1450 impete
970 1368 1082 1432 stravit
1103 1369 1194 1444 humi,

375 1459 440 1521 Ant
463 1460 553 1539 longa
575 1478 719 1522 annorum
742 1460 837 1521 series
860 1459 1033 1541 putredine:
1057 1459 1138 1520 bello

461 1546 607 1611 Omnibus
630 1557 664 1611 nt
685 1549 804 1629 possint
826 1569 884 1611 non
907 1557 1008 1611 tamen
1032 1556 1106 1628 apta
1127 1546 1201 1627 geri.

8 1618 11 1623 Α
79 1596 81 1601 >
126 1692 129 1697 .
205 1684 209 1691 -
250 1631 317 1714 Ego
340 1637 381 1699 mi
394 1637 513 1699 Fabrici
530 1657 588 1700 non
602 1637 714 1718 ingenii
732 1638 931 1712 volubilitate,
957 1657 1014 1699 non
1029 1637 1148 1718 poetica
1170 1643 1223 1697 aut
1236 1634 1364 1715 pictoria
1379 1634 1511 1717 fingendi

158 1724 282 1787 licentia
314 1745 379 1791 sum
402 1726 558 1802 inductus,
591 1728 793 1799 didicerem,
817 1727 932 1806 ingredi
956 1728 1087 1789 Martem
1117 1726 1156 1787 ad
1182 1724 1295 1798 latera,
1325 1725 1380 1786 sed
1403 1726 1511 1789 obser·

143 1813 310 1905 ¹'vationum
334 1816 564 1879 Braheansrum
585 1817 666 1878 filum
691 1817 1018 1899 demonstrationeeque
1041 1822 1165 1878 secutus
1188 1814 1327 1876 invictas.
1371 1814 1417 1876 Tu
1439 1815 1511 1878 licet

39 1933 46 1954 1
157 1903 273 1982 liugas,
295 1906 373 1984 qnod
398 1905 452 1969 tibi
476 1905 567 1968 animi
590 1904 682 1968 libido
697 1906 792 1969 dictet
815 1916 846 1969 et
869 1906 1006 1986 fatigeris
1021 1905 1061 1967 ad
1082 1911 1209 1968 mortem
1232 1922 1335 1984 usque,
1359 1903 1510 1984 ingenium

155 1992 300 2072 perdens,
324 1995 381 2056 hoc
405 1995 477 2071 scio,
503 2002 532 2057 te
557 1994 670 2058 irustra
693 1995 814 2075 fatigari
838 2003 870 2057 et
893 2005 992 2057 actum
1016 2013 1122 2076 agere,
1155 2010 1223 2054 cnm
1252 1992 1354 2074 potius
1377 1993 1509 2057 animum

39 2092 61 2108 ·’
120 2086 125 2096 “
157 2081 323 2159 etingenii
348 2084 408 2146 vim
432 2084 471 2145 ed
494 2093 579 2148 certa
601 2085 767 2158 transiere,
800 2092 832 2145 et
855 2085 924 2164 qnia
946 2084 1096 2165 cupiditas
1119 2090 1173 2144 tua
1195 2081 1364 2162 ingeniique
1387 2083 1508 2146 volubi-

155 2170 229 2234 litas
258 2171 435 2236 destituitur
461 2172 500 2236 ab
530 2173 645 2236 inuicta
674 2173 849 2236 fortitudine
868 2174 1028 2236 insistendi
1050 2172 1168 2253 coeptis
1195 2178 1227 2232 et
1249 2170 1507 2250 aprudentiain

155 2259 321 2339 deligendis
346 2262 514 2336 laboribns;
538 2264 702 2344 aggredere
726 2262 1046 2343 igitanpheinerides
1069 2281 1107 2323 ex
1130 2261 1242 2323 tabulis
1260 2261 1326 2339 jam
1351 2262 1453 2337 factis,
1475 2271 1509 2325 ut

24 2372 48 2384 ·‘
136 2366 247 2428 ‚opera
278 2349 334 2413 tihi
363 2356 424 2415 'non
454 2352 498 2415 ita
519 2353 628 2415 misere
651 2362 772 2435 pereat,
805 2352 875 2434 quin
897 2351 998 2434 potius
1022 2350 1157 2432 adspiret
1179 2350 1216 2410 ad
1249 2349 1370 2430 aliquod
1400 2350 1508 2414 bonnm

75 2492 80 2499 .
119 2458 121 2463 ’
151 2438 312 2518 publicum.
353 2439 415 2519 Sed
438 2449 471 2503 et
493 2441 566 2504 illud
591 2461 648 2504 non
673 2451 753 2505 recte
777 2441 879 2516 habet,
903 2442 987 2521 cnjus
1010 2460 1103 2502 cansa
1126 2439 1292 2501 introducis
1309 2438 1406 2501 istam
1431 2458 1505 2503 eva-

31 2540 33 2545 ’
68 2520 71 2527 ’
102 2554 112 2601 ·.
152 2527 320 2606 geticaem.'
364 2527 757 2605 Causaenim,cure13
783 2530 969 2612 acronychiis
992 2549 1050 2593 uon
1072 2529 1173 2610 possit
1195 2527 1308 2608 aliquid
1331 2528 1407 2593 certi
1429 2548 1504 2593 cou-

118 2614 123 2623 '
151 2614 246 2692 cludi,
280 2626 330 2680 est
361 2618 437 2701 haec
470 2620 550 2694 sola,
585 2620 662 2701 qnod
696 2620 819 2683 liberam
852 2619 1045 2704 relinquimus
1073 2619 1236 2681 sectionem
1269 2618 1504 2681 eccentricitatie

27 2695 60 2767 1?
147 2708 320 2788 aequantia.
366 2709 412 2771 At
443 2709 469 2770 si
492 2708 654 2787 imperetur
677 2710 829 2784 certa,·,h.
854 2729 880 2770 e.
905 2708 1049 2783 biaeotie,
1076 2708 1140 2788 jasir
1163 2706 1283 2769 omnino
1312 2707 1416 2788 aliqua
1437 2708 1504 2770 ior-

6 2792 33 2808 *
87 2782 100 2839 ‘‹
149 2806 256 2858 meter·
270 2788 447 2947 h{pothesis
470 2818 489 2859 a
511 2797 530 2860 3
554 2799 751 2880 acronychiis‚
776 2798 957 2860 necessitate
975 2796 1177 2878 geometrica,-
1192 2797 1256 2871 eire
1274 2796 1339 2877 jem
1361 2796 1510 2863 circulum·
1535 2814 1537 2819 ·

28 2882 31 2886 ’
148 2899 359 2973 ponassve'
379 2887 497 2967 ellipsin
526 2887 589 2948 sive
623 2907 827 2970 quamcunque
850 2887 976 2968 figuram
1007 2885 1121 2950 itineris
1143 2880 1336 2966 planetarii.⁵
1364 2885 1411 2949 Tu
1434 2888 1505 2952 ve'ro

113 2964 424 3059 ‘Qv'ideris3coninndi
451 2976 529 3040 inter
561 2965 636 3039 haec
666 2977 739 3039 dno:
774 2976 865 3039 nihil
889 2972 1064 3039 concludere
1088 2983 1120 3037 et
1152 2975 1288 3039 laisum
1316 2975 1503 3042 concludere.

34 3054 41 3069 '
88 3135 89 3138 Ἴ
149 3062 258 3144 Posita
291 3064 457 3127 bisectione
482 3075 512 3126 et
535 3066 634 3145 posito
657 3067 786 3141 circulo,
811 3076 874 3127 tres
898 3064 1094 3148 acronychiae
1126 3083 1184 3126 non
1208 3064 1390 3126 concludunt
1420 3066 1503 3137 nihil,

39 3200 45 3207 .
149 3171 207 3214 nen
226 3154 409 3216 concludunt
430 3155 576 3217 incertam
600 3155 647 3216 vel
670 3175 780 3236 vagam
803 3155 992 3237 hypothesin,
1018 3153 1073 3216 sed
1094 3172 1182 3215 unam
1196 3161 1329 3225 ‚cenant
1365 3154 1412 3216 At
1434 3152 1527 3240 qnia'

35 3301 40 3311 ,
97 3246 103 3291 ἶ
151 3241 231 3313 laisa
260 3241 319 3312 luit
348 3244 459 3329 positio
488 3243 605 3319 circuli,
639 3245 748 3307 falsam
780 3245 872 3307 etiam
900 3244 1079 3307 concludunt
1107 3242 1297 3325 hypothesin.
1344 3243 1504 3321 ¹falsitatis

20 3344 40 3394 .·
90 3343 92 3347 ’
149 3349 227 3415 vero
246 3352 340 3397 causa
368 3335 425 3395 non
450 3342 498 3395 est
521 3335 587 3396 sola
614 3333 681 3408 illa,
716 3353 805 3414 quam
829 3343 860 3396 tu
883 3334 976 3396 infers
1002 3329 1053 3397 15‘
1084 3333 1250 3412 parallaxie
1282 3351 1335 3395 een
1358 3334 1504 3413 prestha-

143 3420 307 3500 ‘phaeresis
338 3422 548 3507 aequatiouum
574 3423 719 3497 occentu,
755 3423 808 3484 sed
832 3432 950 3490 mutata
978 3421 1301 3503 linearumlongitndo
1325 3422 1364 3484 ad
1394 3422 1502 3488 latera.

149 3506 228 3572 Nam
243 3511 321 3591 qnod
343 3504 454 3573 attinet
476 3512 666 3574 latitudinem
690 3512 819 3587 lunulae,
845 3511 937 3573 efficit
951 3513 1025 3574 haec
1042 3511 1161 3593 quidem
1176 3511 1290 3593 aliquid
1312 3510 1342 3574 iu
1357 3514 1508 3593 proetha2

16 3612 36 3640 ἰ
109 3654 114 3662 .
148 3599 288 3680 phaeresi
313 3602 539 3684 aequationem,
572 3602 627 3664 sed
649 3620 707 3662 nou
733 3601 825 3664 efficit
847 3602 1020 3677 maximum,
1055 3600 1105 3663 nbi
1136 3600 1269 3673 maxima
1297 3608 1346 3664 eet
1373 3599 1505 3667 latitudo

33 3720 38 3729 =
149 3689 279 3769 lunulae.
327 3690 362 3752 In
387 3690 537 3755 anomalia
559 3699 727 3772 coaequata
749 3686 797 3767 0⁰,
820 3685 889 3765 90⁰,
918 3685 1006 3764 180⁰,
1029 3686 1123 3766 2⁷0⁰,
1147 3684 1230 3754 360ο
1258 3691 1415 3758 evanescit
1441 3690 1505 3757 ists

55 3794 58 3801 ·
101 3830 104 3834 ,
150 3778 436 3860 prosthaphaeresis
460 3787 491 3841 et
513 3781 638 3860 planeta
661 3789 816 3860 spectatur
839 3799 882 3841 ea
899 3778 970 3842 Sole
994 3780 1058 3854 (vel
1081 3780 1184 3862 quasi)
1206 3780 1312 3842 eodem
1335 3781 1412 3856 looe,
1435 3781 1503 3845 sits

27 3879 31 3889 '
105 3914 108 3921 -
145 3867 179 3931 in
204 3868 315 3930 circulo
338 3877 444 3931 currat
465 3869 527 3930 sive
550 3870 579 3931 in
604 3870 711 3951 ellipsi.
748 3870 796 3932 cit
818 3869 848 3931 in
863 3869 1013 3931 anomalia
1026 3875 1193 3952 coaequata
1213 3864 1283 3944 ⁴5⁰,
1301 3866 1392 3946 135‘,
1408 3862 1501 3946 225⁶,

127 3942 448 4035 '315⁰estmaxima,
472 3974 566 4040 neque
590 3958 690 4023 tamen
718 3952 778 4035 1‘5‘,
804 3959 857 4021 sed
881 3959 939 4021 nisi
963 3959 1051 4022 fallor
1072 3955 1115 4023 8'.
1152 3954 1261 4043 hctus
1284 3958 1360 4023 haec
1381 3960 1501 4042 quidem

27 4040 30 4047 ’
145 4047 330 4127 simpliciter,
356 4049 410 4117 sed
433 4051 639 4113 tantummodo
661 4058 741 4124 tunc,
767 4067 834 4110 cum
857 4049 981 4129 planeta
997 4068 1035 4111 ex
1049 4047 1159 4112 circulo
1178 4047 1356 4130 ed.ellipsie
1370 4051 1500 4114 circam·

23 4138 35 4198 ·.‘
76 4204 81 4214 ,
122 4177 132 4207 ·‚
142 4133 303 4213 larentiam
325 4134 494 4219 ingreditur
521 4138 551 4200 in
575 4140 642 4200 sinu
664 4145 747 4200 recto
770 4138 936 4200 anomaliae
960 4138 1101 4202 eccentri.
1148 4135 1182 4200 Si
1203 4156 1274 4202 vero
1297 4146 1429 4220 ponatur
1450 4140 1499 4203 in·

143 4222 229 4305 'gredi
257 4222 291 4289 in
323 4228 407 4289 radio
442 4227 582 4290 veniente
614 4246 651 4289 ex
683 4235 787 4289 centro
820 4227 993 4302 eccentrici‚
1027 4235 1098 4289 tunc
1130 4227 1221 4308 plane
1252 4227 1326 4291 nihil
1355 4226 1499 4293 sensibile

18 4350 36 4364 a·
106 4325 110 4331 '
141 4323 275 4381 mutatur
298 4316 335 4381 in,
351 4316 531 4397 aequatione
539 4335 548 4389 ;
573 4317 673 4396 itaque
690 4316 786 4377 omnis
803 4335 895 4378 cansa
916 4315 1061 4378 falsitatis
1085 4315 1298 4397 hypotheseos,
1323 4335 1400 4399 qnae
1425 4337 1498 4383 uae·

56 4414 64 4427 ’·
142 4403 228 4480 citur,
253 4407 283 4467 in
307 4405 374 4467 sola
397 4404 621 4466 abbreviatione
645 4404 791 4466 linearum
814 4415 884 4467 tunc
908 4404 1057 4467 consistit.
1105 4398 1242 4486 Denique
1265 4406 1364 4479 video,
1381 4412 1421 4470 ts
1447 4405 1498 4473 15¹

20 4540 45 4568 „
141 4502 173 4555 et
209 4494 406 4559 latitudinem·
438 4495 556 4556 lunulae
588 4493 726 4574 accipere
753 4513 807 4573 pro
839 4495 952 4558 eodem.
999 4493 1142 4555 Latitudo
1179 4495 1314 4572 lunulae,
1345 4514 1424 4578 qnae
1458 4495 1497 4559 ab

49 4585 51 4589 ’
98 4645 102 4654 ,
141 4585 309 4645 eccentrico
333 4583 463 4646 Telluris
487 4601 539 4643 een
563 4581 644 4645 Solis
674 4592 722 4645 est
745 4591 883 4645 resecata
907 4582 1019 4656 (indice
1047 4592 1171 4645 secante
1202 4603 1291 4647 arcus
1317 4580 1356 4649 1ο
1379 4583 1410 4650 i‘
1434 4572 1498 4652 13⁸

43 4717 47 4729 ,
143 4672 283 4735 dimidiae
303 4672 491 4753 aequationis
507 4670 603 4748 Solis)
619 4680 669 4734 est
686 4670 734 4748 15,
758 4672 858 4735 verina
876 4667 926 4748 16,
952 4672 1081 4753 qualium
1096 4674 1197 4749 radius
1216 4670 1356 4742 100000.
1394 4677 1498 4759 Atque

45 4778 51 4801 ²
135 4762 194 4845 has
214 4783 287 4826 sane
315 4758 353 4823 16
373 4759 538 4843 particulae
553 4782 620 4826 cum
634 4763 701 4824 sinn
724 4760 990 4824 reetoauomaliae
1006 4763 1136 4826 eccentri
1160 4772 1339 4829 accrescunt
1352 4765 1497 4849 iulongi-

138 4851 258 4928 tudinee
281 4851 407 4915 mediae.
439 4851 486 4914 At
506 4852 642 4915 lunulas
655 4850 766 4914 Martis
789 4851 956 4914 eccentrico
979 4852 1090 4916 cuculo
1116 4852 1283 4917 msecaada
1305 4853 1402 4920 babet
1420 4854 1498 4921 lati-
