3354 5504
539 334 720 399 emona
756 333 942 419 cnutum·
1343 316 1408 401 ιιι

74 498 136 595 cap.
162 513 261 576 LXII.
301 515 405 593 ltaque
429 532 493 574 cunr
516 514 637 594 planum
656 515 705 587 sit,
731 514 808 594 quod
831 513 1001 575 circumitur
1024 513 1062 574 ab
1085 512 1183 575 orbita
1200 513 1319 588 Martis,
1344 515 1409 594 ejus
1477 592 1484 601 .

74 604 225 666 inclinatio
249 603 424 682 adplenum
447 603 604 681 eclipticae
627 604 772 682 regularis
795 604 861 665 erit.
899 601 1028 681 Scriptis
1051 601 1130 663 euim
1153 602 1409 667 dnobusnircnlis

74 692 259 774 aequalibus,
281 693 378 754 altero
391 691 447 756 Dc
471 693 499 754 in
516 693 605 773 plano
625 690 790 771 eclipticas,
815 693 911 753 altero
924 692 977 754 ΓΕ
995 691 1024 752 in
1042 692 1133 772 plano
1156 691 1272 753 orbitae
1286 692 1407 767 Martis,

75 802 109 844 ex
131 781 279 843 communi
311 788 412 842 centro
434 782 464 843 A
487 780 586 854 Solis,
620 783 674 842 hoc
705 791 753 843 est
779 782 809 842 iu
838 799 897 842 uua
927 789 958 841 et
987 782 1092 842 eadem
1124 780 1253 860 sphaera
1285 781 1410 844 fixarum

74 871 135 933 Soli
168 870 376 944 couceutrica,
409 871 465 931 erit
493 878 527 930 ut
557 871 638 931 sinus
667 872 722 933 BD
753 890 839 932 arcus
873 870 951 931 inter
980 869 1141 931 sectionem
1173 870 1349 932 circulorum
1378 879 1421 932 et·
1453 920 1456 928 .

73 958 229 1063 quom
244 966 388 1039 puuctum
411 957 513 1021 circuli
535 959 649 1036 Martii,
673 960 811 1039 putaD,
836 960 873 1020 ad
897 959 994 1021 sinum
1016 966 1122 1032 totum,
1146 957 1190 1019 sic
1213 957 1296 1021 sinus
1319 959 1409 1022 incli-

72 1038 222 1127 ustionis
224 1046 282 1137 DF
302 1048 403 1128 puncti
426 1049 451 1109 F
474 1048 512 1108 ad
535 1048 630 1110 sinum
654 1046 716 1121 OE,
741 1048 943 1110 inclinationis
965 1047 1112 1109 maximae
1134 1046 1161 1108 Ε
1184 1047 1300 1112 limitis
1346 1046 1408 1111 Or-

72 1137 187 1213 diutil-
190 1142 278 1213 veie
305 1138 409 1199 eadem
441 1155 580 1199 mensura
612 1138 827 1199 declinationes
860 1137 988 1199 omnium
1018 1136 1158 1198 circuitus
1186 1145 1379 1241 punctorum
1391 1157 1411 1199 a

71 1218 163 1306 plaub
184 1204 368 1313 eclipticas,
399 1245 489 1305 supra
519 1246 584 1307 cap.
607 1228 694 1291 XIII.
726 1227 884 1307 probatum
908 1233 957 1288 est
984 1225 1263 1287 observationum
1254 1227 1411 1306 ingeniosa

70 1314 261 1379 tractatione.
307 1316 413 1398 Itaque
436 1317 517 1376 nullu
538 1324 640 1396 potest
663 1316 760 1378 afferri
784 1316 930 1378 instantia
952 1324 1073 1378 nostrae
1097 1314 1264 1398 hypothesi.
1432 1340 1434 1347 .

158 1405 253 1467 Porro
285 1404 360 1465 duas
393 1405 583 1484 quaestiones
616 1406 752 1466 difficiles
782 1404 985 1484 expediendae
1016 1411 1096 1464 sunt.
1141 1403 1251 1466 Altera
1274 1404 1310 1464 de
1333 1423 1408 1466 con·
1489 1437 1496 1451 ·

71 1495 186 1556 ditione
208 1493 296 1574 hujus
319 1493 525 1555 declinationis
548 1495 625 1570 axis,
649 1495 747 1556 altera
770 1495 806 1555 de
830 1513 886 1555 axe
909 1494 985 1573 ipso.
1031 1491 1192 1565 Quaeritur
1207 1492 1293 1565 euim,
1317 1502 1408 1555 natu-

69 1585 145 1646 ralis
169 1584 211 1645 sit
234 1582 307 1644 haec
329 1583 395 1644 axis
410 1583 562 1645 inclinatio
578 1604 615 1644 au
634 1584 801 1657 rationalis,
826 1591 951 1645 naturae
966 1601 1127 1661 corporeae
1140 1601 1214 1661 opus
1230 1602 1267 1643 an
1283 1583 1407 1661 augeli?

69 1671 237 1744 Quaeritur
259 1673 399 1745 secundo,
425 1693 461 1733 au
477 1673 555 1734 idern
572 1691 692 1734 numero
708 1673 749 1734 sit
763 1672 829 1734 axis
843 1672 1043 1733 inclinationis
1067 1690 1132 1733 cum
1152 1690 1208 1733 axe
1226 1673 1407 1759 magnetico,

37 1830 43 1839 ,
70 1761 154 1824 Solia
178 1761 369 1840 appetente?
398 1771 429 1822 et
452 1761 477 1823 si
497 1762 616 1836 diversi,
642 1762 813 1842 quomodo'
806 1781 835 1823 ιι
852 1761 956 1823 eodem
970 1780 1092 1841 corpore
1106 1761 1246 1841 planetae
1260 1761 1408 1840 globoso?

68 1853 189 1931 Estque
213 1850 312 1912 altera
334 1851 420 1912 alteri
443 1850 573 1929 implexa
595 1852 742 1931 quaestio
1012 1864 1058 1947 3⁴·

160 1940 338 2011 Naturalem
361 1958 437 2018 pene
465 1941 669 2011 credidissem,
692 1939 729 2001 ob
760 1934 982 2001 similitudinem
1009 1926 1075 2018 ejus
1105 1937 1240 2021 virtutis,
1279 1939 1406 2018 quaein

71 2022 380 2109 magneteubtuxalis
396 2029 453 2090 et
445 2048 511 2109 ipsa
526 2037 594 2091 est:
620 2030 677 2091 uisi
696 2028 877 2090 accessisset
892 2034 924 2089 at
938 2027 1132 2107 transpositio
1139 2024 1289 2089 nodorum
1299 2046 1405 2089 succe-

72 2120 180 2193 danea,
204 2137 281 2198 quae
305 2117 424 2179 omuino
446 2117 564 2179 videtur
586 2139 660 2199 opus
683 2138 749 2180 esse
773 2115 917 2205 rationis,
933 2117 1040 2187 sinon
1063 2116 1254 2179 ἀιέιιιιιιιίι
1278 2125 1407 2179 atcerte

77 2207 248 2271 instinctas.
294 2205 372 2269 Nam
395 2207 644 2286 aequidistantem
668 2207 756 2269 situm
780 2226 898 2268 manere
922 2194 1019 2269 miuus
1042 2208 1105 2285 est
1112 2206 1217 2268 mimm
1241 2215 1272 2266 et
1285 2225 1408 2286 proprus

74 2305 216 2369 naturae,
246 2315 333 2375 quam
355 2295 437 2375 prius
461 2296 490 2357 in
514 2297 634 2375 negotio
657 2296 899 2358 eccentricitatis.
932 2270 1092 2379 illst
1034 2294 1112 2357 euim
1135 2295 1172 2356 ab
1197 2315 1252 2356 axe
1275 2295 1408 2357 virtuoso

79 2386 178 2449 Solem
207 2385 271 2465 peti
299 2385 448 2459 diximus,
479 2386 528 2447 bic
560 2386 656 2447 locum
689 2386 742 2447 sub
766 2386 849 2446 lixis
855 2362 1044 2489 longiisssrpq
1048 2370 1241 2467 §fetentibus
1287 2385 1355 2447 Illic
1377 2382 1407 2447 vi

79 2475 167 2578 hujus
186 2475 374 2576 magneticae
397 2474 518 2536 virtutis
541 2474 621 2547 axis,
645 2477 819 2536 circumlato
842 2492 972 2554 corpore,
998 2462 1213 2547 ciprerteudus
1232 2473 1340 2535 fuisset
1353 2493 1408 2536 uec

81 2564 167 2626 sibi
158 2564 217 2644 rpsi
241 2582 398 2625 mansurus
421 2564 636 2643 aequidistans,
660 2564 718 2625 nisi
741 2563 919 2625 retineretur
941 2583 961 2623 a
982 2581 1019 2624 ιιι·
1004 2562 1199 2624 directionis
1217 2562 1333 2625 fortiori
1356 2571 1408 2626 aut

79 2674 97 2715 a
116 2672 146 2715 vr
169 2651 308 2738 animali,
331 2671 385 2715 seu
407 2652 487 2714 nuda
509 2672 562 2715 seu
584 2653 710 2715 rationis
733 2653 991 2733 quomodocunque
1015 2653 1134 2732 capaci3
1162 2651 1210 2713 hio
1233 2650 1264 2712 vi
1286 2661 1407 2715 nostrae

79 2742 198 2805 virtutis
221 2741 397 2803 directoriae
418 2741 522 2820 ipsius,
545 2743 627 2807 nulla
648 2742 830 2805 necessitate
852 2739 971 2803 virtutis
994 2741 1130 2802 animalis
1149 2749 1201 2802 ant
1223 2741 1406 2804 ratiocinan-

80 2832 127 2905 tis,
156 2830 291 2911 sequitur
313 2831 375 2892 ista
397 2831 631 2910 aequidistantia
653 2833 729 2893 axis.
761 2830 829 2894 Nisi
851 2832 927 2892 sorte
951 2830 1016 2909 quis
1040 2839 1071 2891 et
1092 2831 1149 2891 hoc
1170 2829 1262 2891 menti
1285 2831 1405 2905 tribuet,

76 2922 149 3000 quod
194 2919 344 2981 diameter
389 2919 451 2980 ista
487 2919 661 2983 latitudines
703 2921 852 2995 efficiens,
901 2920 1024 2999 planeta
1065 2918 1093 2980 iu
1129 2917 1273 2980 limitibus
1310 2920 1405 2981 collo-

76 3018 156 3084 cato,
192 3009 344 3071 directe
330 3028 365 3069 Ιιι
389 3016 522 3070 centmm
544 3008 625 3071 Solis
648 3010 763 3084 tendit,
787 3017 876 3089 atque
898 3008 954 3070 hoc
976 2998 1065 3088 pacto
1088 3027 1126 3068 ex
1148 3006 1245 3069 orbita
1266 3007 1406 3088 planetae

74 3100 200 3163 circulus
222 3116 348 3177 maguus
372 3096 508 3172 efficitur,
533 3104 564 3159 et
585 3098 685 3160 nodi
678 3119 707 3161 ιι
731 3100 800 3160 loca
822 3117 859 3159 ex
873 3097 945 3161 Sole
968 3097 1108 3199 opposita
1125 3095 1309 3175 rediguntur.
1340 3094 1407 3168 Quo

75 3195 248 3269 argumento
281 3206 372 3266 supra
395 3204 509 3266 qnoque
533 3206 598 3267 cap.
622 3187 772 3252 XXXIX.
810 3189 948 3268 planetae
976 3186 1091 3249 assemi
1117 3193 1286 3266 respectum
1315 3184 1406 3249 Solis.

76 3277 168 3359 Atqui
205 3295 266 3338 non
294 3275 389 3337 omnis
416 3283 571 3355 respectus
594 3275 675 3339 Solis
698 3277 798 3356 arguit
818 3278 964 3340 rationem
987 3275 1187 3339 comitantem.
1233 3274 1312 3338 Illud
1334 3295 1406 3338 saue

75 3386 185 3441 rerum,
210 3382 287 3438 eum,
310 3365 359 3445 qui
382 3365 508 3444 primurn
531 3366 681 3428 ordinavit
702 3375 801 3429 motus
817 3368 975 3439 coelestes,
997 3367 1075 3429 hunc
1093 3384 1180 3428 axem
1194 3365 1237 3427 sic
1251 3363 1408 3440 direxisse,

76 3465 105 3518 ιι
126 3455 234 3519 Solem
266 3454 312 3529 (in
333 3453 414 3515 dicto
438 3453 513 3527 situ)
536 3454 717 3536 respiceret3
749 3463 781 3517 et
801 3456 925 3536 proinde
949 3456 1074 3517 consilio
1098 3472 1268 3534 summaque
1290 3454 1407 3517 ratione

75 3565 154 3607 nsum
179 3563 260 3606 esse.
296 3544 342 3606 At
362 3541 420 3605 iste
443 3551 597 3624 respectus
612 3544 693 3607 Solis
716 3543 869 3606 retineri
856 3564 921 3624 Jam
943 3564 1032 3624 porro
1054 3551 1156 3623 potest
1171 3543 1248 3606 citra
1265 3550 1405 3620 mentem,

77 3636 137 3697 sola
161 3632 336 3696 constantia
358 3633 544 3712 magneticae
567 3633 730 3695 facultatis.
768 3631 869 3705 Quieti
893 3633 970 3695 euim
993 3633 1119 3695 similior
1133 3639 1181 3695 est
1194 3651 1281 3712 quam
1294 3634 1406 3708 motui;

77 3722 240 3787 materialis
268 3721 376 3801 igitur,
400 3740 457 3783 uon
474 3724 639 3786 mentalis.
693 3720 768 3784 Sola
803 3722 894 3802 igitur
924 3721 1050 3784 variatio
1085 3722 1172 3802 hujus
1194 3710 1406 3801 inclinationis,

78 3832 160 3894 quam
195 3811 341 3877 dicimus.
352 3794 580 3874 translationem
603 3811 745 3875 uodomm
768 3831 908 3874 successu
931 3811 1115 3884 seculomm‚
1144 3811 1271 3873 adhuc
1262 3832 1293 3874 ιι
1316 3832 1407 3874 causa

75 3910 187 3976 manet,
225 3899 365 3962 evincens
394 3899 455 3961 vim
482 3900 636 3963 motricem
671 3902 737 3983 plns
766 3920 854 3981 quam
881 3902 1046 3963 naturalem
1073 3919 1126 3963 seu
1158 3919 1331 3980 corpoream
1353 3921 1408 3964 seu

75 3993 176 4070 quales
213 3994 284 4051 sunt
319 3988 447 4050 virtutes
476 3990 672 4069 magneticae.
726 3991 768 4052 Et
797 3998 897 4052 tamen
929 3997 1083 4069 utramque
1119 3989 1218 4072 potius
1241 3991 1406 4061 censuerim
1461 4065 1468 4080 ·

74 4078 326 4161 conjungendam,
366 4096 453 4156 quam
480 4079 575 4141 solam
597 4079 772 4142 rationalem
794 4079 969 4160 ponendam.
1014 4079 1126 4141 Pareat
1148 4080 1195 4143 vis
1212 4074 1406 4182 'magneticaa

73 4169 187 4250 praesit
217 4167 294 4230 ratio
316 4166 400 4228 illam
422 4166 607 4247 gubernans,
639 4176 674 4230 ut
699 4169 781 4252 prius
804 4169 895 4231 etiam
917 4186 981 4248 cap.
1005 4168 1104 4233 LVIL
1130 4169 1166 4231 de
1190 4167 1301 4232 virtute
1324 4169 1406 4233 Solis

72 4265 232 4341 appetente
259 4254 396 4319 diximus.

156 4348 226 4412 Hac
257 4344 432 4426 quaestione
462 4344 507 4406 sic
538 4346 677 4426 expedita
700 4346 832 4427 sequitur
854 4347 960 4409 altera
1005 4346 1084 4409 Nam
1106 4342 1133 4408 si
1155 4347 1250 4410 virtus
1272 4348 1334 4410 ista
1356 4350 1405 4412 di·

72 4437 203 4500 rectoria
226 4442 334 4496 estex
357 4433 542 4513 magneticis,
567 4436 726 4517 corporeis,
751 4435 951 4498 naturalibus:
981 4436 1146 4515 subjectum
1169 4435 1234 4515 ejus
1257 4437 1315 4499 erit
1337 4459 1404 4503 cor·
1441 4450 1444 4455 '
1544 4461 1548 4469 ·

73 4547 136 4607 pus.
185 4527 235 4589 Au
259 4523 352 4629 igitur
373 4524 437 4586 lieri
459 4524 566 4602 possit,
588 4532 623 4587 ut
646 4526 749 4587 eadem
770 4525 825 4586 illa
847 4524 1001 4600 diameter,
1025 4525 1105 4588 Solis
1128 4534 1273 4607 appetens
1294 4529 1344 4590 vel
1367 4528 1405 4592 ab

71 4636 106 4679 eo
129 4600 263 4696 lugiens,
279 4604 477 4679 irrclinatioue
502 4613 609 4685 suiad
632 4612 799 4693 eclipticam
822 4613 911 4676 etiam
931 4614 1120 4677 administret
1134 4615 1210 4676 hauc
1225 4614 1404 4680 declinatio-

70 4724 137 4767 nem
159 4705 302 4784 planetne
325 4702 363 4763 ab
387 4682 552 4780 ecliptica?¹
591 4703 626 4767 Si
649 4703 718 4764 nodi
736 4703 932 4783 jungerentur
953 4703 1117 4786 apsidibus,
1140 4703 1251 4767 limites
1273 4706 1404 4787 longitu-

70 4795 189 4858 dinibus
213 4781 334 4866 mediis',
367 4791 485 4853 omnino
512 4793 616 4855 eadem
643 4802 725 4863 esset
748 4791 893 4855 diameter
922 4801 953 4856 et
980 4792 1213 4856 ecceutricitatis
1236 4802 1267 4857 et
1295 4795 1402 4860 latitu-

70 4884 148 4947 diuis
173 4881 358 4944 administra.
396 4880 517 4943 Dictum
534 4883 615 4946 enirn
631 4901 695 4964 cap
716 4881 830 4956 LVIII,
852 4883 1040 4961 diametrum,
1063 4902 1138 4964 quae
1154 4884 1407 4952 ecoentricitatem

146 4986 373 5042 ιηιιιιορωιιιι
1160 4988 1194 5041 27
1272 5061 1277 5067 ¹
