3354 5504
37 308 39 313 ’
80 361 84 369 .
144 308 211 382 182
509 335 511 338 ⁴
628 305 667 361 De
686 305 794 360 Motibus
814 306 907 360 Stellae
926 304 1017 360 Martis

151 513 254 554 cessus
279 500 311 553 et
334 511 471 553 recessus
496 489 539 549 sic
563 484 746 560 moderetur,
773 497 804 550 ut
828 489 885 549 iter
909 488 1006 566 ipsum
1031 488 1086 548 DE
1110 486 1163 545 fiat
1186 483 1324 545 circulus.
1372 479 1504 561 Oportet

152 583 245 661 igitur
268 582 294 642 ei
320 580 506 642 intellectum
531 587 561 637 et
585 578 807 638 affectationem
832 577 932 638 circuli
957 578 1056 638 inesse
1083 586 1113 636 et
1134 574 1305 652 discrepare
1326 571 1501 652 propo'rtio-

101 726 104 731 .
148 691 215 734 nem
240 671 394 732 tarditatis
419 677 449 730 et
472 667 638 729 celeritatis
663 667 799 745 propriae
824 687 842 726 a
866 666 985 726 virtutis
1011 675 1173 726 extraneae
1208 661 1361 741 gradibus.
1408 661 1454 722 At
1477 659 1502 720 si

149 760 350 822 astronomiae
375 755 646 820 demonstrationes
671 755 930 816 observationibus
955 754 1041 814 nixae
1067 760 1231 823 testentur,
1256 751 1336 810 viam
1360 750 1504 830 planetae

151 870 208 911 non
234 868 300 910 esse
325 848 442 908 orunino
467 846 649 918 circularem,
675 856 778 906 contra
803 864 889 924 quarn
914 843 987 903 haec
1011 843 1105 903 habet
1120 840 1304 923 hypothesis,
1331 848 1394 901 tum
1410 838 1502 898 etiam

37 925 63 951 ”
139 938 274 1020 'physica
297 938 371 998 hacc
395 933 596 997 consideratio
621 935 709 994 aliter
732 934 907 994 instituetur
932 932 1165 1011 liberabiturque
1183 931 1278 991 virtus
1298 931 1439 1008 planetae
1456 925 1503 987 his

93 1059 98 1075 :
147 1038 212 1089 tam
235 1026 371 1107 operosis
399 1024 560 1105 requisitis.

238 1115 299 1178 Sed
323 1123 460 1177 revertor
484 1114 521 1174 ad
547 1110 758 1189 Capernicum.
797 1111 826 1170 ls
852 1109 1080 1170 absurditatem.
1088 1110 1152 1188 jam
1177 1126 1268 1187 supra
1291 1127 1328 1167 ex
1353 1127 1408 1167 sua
1431 1124 1503 1165 sen-

149 1205 247 1266 tentia
270 1205 451 1285 explicatam
476 1203 593 1280 fugiens
618 1218 671 1277 pro
687 1209 836 1279 aequante
862 1199 988 1259 alterum
1015 1199 1170 1259 substituit
1193 1196 1358 1276 epicyclnm
1377 1196 1407 1256 in
1426 1195 1505 1268 huuc

149 1295 277 1357 modum.
328 1293 438 1355 Centro
463 1316 482 1353 α
505 1287 668 1353 interuallo
691 1291 746 1366 uti,
771 1288 855 1370 quod
877 1289 918 1349 ait
941 1288 1071 1367 aequme
1093 1290 1158 1370 ipsi
1181 1287 1236 1347 BD
1266 1292 1329 1360 (lig.
1350 1290 1396 1354 52)
1420 1283 1503 1346 ecri-

547 1381 640 1440 hatur
662 1379 873 1440 consent-ricus
894 1378 945 1452 tid,
968 1387 1003 1439 ut
1025 1381 1110 1439 trieres
1132 1378 1166 1439 in
1189 1400 1209 1435 α
1232 1377 1283 1449 sit,
1307 1384 1336 1437 et
1358 1377 1424 1458 ipsi
1445 1373 1503 1433 BD

546 1465 721 1548 parallelos
744 1469 790 1542 αβ
814 1468 996 1527 continuata
1022 1468 1176 1546 utrinque,
1200 1474 1420 1548 statuaturque
1437 1466 1506 1541 find

548 1556 683 1638 mapulas
706 1554 850 1636 aequalis
876 1557 940 1636 ipsi
963 1555 1056 1618 DCE.
1103 1557 1271 1617 Bieecetur
1298 1574 1370 1617 uero
1394 1554 1448 1616 BC
1472 1555 1506 1615 in

434 1643 473 1670 '⁴‘
548 1645 580 1705 I:
620 1654 649 1707 et
679 1647 794 1706 centris
823 1647 860 1720 β,
891 1652 922 1717 d,
956 1645 1132 1707 interuallis
1161 1646 1207 1723 dy,
1240 1642 1292 1716 δζ,
1332 1663 1413 1725 quae
1441 1647 1506 1706 siat

548 1733 696 1814 aequalia
718 1736 783 1815 ipsi
805 1736 864 1805 Al,
888 1735 1046 1796 scribatur
1063 1737 1192 1816 primus
1223 1755 1278 1795 serr
1305 1732 1408 1819 major
1437 1734 1506 1814 epi-

548 1822 670 1905 cpclus:
693 1827 793 1902 sitque
808 1820 850 1893 δζ
863 1822 1038 1903 parallelos
1051 1826 1116 1906 ipsi
1130 1825 1183 1898 nrt,
1223 1824 1376 1902 Denique
1385 1819 1507 1907 centris

547 1935 569 1990 y,
594 1908 618 1985 ζ,
641 1911 817 1974 interuallis
840 1933 909 1974 cero
932 1934 981 1989 ys,
1006 1909 1055 1988 ζη,
1080 1932 1161 1995 quae
1183 1915 1247 1974 siat
1270 1909 1420 1994 aequalia
1443 1911 1508 1993 ipsi

547 1999 599 2073 lc,
625 2001 823 2063 describatur
844 2003 998 2063 secundus
1027 2000 1200 2084 epicyctae,
1232 2001 1320 2081 citius
1341 2007 1444 2062 motus
1466 2001 1508 2062 sit

546 2092 582 2151 in
604 2091 823 2171 consequentia
854 2089 973 2172 duplus
996 2091 1040 2152 ad
1061 2098 1179 2152 motum
1196 2092 1318 2173 prinsi;
1352 2096 1382 2151 et
1403 2096 1507 2152 motus

545 2180 644 2260 primi
675 2176 809 2260 epicycti
839 2180 874 2241 in
911 2181 1129 2242 antecedentia
1164 2179 1307 2260 aequatis
1336 2180 1378 2241 sit
1406 2178 1507 2240 motui

550 2269 732 2330 cccentrici:
752 2276 988 2349 proptereaque,
1014 2289 1084 2330 cum
1113 2276 1159 2330 est
1180 2293 1194 2347 y
1216 2271 1252 2330 in
1274 2267 1356 2330 linea
1380 2270 1433 2345 αβ,
1466 2269 1509 2329 eit

151 2352 283 2438 planeta
306 2360 341 2422 ia
363 2382 388 2429 e,
406 2358 556 2442 proaimo
573 2365 691 2438 pando
714 2359 779 2438 ipsi
801 2361 828 2432 β.
877 2360 920 2418 Ar
943 2378 1013 2421 cunr
1036 2361 1101 2433 llud
1122 2365 1235 2430 rectae,
1254 2357 1386 2440 planeta
1408 2359 1451 2419 sit
1473 2360 1518 2418 ἐπ’

65 2508 68 2515 ,
156 2454 310 2527 apameo
341 2448 547 2511 remotissimo
571 2467 593 2506 a
616 2453 650 2519 ὃ,
684 2454 787 2508 centro
818 2448 950 2530 majores
982 2445 1122 2529 epicycli.
1169 2446 1210 2507 Et
1239 2447 1315 2507 banc
1348 2446 1506 2525 Coperuici

37 2547 40 2561 ¹
154 2534 369 2612 particularem
394 2535 572 2619 hypothesin
598 2535 699 2615 Tycho
723 2535 823 2595 Bralre
847 2536 875 2595 in
900 2536 1129 2613 particularibus
1154 2535 1293 2614 religiose
1318 2536 1461 2615 sequitur.
1543 2562 1546 2569 ¹

189 2664 192 2669 ·
246 2624 332 2687 Haec
355 2624 531 2709 hypothesis
554 2623 677 2706 physice
701 2623 901 2697 considerata,
926 2625 951 2684 si
967 2624 1080 2685 solidos
1104 2624 1191 2685 orbes
1216 2626 1372 2698 concedas,
1386 2633 1507 2686 'utcun-

96 2770 101 2780 .
158 2729 215 2792 qus
237 2713 357 2793 quidem
380 2717 491 2779 habet:
517 2713 563 2774 sin
578 2713 669 2774 tollas
694 2713 780 2774 orbes
801 2713 923 2785 solidos,
948 2714 1026 2793 quod
1040 2714 1177 2775 Braheus
1200 2715 1306 2775 merito
1322 2715 1405 2788 facit,
1431 2733 1507 2793 pene

59 2856 64 2871 ‚
126 2800 341 2880 ,impossibile
365 2804 435 2884 qnid
459 2803 541 2864 dicit.
587 2802 802 2880 Praeterquam
826 2803 913 2874 enim,
938 2803 1015 2881 quod
1040 2813 1101 2864 tres
1125 2810 1240 2862 mentes
1264 2804 1440 2883 agitatrices
1458 2803 1506 2863 uni

34 2874 102 2959 “·.
153 2887 295 2971 planetae
320 2893 474 2973 adJungit,
509 2891 726 2953 confundentur
750 2891 840 2950 etiam
865 2892 978 2951 alterae
1003 2893 1040 2952 ab
1065 2892 1189 2953 alterius
1217 2900 1309 2953 motu'
1324 2901 1355 2953 et
1378 2893 1507 2972 appulsu

31 2980 58 3047 ’ς
156 2981 193 3041 ad
218 3000 325 3061 corpus
348 2982 379 3044 in
403 3000 443 3057 ας
467 3001 535 3042 nam
560 2991 593 3041 ut
617 2980 768 3059 quaelibet
792 2980 828 3039 ad
854 2999 937 3040 snum
962 2989 1095 3042 centrum
1126 2981 1220 3053 (nullo
1250 3000 1374 3060 corpore
1403 2982 1507 3043 deter-

157 3069 301 3132 minatum
336 3079 366 3132 et
395 3080 555 3151 praeterea
583 3069 673 3128 etiam
706 3068 829 3141 mobile)
862 3069 1019 3147 respiciat,
1053 3071 1082 3130 id
1107 3090 1142 3130 ne
1173 3069 1355 3148 cogitatione
1389 3071 1508 3151 quidem

11 3178 17 3192 ·
104 3228 109 3237 ¹
156 3160 378 3240 repraesentari
402 3166 513 3240 potest
560 3159 722 3219 Praeterea
751 3159 818 3218 dum
844 3155 1026 3237 Copernicus
1051 3160 1254 3220 Ptolemaeum
1288 3160 1506 3240 aequabilitate

55 3235 56 3238 “
105 3318 110 3333 ¹
154 3256 288 3311 motuum
311 3268 451 3329 superare
479 3247 593 3321 nititur,
621 3247 710 3307 abeo
734 3247 866 3307 vicissim
889 3248 1073 3325 perfectione
1097 3249 1212 3336 itineris
1224 3248 1385 3328 planetarii
1398 3269 1506 3328 super·

33 3348 68 3409 ,'‘
156 3342 233 3399 atur.
286 3337 461 3402 Ptolemaeo
495 3335 572 3413 enim
600 3337 723 3416 planeta
746 3336 912 3415 perfectum
934 3338 1074 3398 circulum
1102 3356 1225 3418 corpore
1250 3357 1303 3399 suo
1326 3357 1380 3417 per
1404 3359 1508 3401 auram

156 3424 331 3489 aetheream
353 3426 504 3506 designat.
558 3422 742 3505 Capernicus
772 3443 842 3486 vero
875 3424 925 3487 lib.
951 3427 990 3487 V.
1022 3446 1087 3505 cap.
1111 3422 1142 3487 t.
1174 3429 1303 3500 fatetur,
1338 3427 1395 3488 sibi
1430 3430 1509 3489 riam

47 3520 63 3567 ’ἑ
155 3514 298 3594 planetae
312 3535 370 3579 non
392 3536 460 3578 esse
482 3516 670 3587 circularem,
695 3514 748 3575 sed
772 3533 928 3576 excurrere
942 3516 982 3575 ad
998 3510 1167 3588 latera²⁵lz
1193 3516 1270 3596 quod
1284 3516 1313 3576 in
1335 3517 1392 3577 hac
1414 3518 1510 3597 figura

156 3603 246 3667 facile
269 3605 499 3668 demonstratur.

244 3692 325 3757 Nam
356 3693 382 3758 si
405 3712 480 3757 exe
514 3694 579 3755 loco
610 3693 749 3772 planetae
783 3693 811 3754 in
841 3686 974 3772 apogaeu
1008 3693 1196 3755 intervallum
1226 3694 1271 3769 αβ
1302 3694 1384 3755 orbis
1416 3695 1510 3757 semi·

156 3782 297 3845 diametri
319 3783 465 3847 extendes
488 3783 516 3844 in
540 3787 574 3856 s,
600 3791 691 3843 etex
717 3787 742 3843 o
766 3782 822 3861 ipsi
846 3787 892 3842 ud
923 3783 1099 3860 parallelum
1131 3801 1205 3861 agas
1228 3787 1289 3857 θκ,
1322 3783 1451 3846 circulus
1474 3808 1510 3846 aa

158 3891 198 3935 ex
219 3878 245 3935 e
269 3871 437 3954 descriptus
469 3871 611 3933 transibit
643 3871 760 3950 quidem
793 3891 846 3950 per
869 3894 882 3931 a
907 3882 938 3931 et
970 3872 1034 3951 ejus
1066 3872 1162 3932 locum
1187 3873 1356 3952 oppositum
1380 3873 1410 3934 in
1427 3876 1509 3954 peri-

158 3980 259 4044 gaeo:
290 3970 324 4024 at
353 3981 427 4041 cnm
443 3968 550 4040 tangat
573 3969 687 4022 rectam
711 3966 751 4036 δη
778 3961 806 4021 in
831 3961 895 4020 solo
917 3985 934 4021 a
958 3970 989 4021 et
1012 3961 1135 4041 planeta
1159 3969 1295 4021 transeat
1318 3980 1372 4042 per
1394 3984 1427 4040 η,
1451 3983 1508 4025 non

27 4078 30 4085 ·
113 4096 116 4103 ·
158 4059 263 4114 manet
287 4070 359 4131 ergo
383 4052 413 4113 in
429 4051 538 4112 circulo
563 4073 607 4124 en,
632 4049 684 4111 sed
702 4049 778 4111 hanc
797 4049 933 4110 semitam
959 4050 1120 4129 egreditur.
1156 4050 1243 4111 Hanc
1258 4050 1509 4121 exorbitationem

157 4140 275 4205 itineris
299 4140 460 4221 planetarii
484 4161 503 4201 a
525 4139 708 4220 perfectione
732 4139 835 4200 circuli
855 4139 1046 4202 Ptolemaeus
1067 4137 1231 4218 Copernico
1251 4140 1318 4218 jure
1343 4140 1505 4221 objecerit:

159 4249 215 4311 ego
239 4249 298 4293 non
324 4229 443 4309 objicio.
491 4230 568 4290 Nam
593 4228 670 4288 infra
698 4228 950 4289 demonstrabitur
973 4237 1059 4308 parte
1084 4236 1206 4310 quarta,
1234 4227 1368 4309 physicis
1392 4230 1508 4293 duabus

158 4319 323 4381 virtutibus
346 4327 500 4397 potestate
524 4317 708 4396 simplicibus
733 4318 770 4376 ad
795 4318 970 4378 movendum
1000 4319 1153 4398 planetam
1184 4319 1430 4387 concurrentibus
1453 4340 1507 4387 no,-

159 4409 292 4470 cessario
317 4408 413 4483 effici,
448 4416 479 4467 ut
509 4407 632 4484 planeta
660 4426 678 4466 a
710 4405 821 4467 circulo
853 4425 1011 4487 parumper
1041 4409 1201 4482 deflectat,
1235 4425 1293 4471 non
1323 4410 1508 4472 excurrendo

162 4497 298 4578 quidem,
331 4507 365 4558 ut
387 4497 416 4558 in
441 4495 498 4556 hac
528 4493 686 4574 hypothesi
711 4492 937 4574 Capernicana,
970 4496 1023 4558 sed
1057 4496 1237 4558 contrariam
1265 4496 1295 4557 in
1323 4497 1447 4581 plagam
1471 4499 1509 4561 ad

161 4596 296 4651 centrum
320 4605 361 4648 sc.
387 4583 592 4664 ingrediendo.

250 4674 366 4747 Quodsi
394 4674 514 4752 insuper
538 4669 722 4752 Copemicus
756 4671 847 4733 etiam
875 4671 958 4733 illam
983 4693 1066 4735 suam
1099 4672 1271 4735 libertatem
1306 4676 1511 4740 constituendi

160 4766 369 4846 proportiones
401 4762 597 4843 epicyclorum
636 4759 783 4834 retineat,
816 4761 878 4821 fieri
914 4772 1016 4839 potest
1047 4770 1080 4822 ut
1117 4771 1253 4825 tortuosa
1289 4764 1514 4843 planetaria

162 4856 288 4930 evadat,
321 4852 410 4915 altior
433 4860 504 4913 aute
528 4856 650 4931 etpost
680 4866 862 4931 apogaeum,
897 4869 985 4931 quam
1014 4852 1043 4913 in
1074 4851 1138 4931 ipso
1162 4868 1296 4934 apogaeo
1339 4854 1514 4938 depressior
