<?xml version="1.0" encoding="UTF-8"?>
<!DOCTYPE html PUBLIC "-//W3C//DTD XHTML 1.0 Transitional//EN"
    "http://www.w3.org/TR/xhtml1/DTD/xhtml1-transitional.dtd">
<html xmlns="http://www.w3.org/1999/xhtml" xml:lang="en" lang="en">
 <head>
  <title>
</title>
<meta http-equiv="Content-Type" content="text/html;charset=utf-8" />
  <meta name='ocr-system' content='tesseract 3.04.00' />
  <meta name='ocr-capabilities' content='ocr_page ocr_carea ocr_par ocr_line ocrx_word'/>
</head>
<body>
  <div class='ocr_page' id='page_1' title='image "./joanniskepleria14frisgoog_0328.png"; bbox 0 0 3354 5504; ppageno 0'>
   <div class='ocr_carea' id='block_1_1' title="bbox 276 262 1145 374">
    <p class='ocr_par' dir='ltr' id='par_1_1' title="bbox 276 262 1145 374">
     <span class='ocr_line' id='line_1_1' title="bbox 276 262 1145 374; baseline -0.008 -6"><span class='ocrx_word' id='word_1_1' title='bbox 276 304 340 374; x_wconf 78' lang='grc'>324</span> <span class='ocrx_word' id='word_1_2' title='bbox 393 262 398 271; x_wconf 25' lang='grc'>1</span> <span class='ocrx_word' id='word_1_3' title='bbox 613 280 615 284; x_wconf 24' lang='lat'><strong>¹</strong></span> <span class='ocrx_word' id='word_1_4' title='bbox 757 310 798 361; x_wconf 81' lang='lat' dir='ltr'>Da</span> <span class='ocrx_word' id='word_1_5' title='bbox 815 309 927 362; x_wconf 72' lang='lat' dir='ltr'>Motibus</span> <span class='ocrx_word' id='word_1_6' title='bbox 946 307 1039 362; x_wconf 80' lang='lat' dir='ltr'>Stellas</span> <span class='ocrx_word' id='word_1_7' title='bbox 1056 306 1145 361; x_wconf 67' lang='lat' dir='ltr'>ursum</span> 
     </span>
    </p>
   </div>
   <div class='ocr_carea' id='block_1_2' title="bbox 223 470 1632 1638">
    <p class='ocr_par' dir='ltr' id='par_1_2' title="bbox 223 470 1631 1101">
     <span class='ocr_line' id='line_1_2' title="bbox 277 470 1627 564; baseline 0.001 -14"><span class='ocrx_word' id='word_1_8' title='bbox 277 490 280 495; x_wconf 78' lang='grc'>’</span> <span class='ocrx_word' id='word_1_9' title='bbox 363 489 457 550; x_wconf 88' lang='lat' dir='ltr'>Porro</span> <span class='ocrx_word' id='word_1_10' title='bbox 482 487 586 548; x_wconf 90' lang='lat' dir='ltr'>eadem</span> <span class='ocrx_word' id='word_1_11' title='bbox 611 486 727 550; x_wconf 90' lang='lat' dir='ltr'>ratione</span> <span class='ocrx_word' id='word_1_12' title='bbox 743 484 973 564; x_wconf 86' lang='lat' dir='ltr'>demonstratur,</span> <span class='ocrx_word' id='word_1_13' title='bbox 994 489 1085 551; x_wconf 87' lang='lat' dir='ltr'>etiarn</span> <span class='ocrx_word' id='word_1_14' title='bbox 1101 490 1149 562; x_wconf 92' lang='lat' dir='ltr'>(ut</span> <span class='ocrx_word' id='word_1_15' title='bbox 1171 487 1228 551; x_wconf 91' lang='grc'>666</span> <span class='ocrx_word' id='word_1_16' title='bbox 1251 488 1349 553; x_wconf 89' lang='lat' dir='ltr'>obiter</span> <span class='ocrx_word' id='word_1_17' title='bbox 1371 489 1498 564; x_wconf 86' lang='lat' dir='ltr'>addam)</span> <span class='ocrx_word' id='word_1_18' title='bbox 1511 470 1627 552; x_wconf 73' lang='grc'>(66666-</span> 
     </span>
     <span class='ocr_line' id='line_1_3' title="bbox 274 571 1629 661; baseline 0.001 -22"><span class='ocrx_word' id='word_1_19' title='bbox 274 575 335 639; x_wconf 89' lang='grc'>6166</span> <span class='ocrx_word' id='word_1_20' title='bbox 360 576 397 638; x_wconf 89' lang='grc'>66</span> <span class='ocrx_word' id='word_1_21' title='bbox 421 577 461 648; x_wconf 84' lang='grc' dir='ltr'>Α,</span> <span class='ocrx_word' id='word_1_22' title='bbox 486 578 703 656; x_wconf 83' lang='lat' dir='ltr'>respondentes</span> <span class='ocrx_word' id='word_1_23' title='bbox 726 578 861 640; x_wconf 91' lang='lat' dir='ltr'>omnibns</span> <span class='ocrx_word' id='word_1_24' title='bbox 886 575 951 642; x_wconf 87' lang='grc'>360</span> <span class='ocrx_word' id='word_1_25' title='bbox 974 578 1118 658; x_wconf 79' lang='lat' dir='ltr'><strong>gradibus</strong></span> <span class='ocrx_word' id='word_1_26' title='bbox 1148 577 1273 657; x_wconf 83' lang='lat' dir='ltr'>integris</span> <span class='ocrx_word' id='word_1_27' title='bbox 1297 579 1399 658; x_wconf 90' lang='lat' dir='ltr'>anguli</span> <span class='ocrx_word' id='word_1_28' title='bbox 1422 571 1462 640; x_wconf 80' lang='lat' dir='ltr'>ad</span> <span class='ocrx_word' id='word_1_29' title='bbox 1484 578 1517 640; x_wconf 87' lang='lat' dir='ltr'>A</span> <span class='ocrx_word' id='word_1_30' title='bbox 1538 579 1629 661; x_wconf 78' lang='lat' dir='ltr'>(quas</span> 
     </span>
     <span class='ocr_line' id='line_1_4' title="bbox 276 665 1628 744; baseline 0.002 -16"><span class='ocrx_word' id='word_1_31' title='bbox 276 666 398 728; x_wconf 88' lang='lat' dir='ltr'>suntin</span> <span class='ocrx_word' id='word_1_32' title='bbox 431 666 576 744; x_wconf 80' lang='lat' dir='ltr'>superiori</span> <span class='ocrx_word' id='word_1_33' title='bbox 601 665 710 744; x_wconf 86' lang='lat' dir='ltr'>capitis</span> <span class='ocrx_word' id='word_1_34' title='bbox 733 667 840 730; x_wconf 91' lang='lat' dir='ltr'>XXX.</span> <span class='ocrx_word' id='word_1_35' title='bbox 864 668 1002 740; x_wconf 88' lang='lat' dir='ltr'>tabula),</span> <span class='ocrx_word' id='word_1_36' title='bbox 1035 668 1178 729; x_wconf 90' lang='lat' dir='ltr'>collectas</span> <span class='ocrx_word' id='word_1_37' title='bbox 1207 668 1238 729; x_wconf 94' lang='lat' dir='ltr'>in</span> <span class='ocrx_word' id='word_1_38' title='bbox 1266 686 1355 729; x_wconf 90' lang='lat' dir='ltr'>unam</span> <span class='ocrx_word' id='word_1_39' title='bbox 1385 686 1533 730; x_wconf 85' lang='lat' dir='ltr'>summam</span> <span class='ocrx_word' id='word_1_40' title='bbox 1563 684 1628 730; x_wconf 81' lang='lat' dir='ltr'>esse</span> 
     </span>
     <span class='ocr_line' id='line_1_5' title="bbox 275 752 1628 838; baseline 0.001 -20"><span class='ocrx_word' id='word_1_41' title='bbox 275 754 406 818; x_wconf 90' lang='lat' dir='ltr'>minores</span> <span class='ocrx_word' id='word_1_42' title='bbox 430 774 518 835; x_wconf 86' lang='lat' dir='ltr'>qnam</span> <span class='ocrx_word' id='word_1_43' title='bbox 543 752 728 818; x_wconf 85' lang='lat'>36000000.</span> <span class='ocrx_word' id='word_1_44' title='bbox 769 756 951 831; x_wconf 80' lang='lat' dir='ltr'>Trajioiatur</span> <span class='ocrx_word' id='word_1_45' title='bbox 975 757 1052 817; x_wconf 90' lang='lat' dir='ltr'>enim</span> <span class='ocrx_word' id='word_1_46' title='bbox 1076 775 1130 835; x_wconf 91' lang='lat' dir='ltr'>per</span> <span class='ocrx_word' id='word_1_47' title='bbox 1152 758 1182 818; x_wconf 88' lang='lat' dir='ltr'>A</span> <span class='ocrx_word' id='word_1_48' title='bbox 1205 765 1347 837; x_wconf 89' lang='lat' dir='ltr'>punctum</span> <span class='ocrx_word' id='word_1_49' title='bbox 1371 764 1455 818; x_wconf 84' lang='lat' dir='ltr'>recta</span> <span class='ocrx_word' id='word_1_50' title='bbox 1478 774 1628 838; x_wconf 82' lang='lat' dir='ltr'>quaecun-</span> 
     </span>
     <span class='ocr_line' id='line_1_6' title="bbox 276 842 1630 926; baseline 0.003 -23"><span class='ocrx_word' id='word_1_51' title='bbox 276 863 342 926; x_wconf 88' lang='lat' dir='ltr'>que,</span> <span class='ocrx_word' id='word_1_52' title='bbox 367 852 487 922; x_wconf 91' lang='lat' dir='ltr'>praeter</span> <span class='ocrx_word' id='word_1_53' title='bbox 511 842 587 918; x_wconf 83' lang='lat' dir='ltr'>DC,</span> <span class='ocrx_word' id='word_1_54' title='bbox 615 863 690 923; x_wconf 92' lang='lat' dir='ltr'>quae</span> <span class='ocrx_word' id='word_1_55' title='bbox 714 845 755 905; x_wconf 90' lang='lat' dir='ltr'>sit</span> <span class='ocrx_word' id='word_1_56' title='bbox 777 845 855 920; x_wconf 90' lang='lat' dir='ltr'>EV,</span> <span class='ocrx_word' id='word_1_57' title='bbox 888 849 919 905; x_wconf 88' lang='lat' dir='ltr'>et</span> <span class='ocrx_word' id='word_1_58' title='bbox 942 851 1157 907; x_wconf 91' lang='lat' dir='ltr'>connectantur</span> <span class='ocrx_word' id='word_1_59' title='bbox 1180 847 1221 920; x_wconf 89' lang='lat' dir='ltr'>E,</span> <span class='ocrx_word' id='word_1_60' title='bbox 1246 846 1276 906; x_wconf 96' lang='lat' dir='ltr'>V</span> <span class='ocrx_word' id='word_1_61' title='bbox 1299 862 1366 907; x_wconf 91' lang='lat' dir='ltr'>cnm</span> <span class='ocrx_word' id='word_1_62' title='bbox 1388 847 1424 907; x_wconf 93' lang='grc' dir='ltr'>Β.</span> <span class='ocrx_word' id='word_1_63' title='bbox 1470 846 1571 909; x_wconf 85' lang='lat' dir='ltr'>Erunt</span> <span class='ocrx_word' id='word_1_64' title='bbox 1601 844 1630 907; x_wconf 90' lang='grc'>16</span> 
     </span>
     <span class='ocr_line' id='line_1_7' title="bbox 223 933 1630 1016; baseline -0.001 -21"><span class='ocrx_word' id='word_1_65' title='bbox 223 1008 225 1013; x_wconf 68' lang='lat'>,</span> <span class='ocrx_word' id='word_1_66' title='bbox 276 933 427 1013; x_wconf 86' lang='lat' dir='ltr'>triangulo</span> <span class='ocrx_word' id='word_1_67' title='bbox 450 933 546 993; x_wconf 91' lang='lat' dir='ltr'>EBV</span> <span class='ocrx_word' id='word_1_68' title='bbox 579 940 680 993; x_wconf 88' lang='lat' dir='ltr'>rectae</span> <span class='ocrx_word' id='word_1_69' title='bbox 712 935 783 1007; x_wconf 91' lang='grc' dir='ltr'>ΕΒ,</span> <span class='ocrx_word' id='word_1_70' title='bbox 816 935 879 996; x_wconf 90' lang='lat' dir='ltr'>BV</span> <span class='ocrx_word' id='word_1_71' title='bbox 908 934 1033 1013; x_wconf 90' lang='lat' dir='ltr'>junctae</span> <span class='ocrx_word' id='word_1_72' title='bbox 1069 934 1219 1013; x_wconf 84' lang='lat' dir='ltr'>longiores</span> <span class='ocrx_word' id='word_1_73' title='bbox 1253 953 1341 1016; x_wconf 91' lang='lat' dir='ltr'>quam</span> <span class='ocrx_word' id='word_1_74' title='bbox 1365 933 1439 1010; x_wconf 85' lang='lat' dir='ltr'>EA,</span> <span class='ocrx_word' id='word_1_75' title='bbox 1465 934 1533 996; x_wconf 89' lang='lat' dir='ltr'>AV</span> <span class='ocrx_word' id='word_1_76' title='bbox 1556 934 1630 996; x_wconf 84' lang='lat' dir='ltr'>duae</span> 
     </span>
     <span class='ocr_line' id='line_1_8' title="bbox 278 1018 1631 1101; baseline 0.003 -18"><span class='ocrx_word' id='word_1_77' title='bbox 278 1022 442 1083; x_wconf 83' lang='lat' dir='ltr'>distantiae</span> <span class='ocrx_word' id='word_1_78' title='bbox 462 1021 629 1101; x_wconf 90' lang='lat' dir='ltr'>oppositae.</span> <span class='ocrx_word' id='word_1_79' title='bbox 669 1021 730 1083; x_wconf 86' lang='lat' dir='ltr'>Sed</span> <span class='ocrx_word' id='word_1_80' title='bbox 753 1022 821 1096; x_wconf 88' lang='grc' dir='ltr'>ΕΒ,</span> <span class='ocrx_word' id='word_1_81' title='bbox 846 1023 909 1085; x_wconf 93' lang='lat' dir='ltr'>BV</span> <span class='ocrx_word' id='word_1_82' title='bbox 933 1042 1034 1084; x_wconf 92' lang='lat' dir='ltr'>omnes</span> <span class='ocrx_word' id='word_1_83' title='bbox 1050 1019 1115 1086; x_wconf 88' lang='lat'>360</span> <span class='ocrx_word' id='word_1_84' title='bbox 1130 1024 1276 1085; x_wconf 81' lang='lat' dir='ltr'>collectae</span> <span class='ocrx_word' id='word_1_85' title='bbox 1300 1024 1415 1085; x_wconf 82' lang='lat' dir='ltr'>faciunt</span> <span class='ocrx_word' id='word_1_86' title='bbox 1443 1018 1631 1099; x_wconf 79' lang='grc'>66000000,</span> 
     </span>
    </p>

    <p class='ocr_par' dir='ltr' id='par_1_3' title="bbox 243 1107 1632 1638">
     <span class='ocr_line' id='line_1_9' title="bbox 243 1107 1555 1192; baseline 0.003 -20"><span class='ocrx_word' id='word_1_87' title='bbox 243 1142 246 1150; x_wconf 76' lang='lat'>=</span> <span class='ocrx_word' id='word_1_88' title='bbox 278 1131 349 1191; x_wconf 92' lang='lat' dir='ltr'>ergo</span> <span class='ocrx_word' id='word_1_89' title='bbox 373 1111 445 1185; x_wconf 87' lang='lat' dir='ltr'>EA,</span> <span class='ocrx_word' id='word_1_90' title='bbox 469 1111 538 1172; x_wconf 85' lang='lat' dir='ltr'>AV</span> <span class='ocrx_word' id='word_1_91' title='bbox 561 1129 664 1189; x_wconf 78' lang='grc'>66666</span> <span class='ocrx_word' id='word_1_92' title='bbox 687 1107 753 1175; x_wconf 86' lang='grc'>360</span> <span class='ocrx_word' id='word_1_93' title='bbox 776 1113 922 1173; x_wconf 84' lang='lat' dir='ltr'>collectae</span> <span class='ocrx_word' id='word_1_94' title='bbox 948 1113 1061 1174; x_wconf 83' lang='lat' dir='ltr'>facient</span> <span class='ocrx_word' id='word_1_95' title='bbox 1082 1112 1179 1174; x_wconf 86' lang='lat' dir='ltr'>miuus</span> <span class='ocrx_word' id='word_1_96' title='bbox 1203 1132 1291 1192; x_wconf 91' lang='lat' dir='ltr'>quam</span> <span class='ocrx_word' id='word_1_97' title='bbox 1315 1108 1555 1176; x_wconf 88' lang='grc'>36000000</span> <span class='ocrx_word' id='word_1_98' title='bbox 1545 1144 1548 1149; x_wconf 95' lang='grc'><strong><em>·</em></strong></span> 
     </span>
     <span class='ocr_line' id='line_1_10' title="bbox 366 1199 1632 1281; baseline 0.001 -19"><span class='ocrx_word' id='word_1_99' title='bbox 366 1200 523 1280; x_wconf 87' lang='lat' dir='ltr'>Utrgitur</span> <span class='ocrx_word' id='word_1_100' title='bbox 545 1208 697 1278; x_wconf 86' lang='lat' dir='ltr'>repetam,</span> <span class='ocrx_word' id='word_1_101' title='bbox 731 1201 890 1281; x_wconf 88' lang='lat' dir='ltr'>quaejam</span> <span class='ocrx_word' id='word_1_102' title='bbox 914 1209 985 1263; x_wconf 91' lang='lat' dir='ltr'>sunt</span> <span class='ocrx_word' id='word_1_103' title='bbox 1008 1202 1106 1273; x_wconf 90' lang='lat' dir='ltr'>dicta,</span> <span class='ocrx_word' id='word_1_104' title='bbox 1140 1201 1214 1263; x_wconf 87' lang='grc'>6666</span> <span class='ocrx_word' id='word_1_105' title='bbox 1238 1202 1447 1281; x_wconf 86' lang='lat' dir='ltr'>aequationem</span> <span class='ocrx_word' id='word_1_106' title='bbox 1475 1199 1632 1263; x_wconf 87' lang='lat' dir='ltr'>metbodus</span> 
     </span>
     <span class='ocr_line' id='line_1_11' title="bbox 278 1282 1629 1391; baseline -0.001 -40"><span class='ocrx_word' id='word_1_107' title='bbox 278 1282 576 1391; x_wconf 83' lang='lat' dir='ltr'>compendiosissima</span> <span class='ocrx_word' id='word_1_108' title='bbox 591 1290 709 1369; x_wconf 91' lang='lat' dir='ltr'>quidem</span> <span class='ocrx_word' id='word_1_109' title='bbox 734 1298 790 1359; x_wconf 88' lang='lat' dir='ltr'>est,</span> <span class='ocrx_word' id='word_1_110' title='bbox 815 1299 846 1350; x_wconf 88' lang='lat' dir='ltr'>et</span> <span class='ocrx_word' id='word_1_111' title='bbox 834 1291 1056 1352; x_wconf 87' lang='grc'>666666611666</span> <span class='ocrx_word' id='word_1_112' title='bbox 1081 1300 1213 1351; x_wconf 88' lang='grc'>666666</span> <span class='ocrx_word' id='word_1_113' title='bbox 1238 1291 1338 1351; x_wconf 90' lang='grc'>666616</span> <span class='ocrx_word' id='word_1_114' title='bbox 1361 1291 1509 1352; x_wconf 86' lang='grc'>66666666</span> <span class='ocrx_word' id='word_1_115' title='bbox 1532 1290 1629 1375; x_wconf 83' lang='lat' dir='ltr'>expli-</span> 
     </span>
     <span class='ocr_line' id='line_1_12' title="bbox 278 1377 1632 1459; baseline 0 -19"><span class='ocrx_word' id='word_1_116' title='bbox 278 1378 354 1440; x_wconf 90' lang='lat' dir='ltr'>catis</span> <span class='ocrx_word' id='word_1_117' title='bbox 378 1378 525 1449; x_wconf 88' lang='lat' dir='ltr'>innititur,</span> <span class='ocrx_word' id='word_1_118' title='bbox 550 1379 603 1438; x_wconf 91' lang='lat' dir='ltr'>sed</span> <span class='ocrx_word' id='word_1_119' title='bbox 625 1379 689 1439; x_wconf 93' lang='lat' dir='ltr'>et</span> <span class='ocrx_word' id='word_1_120' title='bbox 681 1399 709 1439; x_wconf 89' lang='lat' dir='ltr'>ur</span> <span class='ocrx_word' id='word_1_121' title='bbox 735 1380 853 1440; x_wconf 89' lang='lat' dir='ltr'>theoria</span> <span class='ocrx_word' id='word_1_122' title='bbox 877 1378 959 1441; x_wconf 87' lang='lat' dir='ltr'>Solis</span> <span class='ocrx_word' id='word_1_123' title='bbox 983 1379 1031 1439; x_wconf 90' lang='lat' dir='ltr'>vel</span> <span class='ocrx_word' id='word_1_124' title='bbox 1056 1380 1166 1440; x_wconf 84' lang='lat' dir='ltr'>Terrae</span> <span class='ocrx_word' id='word_1_125' title='bbox 1198 1379 1456 1459; x_wconf 88' lang='lat' dir='ltr'>scrupulosissime</span> <span class='ocrx_word' id='word_1_126' title='bbox 1480 1377 1632 1442; x_wconf 78' lang='lat' dir='ltr'>satisfacit</span> 
     </span>
     <span class='ocr_line' id='line_1_13' title="bbox 278 1467 1630 1549; baseline -0.001 -20"><span class='ocrx_word' id='word_1_127' title='bbox 278 1469 460 1542; x_wconf 84' lang='lat' dir='ltr'>observatis,</span> <span class='ocrx_word' id='word_1_128' title='bbox 478 1468 531 1529; x_wconf 90' lang='lat' dir='ltr'>sed</span> <span class='ocrx_word' id='word_1_129' title='bbox 542 1467 661 1528; x_wconf 89' lang='lat' dir='ltr'>tamen</span> <span class='ocrx_word' id='word_1_130' title='bbox 654 1489 682 1528; x_wconf 92' lang='lat' dir='ltr'>ru</span> <span class='ocrx_word' id='word_1_131' title='bbox 695 1469 808 1530; x_wconf 91' lang='lat' dir='ltr'>duobus</span> <span class='ocrx_word' id='word_1_132' title='bbox 819 1476 941 1549; x_wconf 88' lang='lat' dir='ltr'>peccat:</span> <span class='ocrx_word' id='word_1_133' title='bbox 959 1469 1065 1547; x_wconf 89' lang='lat' dir='ltr'>primo,</span> <span class='ocrx_word' id='word_1_134' title='bbox 1079 1469 1251 1548; x_wconf 90' lang='lat' dir='ltr'>qnodponit</span> <span class='ocrx_word' id='word_1_135' title='bbox 1267 1469 1395 1530; x_wconf 90' lang='lat' dir='ltr'>orbitam</span> <span class='ocrx_word' id='word_1_136' title='bbox 1410 1470 1566 1549; x_wconf 75' lang='lat' dir='ltr'>planetae</span> <span class='ocrx_word' id='word_1_137' title='bbox 1567 1486 1630 1529; x_wconf 87' lang='lat' dir='ltr'>esse</span> 
     </span>
     <span class='ocr_line' id='line_1_14' title="bbox 276 1544 1631 1638; baseline 0.001 -21"><span class='ocrx_word' id='word_1_138' title='bbox 276 1558 444 1638; x_wconf 81' lang='lat' dir='ltr'>perfectum</span> <span class='ocrx_word' id='word_1_139' title='bbox 464 1557 614 1629; x_wconf 91' lang='lat' dir='ltr'>circulum,</span> <span class='ocrx_word' id='word_1_140' title='bbox 642 1558 720 1637; x_wconf 90' lang='lat' dir='ltr'>quod</span> <span class='ocrx_word' id='word_1_141' title='bbox 740 1577 841 1619; x_wconf 89' lang='lat' dir='ltr'>verum</span> <span class='ocrx_word' id='word_1_142' title='bbox 865 1577 922 1619; x_wconf 94' lang='lat' dir='ltr'>non</span> <span class='ocrx_word' id='word_1_143' title='bbox 943 1577 1009 1617; x_wconf 89' lang='lat' dir='ltr'>esse</span> <span class='ocrx_word' id='word_1_144' title='bbox 1036 1557 1112 1618; x_wconf 87' lang='grc'>16166</span> <span class='ocrx_word' id='word_1_145' title='bbox 1127 1557 1382 1620; x_wconf 83' lang='lat' dir='ltr'>demonstrabitur</span> <span class='ocrx_word' id='word_1_146' title='bbox 1411 1575 1477 1636; x_wconf 90' lang='lat' dir='ltr'>cap.</span> <span class='ocrx_word' id='word_1_147' title='bbox 1507 1544 1631 1630; x_wconf 83' lang='lat' dir='ltr'>xL&#39;1v;</span> 
     </span>
    </p>
   </div>
   <div class='ocr_carea' id='block_1_3' title="bbox 188 1640 1630 1719">
    <p class='ocr_par' dir='ltr' id='par_1_4' title="bbox 188 1640 1630 1719">
     <span class='ocr_line' id='line_1_15' title="bbox 188 1640 1630 1719; baseline 0 -17"><span class='ocrx_word' id='word_1_148' title='bbox 188 1669 192 1675; x_wconf 95' lang='lat'><em>·</em></span> <span class='ocrx_word' id='word_1_149' title='bbox 274 1645 387 1716; x_wconf 83' lang='lat' dir='ltr'>(Posita</span> <span class='ocrx_word' id='word_1_150' title='bbox 414 1646 538 1718; x_wconf 84' lang='lat' dir='ltr'>elliptica</span> <span class='ocrx_word' id='word_1_151' title='bbox 565 1647 656 1701; x_wconf 89' lang='lat' dir='ltr'>orbita</span> <span class='ocrx_word' id='word_1_152' title='bbox 675 1649 808 1718; x_wconf 88' lang='lat' dir='ltr'>planetae</span> <span class='ocrx_word' id='word_1_153' title='bbox 833 1648 901 1703; x_wconf 90' lang='lat' dir='ltr'>nihil</span> <span class='ocrx_word' id='word_1_154' title='bbox 929 1655 1027 1718; x_wconf 85' lang='lat' dir='ltr'>peccat</span> <span class='ocrx_word' id='word_1_155' title='bbox 1053 1649 1124 1703; x_wconf 86' lang='lat' dir='ltr'>haec</span> <span class='ocrx_word' id='word_1_156' title='bbox 1147 1649 1301 1706; x_wconf 72' lang='lat' dir='ltr'>methodus</span> <span class='ocrx_word' id='word_1_157' title='bbox 1341 1648 1418 1703; x_wconf 86' lang='lat' dir='ltr'>Note</span> <span class='ocrx_word' id='word_1_158' title='bbox 1437 1664 1508 1719; x_wconf 86' lang='lat' dir='ltr'>ergo</span> <span class='ocrx_word' id='word_1_159' title='bbox 1533 1640 1630 1715; x_wconf 83' lang='grc'>111666.)</span> 
     </span>
    </p>
   </div>
   <div class='ocr_carea' id='block_1_4' title="bbox 279 1726 1631 2074">
    <p class='ocr_par' dir='ltr' id='par_1_5' title="bbox 279 1726 1631 1984">
     <span class='ocr_line' id='line_1_16' title="bbox 280 1726 1631 1810; baseline 0 -22"><span class='ocrx_word' id='word_1_160' title='bbox 280 1728 421 1800; x_wconf 85' lang='grc'>6666616,</span> <span class='ocrx_word' id='word_1_161' title='bbox 446 1726 523 1807; x_wconf 92' lang='lat' dir='ltr'>quod</span> <span class='ocrx_word' id='word_1_162' title='bbox 547 1726 636 1805; x_wconf 93' lang='lat' dir='ltr'>plano</span> <span class='ocrx_word' id='word_1_163' title='bbox 656 1728 750 1788; x_wconf 89' lang='lat' dir='ltr'>utitur</span> <span class='ocrx_word' id='word_1_164' title='bbox 773 1744 829 1787; x_wconf 91' lang='lat' dir='ltr'>uon</span> <span class='ocrx_word' id='word_1_165' title='bbox 846 1735 951 1788; x_wconf 83' lang='lat' dir='ltr'>exacte</span> <span class='ocrx_word' id='word_1_166' title='bbox 967 1727 1109 1788; x_wconf 76' lang='lat' dir='ltr'>metiente</span> <span class='ocrx_word' id='word_1_167' title='bbox 1124 1727 1287 1789; x_wconf 87' lang='lat' dir='ltr'>distantias</span> <span class='ocrx_word' id='word_1_168' title='bbox 1311 1726 1439 1790; x_wconf 91' lang='lat' dir='ltr'>omnium</span> <span class='ocrx_word' id='word_1_169' title='bbox 1457 1736 1631 1810; x_wconf 86' lang='lat' dir='ltr'>punctorum</span> 
     </span>
     <span class='ocr_line' id='line_1_17' title="bbox 280 1814 1630 1925; baseline 0.001 -48"><span class='ocrx_word' id='word_1_170' title='bbox 280 1814 409 1877; x_wconf 81' lang='lat' dir='ltr'>aSole:</span> <span class='ocrx_word' id='word_1_171' title='bbox 446 1835 568 1894; x_wconf 88' lang='lat' dir='ltr'>quarum</span> <span class='ocrx_word' id='word_1_172' title='bbox 600 1823 699 1876; x_wconf 89' lang='lat' dir='ltr'>tamen</span> <span class='ocrx_word' id='word_1_173' title='bbox 724 1835 882 1878; x_wconf 87' lang='lat' dir='ltr'>cansarum</span> <span class='ocrx_word' id='word_1_174' title='bbox 915 1816 1012 1878; x_wconf 87' lang='lat' dir='ltr'>altera</span> <span class='ocrx_word' id='word_1_175' title='bbox 1042 1817 1183 1890; x_wconf 87' lang='lat' dir='ltr'>alteram,</span> <span class='ocrx_word' id='word_1_176' title='bbox 1217 1817 1295 1896; x_wconf 91' lang='lat' dir='ltr'>qood</span> <span class='ocrx_word' id='word_1_177' title='bbox 1322 1817 1458 1878; x_wconf 85' lang='lat' dir='ltr'>miraculi</span> <span class='ocrx_word' id='word_1_178' title='bbox 1487 1816 1557 1878; x_wconf 89' lang='lat' dir='ltr'>loco</span> <span class='ocrx_word' id='word_1_179' title='bbox 1583 1816 1630 1925; x_wconf 81' lang='grc'>616,</span> 
     </span>
     <span class='ocr_line' id='line_1_18' title="bbox 279 1864 1248 1984; baseline 0.002 -18"><span class='ocrx_word' id='word_1_180' title='bbox 279 1904 471 1967; x_wconf 84' lang='lat' dir='ltr'>exactissime</span> <span class='ocrx_word' id='word_1_181' title='bbox 494 1904 584 1978; x_wconf 88' lang='grc' dir='ltr'>661Ιί6,</span> <span class='ocrx_word' id='word_1_182' title='bbox 608 1911 641 1965; x_wconf 89' lang='grc'>66</span> <span class='ocrx_word' id='word_1_183' title='bbox 663 1905 743 1966; x_wconf 88' lang='grc'>16166</span> <span class='ocrx_word' id='word_1_184' title='bbox 766 1905 1020 1984; x_wconf 84' lang='lat' dir='ltr'>demonstrabitur</span> <span class='ocrx_word' id='word_1_185' title='bbox 1042 1906 1141 1984; x_wconf 87' lang='lat' dir='ltr'>capito</span> <span class='ocrx_word' id='word_1_186' title='bbox 1164 1864 1248 1968; x_wconf 98' lang='lat' dir='ltr'>LIX</span> 
     </span>
    </p>

    <p class='ocr_par' dir='ltr' id='par_1_6' title="bbox 368 1992 1630 2074">
     <span class='ocr_line' id='line_1_19' title="bbox 368 1992 1630 2074; baseline 0.001 -19"><span class='ocrx_word' id='word_1_187' title='bbox 368 1994 409 2055; x_wconf 90' lang='lat' dir='ltr'>Et</span> <span class='ocrx_word' id='word_1_188' title='bbox 431 1993 501 2074; x_wconf 91' lang='lat' dir='ltr'>quia</span> <span class='ocrx_word' id='word_1_189' title='bbox 523 1993 598 2053; x_wconf 91' lang='lat' dir='ltr'>haec</span> <span class='ocrx_word' id='word_1_190' title='bbox 623 2000 708 2055; x_wconf 90' lang='lat' dir='ltr'>aetas</span> <span class='ocrx_word' id='word_1_191' title='bbox 730 1995 1010 2074; x_wconf 87' lang='lat' dir='ltr'>praestantissimos</span> <span class='ocrx_word' id='word_1_192' title='bbox 1033 1995 1126 2056; x_wconf 88' lang='lat' dir='ltr'>habet</span> <span class='ocrx_word' id='word_1_193' title='bbox 1147 2003 1331 2074; x_wconf 82' lang='lat' dir='ltr'>geometras,</span> <span class='ocrx_word' id='word_1_194' title='bbox 1354 1992 1404 2074; x_wconf 92' lang='lat' dir='ltr'>qui</span> <span class='ocrx_word' id='word_1_195' title='bbox 1426 1992 1610 2056; x_wconf 86' lang='lat' dir='ltr'>interdum</span> <span class='ocrx_word' id='word_1_196' title='bbox 1602 2012 1630 2056; x_wconf 91' lang='lat' dir='ltr'>rn</span> 
     </span>
    </p>
   </div>
   <div class='ocr_carea' id='block_1_5' title="bbox 172 2080 1632 2260">
    <p class='ocr_par' dir='ltr' id='par_1_7' title="bbox 172 2080 1632 2260">
     <span class='ocr_line' id='line_1_20' title="bbox 172 2080 1629 2165; baseline -0.001 -19"><span class='ocrx_word' id='word_1_197' title='bbox 172 2100 175 2107; x_wconf 83' lang='grc'><strong>’</strong></span> <span class='ocrx_word' id='word_1_198' title='bbox 280 2085 368 2146; x_wconf 88' lang='lat' dir='ltr'>rebus</span> <span class='ocrx_word' id='word_1_199' title='bbox 392 2102 451 2143; x_wconf 90' lang='lat' dir='ltr'>non</span> <span class='ocrx_word' id='word_1_200' title='bbox 475 2082 519 2142; x_wconf 87' lang='lat' dir='ltr'>ita</span> <span class='ocrx_word' id='word_1_201' title='bbox 541 2082 694 2144; x_wconf 78' lang='lat' dir='ltr'>manifesti</span> <span class='ocrx_word' id='word_1_202' title='bbox 671 2090 789 2144; x_wconf 88' lang='lat' dir='ltr'>usus</span> <span class='ocrx_word' id='word_1_203' title='bbox 803 2084 955 2145; x_wconf 89' lang='lat' dir='ltr'>desudant</span> <span class='ocrx_word' id='word_1_204' title='bbox 977 2083 1155 2158; x_wconf 76' lang='lat' dir='ltr'>diutissime,</span> <span class='ocrx_word' id='word_1_205' title='bbox 1181 2085 1299 2164; x_wconf 88' lang='lat' dir='ltr'>appello</span> <span class='ocrx_word' id='word_1_206' title='bbox 1320 2102 1422 2145; x_wconf 87' lang='lat' dir='ltr'>omnes</span> <span class='ocrx_word' id='word_1_207' title='bbox 1439 2090 1472 2144; x_wconf 88' lang='lat' dir='ltr'>et</span> <span class='ocrx_word' id='word_1_208' title='bbox 1485 2080 1629 2165; x_wconf 74' lang='lat' dir='ltr'>angulos</span> 
     </span>
     <span class='ocr_line' id='line_1_21' title="bbox 179 2170 1632 2260; baseline -0.001 -25"><span class='ocrx_word' id='word_1_209' title='bbox 179 2245 184 2260; x_wconf 89' lang='lat'>.</span> <span class='ocrx_word' id='word_1_210' title='bbox 280 2181 314 2235; x_wconf 90' lang='lat' dir='ltr'>ut</span> <span class='ocrx_word' id='word_1_211' title='bbox 336 2172 385 2234; x_wconf 91' lang='grc'>616</span> <span class='ocrx_word' id='word_1_212' title='bbox 410 2189 456 2232; x_wconf 89' lang='grc'>66</span> <span class='ocrx_word' id='word_1_213' title='bbox 483 2170 592 2250; x_wconf 88' lang='lat' dir='ltr'>juvent</span> <span class='ocrx_word' id='word_1_214' title='bbox 614 2171 643 2232; x_wconf 90' lang='lat' dir='ltr'>in</span> <span class='ocrx_word' id='word_1_215' title='bbox 672 2173 760 2251; x_wconf 92' lang='lat' dir='ltr'>plano</span> <span class='ocrx_word' id='word_1_216' title='bbox 795 2173 894 2253; x_wconf 89' lang='lat' dir='ltr'>aliquo</span> <span class='ocrx_word' id='word_1_217' title='bbox 925 2173 1117 2253; x_wconf 88' lang='lat' dir='ltr'>inquirendo,</span> <span class='ocrx_word' id='word_1_218' title='bbox 1149 2174 1228 2253; x_wconf 88' lang='lat' dir='ltr'>qnod</span> <span class='ocrx_word' id='word_1_219' title='bbox 1261 2172 1465 2254; x_wconf 87' lang='lat' dir='ltr'>aequipolleat</span> <span class='ocrx_word' id='word_1_220' title='bbox 1495 2171 1632 2234; x_wconf 82' lang='lat' dir='ltr'>collectis</span> 
     </span>
    </p>
   </div>
   <div class='ocr_carea' id='block_1_6' title="bbox 230 2259 1671 4752">
    <p class='ocr_par' dir='ltr' id='par_1_8' title="bbox 230 2259 1632 3235">
     <span class='ocr_line' id='line_1_22' title="bbox 269 2259 1628 2342; baseline -0.002 -17"><span class='ocrx_word' id='word_1_221' title='bbox 269 2262 431 2325; x_wconf 88' lang='lat' dir='ltr'>&#39;universis</span> <span class='ocrx_word' id='word_1_222' title='bbox 455 2260 617 2321; x_wconf 88' lang='grc'>(1166666116.</span> <span class='ocrx_word' id='word_1_223' title='bbox 657 2260 812 2322; x_wconf 89' lang='lat' dir='ltr'>Geomet&#39;</span> <span class='ocrx_word' id='word_1_224' title='bbox 775 2269 849 2323; x_wconf 89' lang='lat' dir='ltr'>trrce</span> <span class='ocrx_word' id='word_1_225' title='bbox 874 2261 992 2342; x_wconf 92' lang='lat' dir='ltr'>quidem</span> <span class='ocrx_word' id='word_1_226' title='bbox 1016 2263 1092 2334; x_wconf 90' lang='lat' dir='ltr'>(late</span> <span class='ocrx_word' id='word_1_227' title='bbox 1117 2269 1242 2342; x_wconf 86' lang='lat' dir='ltr'>accepta</span> <span class='ocrx_word' id='word_1_228' title='bbox 1264 2266 1353 2336; x_wconf 86' lang='lat' dir='ltr'>voce)</span> <span class='ocrx_word' id='word_1_229' title='bbox 1375 2261 1434 2322; x_wconf 93' lang='lat' dir='ltr'>id</span> <span class='ocrx_word' id='word_1_230' title='bbox 1425 2278 1491 2341; x_wconf 71' lang='lat' dir='ltr'>lpse</span> <span class='ocrx_word' id='word_1_231' title='bbox 1516 2259 1628 2341; x_wconf 72' lang='lat' dir='ltr'>inueni:</span> 
     </span>
     <span class='ocr_line' id='line_1_23' title="bbox 283 2341 1632 2431; baseline -0.002 -17"><span class='ocrx_word' id='word_1_232' title='bbox 283 2341 335 2414; x_wconf 85' lang='lat' dir='ltr'>sed</span> <span class='ocrx_word' id='word_1_233' title='bbox 368 2352 496 2412; x_wconf 89' lang='lat' dir='ltr'>doceant</span> <span class='ocrx_word' id='word_1_234' title='bbox 527 2369 574 2411; x_wconf 91' lang='lat' dir='ltr'>me</span> <span class='ocrx_word' id='word_1_235' title='bbox 608 2369 780 2423; x_wconf 90' lang='lat' dir='ltr'>numerare,</span> <span class='ocrx_word' id='word_1_236' title='bbox 814 2352 892 2431; x_wconf 93' lang='lat' dir='ltr'>qnod</span> <span class='ocrx_word' id='word_1_237' title='bbox 916 2369 971 2429; x_wconf 88' lang='lat' dir='ltr'>ego</span> <span class='ocrx_word' id='word_1_238' title='bbox 1003 2350 1183 2429; x_wconf 89' lang='lat' dir='ltr'>geometrice</span> <span class='ocrx_word' id='word_1_239' title='bbox 1216 2350 1386 2426; x_wconf 80' lang='lat' dir='ltr'>delineavi3</span> <span class='ocrx_word' id='word_1_240' title='bbox 1417 2350 1477 2412; x_wconf 88' lang='grc'>166</span> <span class='ocrx_word' id='word_1_241' title='bbox 1505 2349 1632 2413; x_wconf 77' lang='lat' dir='ltr'>doceant</span> 
     </span>
     <span class='ocr_line' id='line_1_24' title="bbox 230 2437 1629 2527; baseline -0.005 -23"><span class='ocrx_word' id='word_1_242' title='bbox 230 2448 234 2462; x_wconf 86' lang='lat'>&#39;</span> <span class='ocrx_word' id='word_1_243' title='bbox 283 2443 408 2527; x_wconf 83' lang='lat' dir='ltr'>figuram</span> <span class='ocrx_word' id='word_1_244' title='bbox 424 2441 577 2501; x_wconf 86' lang='lat' dir='ltr'>inventam</span> <span class='ocrx_word' id='word_1_245' title='bbox 594 2441 752 2518; x_wconf 89' lang='lat' dir='ltr'>quadrare</span> <span class='ocrx_word' id='word_1_246' title='bbox 786 2439 927 2520; x_wconf 85' lang='lat' dir='ltr'>Explicet</span> <span class='ocrx_word' id='word_1_247' title='bbox 928 2460 963 2500; x_wconf 93' lang='lat' dir='ltr'>ur</span> <span class='ocrx_word' id='word_1_248' title='bbox 978 2440 1068 2519; x_wconf 92' lang='lat' dir='ltr'>igitur</span> <span class='ocrx_word' id='word_1_249' title='bbox 1082 2441 1269 2501; x_wconf 90' lang='lat' dir='ltr'>semicircnm</span> <span class='ocrx_word' id='word_1_250' title='bbox 1272 2441 1399 2503; x_wconf 86' lang='lat' dir='ltr'>ferentia</span> <span class='ocrx_word' id='word_1_251' title='bbox 1415 2437 1629 2514; x_wconf 62' lang='grc'>0111066666)</span> 
     </span>
     <span class='ocr_line' id='line_1_25' title="bbox 417 2528 1629 2611; baseline 0.002 -22"><span class='ocrx_word' id='word_1_252' title='bbox 417 2591 422 2601; x_wconf 69' lang='grc'>,</span> <span class='ocrx_word' id='word_1_253' title='bbox 627 2530 655 2590; x_wconf 90' lang='grc'>16</span> <span class='ocrx_word' id='word_1_254' title='bbox 672 2529 781 2590; x_wconf 87' lang='grc'>116666</span> <span class='ocrx_word' id='word_1_255' title='bbox 794 2535 859 2589; x_wconf 84' lang='grc'>6666</span> <span class='ocrx_word' id='word_1_256' title='bbox 861 2548 917 2600; x_wconf 81' lang='lat' dir='ltr'>am,</span> <span class='ocrx_word' id='word_1_257' title='bbox 936 2536 968 2589; x_wconf 89' lang='grc'>66</span> <span class='ocrx_word' id='word_1_258' title='bbox 982 2529 1155 2590; x_wconf 89' lang='lat' dir='ltr'>dividatur</span> <span class='ocrx_word' id='word_1_259' title='bbox 1147 2550 1177 2590; x_wconf 88' lang='lat' dir='ltr'>rn</span> <span class='ocrx_word' id='word_1_260' title='bbox 1191 2537 1296 2609; x_wconf 88' lang='lat' dir='ltr'>partes</span> <span class='ocrx_word' id='word_1_261' title='bbox 1310 2529 1438 2591; x_wconf 89' lang='lat' dir='ltr'>totidem</span> <span class='ocrx_word' id='word_1_262' title='bbox 1453 2535 1531 2609; x_wconf 89' lang='lat' dir='ltr'>quot</span> <span class='ocrx_word' id='word_1_263' title='bbox 1541 2528 1629 2611; x_wconf 87' lang='lat' dir='ltr'>prius,</span> 
     </span>
     <span class='ocr_line' id='line_1_26' title="bbox 396 2586 1630 2698; baseline 0.001 -20"><span class='ocrx_word' id='word_1_264' title='bbox 396 2591 449 2655; x_wconf 49' lang='grc' dir='ltr'>ΡΨ·</span> <span class='ocrx_word' id='word_1_265' title='bbox 470 2586 511 2637; x_wconf 75' lang='lat'>⁹²·</span> <span class='ocrx_word' id='word_1_266' title='bbox 627 2619 745 2698; x_wconf 90' lang='lat' dir='ltr'>punctis</span> <span class='ocrx_word' id='word_1_267' title='bbox 766 2617 805 2691; x_wconf 89' lang='lat' dir='ltr'>G,</span> <span class='ocrx_word' id='word_1_268' title='bbox 822 2619 859 2691; x_wconf 91' lang='lat' dir='ltr'>H,</span> <span class='ocrx_word' id='word_1_269' title='bbox 876 2617 912 2692; x_wconf 91' lang='lat' dir='ltr'>E,</span> <span class='ocrx_word' id='word_1_270' title='bbox 929 2619 954 2691; x_wconf 91' lang='lat'>1,</span> <span class='ocrx_word' id='word_1_271' title='bbox 971 2620 1018 2679; x_wconf 89' lang='lat' dir='ltr'>K:</span> <span class='ocrx_word' id='word_1_272' title='bbox 1044 2626 1128 2678; x_wconf 83' lang='lat' dir='ltr'>etex</span> <span class='ocrx_word' id='word_1_273' title='bbox 1145 2618 1265 2698; x_wconf 90' lang='lat' dir='ltr'>punctis</span> <span class='ocrx_word' id='word_1_274' title='bbox 1281 2618 1464 2681; x_wconf 90' lang='lat' dir='ltr'>divisionum</span> <span class='ocrx_word' id='word_1_275' title='bbox 1482 2617 1630 2698; x_wconf 82' lang='lat' dir='ltr'>erigantur</span> 
     </span>
     <span class='ocr_line' id='line_1_27' title="bbox 511 2706 1627 2788; baseline 0.001 -20"><span class='ocrx_word' id='word_1_276' title='bbox 511 2721 529 2768; x_wconf 83' lang='lat' dir='ltr'>u</span> <span class='ocrx_word' id='word_1_277' title='bbox 555 2716 573 2767; x_wconf 88' lang='grc'>6</span> <span class='ocrx_word' id='word_1_278' title='bbox 626 2707 888 2788; x_wconf 86' lang='lat' dir='ltr'>perpendiculares</span> <span class='ocrx_word' id='word_1_279' title='bbox 903 2707 1043 2787; x_wconf 89' lang='lat' dir='ltr'>aequales</span> <span class='ocrx_word' id='word_1_280' title='bbox 1059 2706 1142 2768; x_wconf 89' lang='lat' dir='ltr'>radio</span> <span class='ocrx_word' id='word_1_281' title='bbox 1158 2707 1226 2770; x_wconf 85' lang='lat' dir='ltr'>OB:</span> <span class='ocrx_word' id='word_1_282' title='bbox 1248 2715 1279 2768; x_wconf 89' lang='lat' dir='ltr'>et</span> <span class='ocrx_word' id='word_1_283' title='bbox 1293 2707 1452 2770; x_wconf 89' lang='lat' dir='ltr'>claudatur</span> <span class='ocrx_word' id='word_1_284' title='bbox 1467 2706 1627 2786; x_wconf 84' lang='lat' dir='ltr'>parallelo-</span> 
     </span>
     <span class='ocr_line' id='line_1_28' title="bbox 336 2774 1627 2923; baseline 0.001 -67"><span class='ocrx_word' id='word_1_285' title='bbox 336 2774 521 2923; x_wconf 77' lang='lat'>.</span> <span class='ocrx_word' id='word_1_286' title='bbox 627 2815 801 2876; x_wconf 69' lang='lat' dir='ltr'>gammam</span> <span class='ocrx_word' id='word_1_287' title='bbox 841 2796 908 2857; x_wconf 76' lang='lat' dir='ltr'>eut</span> <span class='ocrx_word' id='word_1_288' title='bbox 931 2797 960 2856; x_wconf 81' lang='lat' dir='ltr'>ro</span> <span class='ocrx_word' id='word_1_289' title='bbox 985 2797 1106 2898; x_wconf 73' lang='lat' dir='ltr'>cuprum</span> <span class='ocrx_word' id='word_1_290' title='bbox 1129 2797 1167 2857; x_wconf 79' lang='lat' dir='ltr'>aa</span> <span class='ocrx_word' id='word_1_291' title='bbox 1191 2797 1373 2875; x_wconf 79' lang='lat' dir='ltr'>triangulum</span> <span class='ocrx_word' id='word_1_292' title='bbox 1388 2796 1627 2869; x_wconf 70' lang='lat' dir='ltr'>archimedem,</span> 
     </span>
     <span class='ocr_line' id='line_1_29' title="bbox 341 2880 1628 2966; baseline 0.004 -23"><span class='ocrx_word' id='word_1_293' title='bbox 341 2930 351 2947; x_wconf 77' lang='lat'>..</span> <span class='ocrx_word' id='word_1_294' title='bbox 507 2880 586 2944; x_wconf 70' lang='lat' dir='ltr'>z‘l</span> <span class='ocrx_word' id='word_1_295' title='bbox 627 2905 684 2966; x_wconf 90' lang='lat' dir='ltr'>qno</span> <span class='ocrx_word' id='word_1_296' title='bbox 709 2885 890 2946; x_wconf 90' lang='lat' dir='ltr'>semicirculi</span> <span class='ocrx_word' id='word_1_297' title='bbox 914 2905 1014 2947; x_wconf 90' lang='lat' dir='ltr'>aream</span> <span class='ocrx_word' id='word_1_298' title='bbox 1044 2884 1070 2946; x_wconf 91' lang='lat' dir='ltr'>is</span> <span class='ocrx_word' id='word_1_299' title='bbox 1097 2886 1228 2948; x_wconf 92' lang='lat' dir='ltr'>metitur.</span> <span class='ocrx_word' id='word_1_300' title='bbox 1269 2885 1386 2957; x_wconf 82' lang='lat' dir='ltr'>Quodsi</span> <span class='ocrx_word' id='word_1_301' title='bbox 1405 2903 1445 2946; x_wconf 88' lang='lat' dir='ltr'>ex</span> <span class='ocrx_word' id='word_1_302' title='bbox 1467 2885 1628 2948; x_wconf 77' lang='lat' dir='ltr'>sectoribus</span> 
     </span>
     <span class='ocr_line' id='line_1_30' title="bbox 312 2958 1628 3096; baseline 0.002 -62"><span class='ocrx_word' id='word_1_303' title='bbox 312 2958 320 2975; x_wconf 76' lang='grc'>’</span> <span class='ocrx_word' id='word_1_304' title='bbox 535 3010 576 3096; x_wconf 67' lang='lat'>.&#39;</span> <span class='ocrx_word' id='word_1_305' title='bbox 628 2975 780 3054; x_wconf 88' lang='lat' dir='ltr'>singulis</span> <span class='ocrx_word' id='word_1_306' title='bbox 772 2994 801 3036; x_wconf 89' lang='lat' dir='ltr'>rn</span> <span class='ocrx_word' id='word_1_307' title='bbox 823 2974 900 3036; x_wconf 88' lang='lat' dir='ltr'>hunc</span> <span class='ocrx_word' id='word_1_308' title='bbox 924 2976 1044 3036; x_wconf 90' lang='lat' dir='ltr'>modum</span> <span class='ocrx_word' id='word_1_309' title='bbox 1067 2975 1224 3055; x_wconf 77' lang='lat' dir='ltr'>singulas</span> <span class='ocrx_word' id='word_1_310' title='bbox 1221 2975 1317 3036; x_wconf 87' lang='lat' dir='ltr'>eceris</span> <span class='ocrx_word' id='word_1_311' title='bbox 1339 2973 1628 3077; x_wconf 79' lang='lat' dir='ltr'>parallelogramma,</span> 
     </span>
     <span class='ocr_line' id='line_1_31' title="bbox 508 3050 1628 3146; baseline 0.002 -22"><span class='ocrx_word' id='word_1_312' title='bbox 508 3064 538 3098; x_wconf 83' lang='lat'>²&#39;</span> <span class='ocrx_word' id='word_1_313' title='bbox 557 3050 697 3125; x_wconf 60' lang='grc' dir='ltr'>λ6666</span> <span class='ocrx_word' id='word_1_314' title='bbox 720 3070 817 3125; x_wconf 89' lang='grc'>66666</span> <span class='ocrx_word' id='word_1_315' title='bbox 841 3064 1153 3143; x_wconf 87' lang='lat' dir='ltr'>parallelogrammum</span> <span class='ocrx_word' id='word_1_316' title='bbox 1181 3064 1346 3126; x_wconf 86' lang='lat' dir='ltr'>divisum</span> <span class='ocrx_word' id='word_1_317' title='bbox 1338 3084 1368 3125; x_wconf 90' lang='lat' dir='ltr'>rn</span> <span class='ocrx_word' id='word_1_318' title='bbox 1396 3071 1504 3144; x_wconf 87' lang='lat' dir='ltr'>partes</span> <span class='ocrx_word' id='word_1_319' title='bbox 1532 3063 1628 3146; x_wconf 85' lang='lat' dir='ltr'>aequi·</span> 
     </span>
     <span class='ocr_line' id='line_1_32' title="bbox 626 3151 1630 3235; baseline -0.002 -21.209"><span class='ocrx_word' id='word_1_320' title='bbox 626 3151 752 3233; x_wconf 88' lang='lat' dir='ltr'>pollebit</span> <span class='ocrx_word' id='word_1_321' title='bbox 776 3152 831 3213; x_wconf 92' lang='lat' dir='ltr'>toti</span> <span class='ocrx_word' id='word_1_322' title='bbox 856 3172 944 3214; x_wconf 89' lang='lat' dir='ltr'>areae</span> <span class='ocrx_word' id='word_1_323' title='bbox 974 3153 1171 3217; x_wconf 88' lang='lat' dir='ltr'>semicirculi:</span> <span class='ocrx_word' id='word_1_324' title='bbox 1205 3152 1313 3234; x_wconf 89' lang='lat' dir='ltr'>ubique</span> <span class='ocrx_word' id='word_1_325' title='bbox 1347 3153 1466 3216; x_wconf 87' lang='lat' dir='ltr'>scilicet</span> <span class='ocrx_word' id='word_1_326' title='bbox 1499 3151 1630 3235; x_wconf 88' lang='lat' dir='ltr'>regnabit</span> 
     </span>
    </p>

    <p class='ocr_par' dir='ltr' id='par_1_9' title="bbox 509 3238 1288 3320">
     <span class='ocr_line' id='line_1_33' title="bbox 509 3238 1288 3320; baseline 0 -16"><span class='ocrx_word' id='word_1_327' title='bbox 509 3238 520 3264; x_wconf 82' lang='lat'>&#39;³</span> <span class='ocrx_word' id='word_1_328' title='bbox 628 3241 705 3304; x_wconf 91' lang='lat' dir='ltr'>ratio</span> <span class='ocrx_word' id='word_1_329' title='bbox 728 3242 829 3320; x_wconf 88' lang='lat' dir='ltr'>dupla.</span> <span class='ocrx_word' id='word_1_330' title='bbox 1281 3288 1288 3311; x_wconf 85' lang='lat'>,</span> 
     </span>
    </p>

    <p class='ocr_par' dir='ltr' id='par_1_10' title="bbox 627 3329 1628 3946">
     <span class='ocr_line' id='line_1_34' title="bbox 714 3329 1627 3395; baseline 0.002 -5"><span class='ocrx_word' id='word_1_331' title='bbox 714 3329 925 3391; x_wconf 82' lang='lat' dir='ltr'>Extendantur</span> <span class='ocrx_word' id='word_1_332' title='bbox 961 3337 1061 3391; x_wconf 89' lang='lat' dir='ltr'>autem</span> <span class='ocrx_word' id='word_1_333' title='bbox 1100 3330 1129 3391; x_wconf 96' lang='lat' dir='ltr'>in</span> <span class='ocrx_word' id='word_1_334' title='bbox 1166 3331 1244 3392; x_wconf 91' lang='grc'>6666</span> <span class='ocrx_word' id='word_1_335' title='bbox 1280 3331 1407 3394; x_wconf 88' lang='lat' dir='ltr'>eundem</span> <span class='ocrx_word' id='word_1_336' title='bbox 1445 3332 1568 3395; x_wconf 86' lang='lat' dir='ltr'>modum</span> <span class='ocrx_word' id='word_1_337' title='bbox 1601 3337 1627 3392; x_wconf 89' lang='lat' dir='ltr'>et</span> 
     </span>
     <span class='ocr_line' id='line_1_35' title="bbox 627 3410 1628 3500; baseline 0.003 -19"><span class='ocrx_word' id='word_1_338' title='bbox 627 3410 790 3481; x_wconf 88' lang='lat' dir='ltr'>distantiae</span> <span class='ocrx_word' id='word_1_339' title='bbox 824 3418 899 3492; x_wconf 84' lang='lat' dir='ltr'>CA,</span> <span class='ocrx_word' id='word_1_340' title='bbox 934 3416 995 3493; x_wconf 75' lang='lat' dir='ltr'>Ga</span> <span class='ocrx_word' id='word_1_341' title='bbox 1028 3420 1081 3483; x_wconf 80' lang='grc'>866.</span> <span class='ocrx_word' id='word_1_342' title='bbox 1122 3427 1153 3480; x_wconf 89' lang='grc'>66</span> <span class='ocrx_word' id='word_1_343' title='bbox 1193 3427 1305 3500; x_wconf 87' lang='lat' dir='ltr'>puncta</span> <span class='ocrx_word' id='word_1_344' title='bbox 1349 3421 1379 3484; x_wconf 94' lang='lat' dir='ltr'>A</span> <span class='ocrx_word' id='word_1_345' title='bbox 1417 3427 1628 3484; x_wconf 75' lang='lat' dir='ltr'>connectantur</span> 
     </span>
     <span class='ocr_line' id='line_1_36' title="bbox 627 3507 1627 3593; baseline 0.003 -22"><span class='ocrx_word' id='word_1_346' title='bbox 627 3507 835 3581; x_wconf 86' lang='lat' dir='ltr'>conchoide*)</span> <span class='ocrx_word' id='word_1_347' title='bbox 859 3507 980 3570; x_wconf 87' lang='lat' dir='ltr'>AAAA</span> <span class='ocrx_word' id='word_1_348' title='bbox 1003 3527 1058 3587; x_wconf 92' lang='lat' dir='ltr'>per</span> <span class='ocrx_word' id='word_1_349' title='bbox 1086 3508 1206 3588; x_wconf 87' lang='lat' dir='ltr'>singula</span> <span class='ocrx_word' id='word_1_350' title='bbox 1235 3516 1347 3589; x_wconf 86' lang='lat' dir='ltr'>puncta</span> <span class='ocrx_word' id='word_1_351' title='bbox 1381 3510 1474 3573; x_wconf 89' lang='lat' dir='ltr'>ducta</span> <span class='ocrx_word' id='word_1_352' title='bbox 1498 3511 1627 3593; x_wconf 84' lang='lat' dir='ltr'>(quornm</span> 
     </span>
     <span class='ocr_line' id='line_1_37' title="bbox 627 3597 1626 3681; baseline 0.003 -22"><span class='ocrx_word' id='word_1_353' title='bbox 627 3606 698 3660; x_wconf 88' lang='lat' dir='ltr'>sunt</span> <span class='ocrx_word' id='word_1_354' title='bbox 716 3598 832 3660; x_wconf 88' lang='lat' dir='ltr'>infinita</span> <span class='ocrx_word' id='word_1_355' title='bbox 849 3597 1011 3678; x_wconf 85' lang='lat' dir='ltr'>potentia),</span> <span class='ocrx_word' id='word_1_356' title='bbox 1031 3600 1125 3677; x_wconf 88' lang='lat' dir='ltr'>ligura</span> <span class='ocrx_word' id='word_1_357' title='bbox 1142 3597 1260 3663; x_wconf 86' lang='lat' dir='ltr'>AACD</span> <span class='ocrx_word' id='word_1_358' title='bbox 1284 3599 1502 3681; x_wconf 87' lang='lat' dir='ltr'>aequipollebit</span> <span class='ocrx_word' id='word_1_359' title='bbox 1515 3600 1626 3663; x_wconf 77' lang='grc'>(116666-</span> 
     </span>
     <span class='ocr_line' id='line_1_38' title="bbox 627 3685 1624 3768; baseline 0.001 -19"><span class='ocrx_word' id='word_1_360' title='bbox 627 3688 678 3749; x_wconf 90' lang='lat' dir='ltr'>tiis</span> <span class='ocrx_word' id='word_1_361' title='bbox 703 3688 838 3749; x_wconf 90' lang='lat' dir='ltr'>omnibus</span> <span class='ocrx_word' id='word_1_362' title='bbox 854 3707 891 3747; x_wconf 85' lang='lat' dir='ltr'>ex</span> <span class='ocrx_word' id='word_1_363' title='bbox 911 3688 950 3749; x_wconf 91' lang='lat' dir='ltr'>A.</span> <span class='ocrx_word' id='word_1_364' title='bbox 988 3686 1068 3749; x_wconf 86' lang='lat' dir='ltr'>Nam</span> <span class='ocrx_word' id='word_1_365' title='bbox 1090 3686 1229 3749; x_wconf 83' lang='lat' dir='ltr'>similiter</span> <span class='ocrx_word' id='word_1_366' title='bbox 1252 3707 1290 3749; x_wconf 85' lang='lat' dir='ltr'>ex</span> <span class='ocrx_word' id='word_1_367' title='bbox 1307 3687 1434 3768; x_wconf 89' lang='lat' dir='ltr'>singulis</span> <span class='ocrx_word' id='word_1_368' title='bbox 1457 3688 1549 3752; x_wconf 89' lang='lat' dir='ltr'>lineis</span> <span class='ocrx_word' id='word_1_369' title='bbox 1561 3685 1624 3759; x_wconf 81' lang='lat' dir='ltr'>AG,</span> 
     </span>
     <span class='ocr_line' id='line_1_39' title="bbox 628 3776 1626 3878; baseline -0.001 -39"><span class='ocrx_word' id='word_1_370' title='bbox 628 3778 688 3839; x_wconf 90' lang='grc' dir='ltr'>ΑΗ</span> <span class='ocrx_word' id='word_1_371' title='bbox 711 3778 823 3837; x_wconf 88' lang='grc'>166666</span> <span class='ocrx_word' id='word_1_372' title='bbox 853 3783 902 3837; x_wconf 88' lang='grc'>666</span> <span class='ocrx_word' id='word_1_373' title='bbox 930 3796 1019 3838; x_wconf 88' lang='grc'>6666</span> <span class='ocrx_word' id='word_1_374' title='bbox 1042 3776 1354 3878; x_wconf 86' lang='lat' dir='ltr'>parallelogrammum</span> <span class='ocrx_word' id='word_1_375' title='bbox 1379 3777 1626 3859; x_wconf 85' lang='lat' dir='ltr'>quamproxime,</span> 
     </span>
     <span class='ocr_line' id='line_1_40' title="bbox 627 3860 1671 3953; baseline -0.001 -26"><span class='ocrx_word' id='word_1_376' title='bbox 627 3866 686 3928; x_wconf 87' lang='grc'>6161</span> <span class='ocrx_word' id='word_1_377' title='bbox 710 3867 788 3946; x_wconf 93' lang='lat' dir='ltr'>quod</span> <span class='ocrx_word' id='word_1_378' title='bbox 819 3865 1000 3927; x_wconf 89' lang='grc'>66666616</span> <span class='ocrx_word' id='word_1_379' title='bbox 991 3866 1050 3944; x_wconf 91' lang='lat' dir='ltr'>rpsi</span> <span class='ocrx_word' id='word_1_380' title='bbox 1075 3865 1129 3928; x_wconf 84' lang='lat' dir='ltr'>OD</span> <span class='ocrx_word' id='word_1_381' title='bbox 1151 3867 1314 3945; x_wconf 89' lang='lat' dir='ltr'>parallelos</span> <span class='ocrx_word' id='word_1_382' title='bbox 1337 3885 1396 3928; x_wconf 93' lang='lat' dir='ltr'>non</span> <span class='ocrx_word' id='word_1_383' title='bbox 1420 3873 1489 3942; x_wconf 85' lang='lat' dir='ltr'>eut,</span> <span class='ocrx_word' id='word_1_384' title='bbox 1513 3860 1671 3953; x_wconf 55' lang='grc'>6611666),</span> 
     </span>
    </p>

    <p class='ocr_par' dir='ltr' id='par_1_11' title="bbox 505 3952 1626 4752">
     <span class='ocr_line' id='line_1_41' title="bbox 505 3952 1625 4036; baseline 0.002 -20"><span class='ocrx_word' id='word_1_385' title='bbox 505 4018 508 4033; x_wconf 28' lang='lat'>2</span> <span class='ocrx_word' id='word_1_386' title='bbox 629 3954 775 4017; x_wconf 86' lang='lat' dir='ltr'>inclinata</span> <span class='ocrx_word' id='word_1_387' title='bbox 799 3956 835 4015; x_wconf 90' lang='lat' dir='ltr'>ad</span> <span class='ocrx_word' id='word_1_388' title='bbox 860 3953 962 4017; x_wconf 90' lang='lat' dir='ltr'>radios</span> <span class='ocrx_word' id='word_1_389' title='bbox 987 3952 1056 4029; x_wconf 88' lang='lat' dir='ltr'>GA,</span> <span class='ocrx_word' id='word_1_390' title='bbox 1076 3955 1150 4027; x_wconf 87' lang='lat' dir='ltr'>HA,</span> <span class='ocrx_word' id='word_1_391' title='bbox 1166 3954 1232 4029; x_wconf 86' lang='lat' dir='ltr'>EA,</span> <span class='ocrx_word' id='word_1_392' title='bbox 1257 3964 1291 4017; x_wconf 91' lang='lat' dir='ltr'>ut</span> <span class='ocrx_word' id='word_1_393' title='bbox 1314 3956 1345 4018; x_wconf 93' lang='lat' dir='ltr'>in</span> <span class='ocrx_word' id='word_1_394' title='bbox 1367 3956 1433 4036; x_wconf 89' lang='lat' dir='ltr'>ipso</span> <span class='ocrx_word' id='word_1_395' title='bbox 1457 3956 1552 4020; x_wconf 82' lang='lat' dir='ltr'>etiam</span> <span class='ocrx_word' id='word_1_396' title='bbox 1572 3956 1625 4018; x_wconf 87' lang='lat' dir='ltr'>cir-</span> 
     </span>
     <span class='ocr_line' id='line_1_42' title="bbox 515 4043 1625 4131; baseline 0.001 -26"><span class='ocrx_word' id='word_1_397' title='bbox 515 4086 519 4098; x_wconf 75' lang='grc'>.</span> <span class='ocrx_word' id='word_1_398' title='bbox 551 4110 557 4131; x_wconf 52' lang='grc'>,</span> <span class='ocrx_word' id='word_1_399' title='bbox 629 4046 695 4106; x_wconf 89' lang='grc'>6616</span> <span class='ocrx_word' id='word_1_400' title='bbox 727 4044 909 4105; x_wconf 89' lang='lat' dir='ltr'>inclinantur</span> <span class='ocrx_word' id='word_1_401' title='bbox 941 4043 1112 4105; x_wconf 89' lang='lat' dir='ltr'>distantiae</span> <span class='ocrx_word' id='word_1_402' title='bbox 1136 4044 1175 4105; x_wconf 93' lang='lat' dir='ltr'>ad</span> <span class='ocrx_word' id='word_1_403' title='bbox 1206 4045 1497 4111; x_wconf 73' lang='lat' dir='ltr'>circumferentiam:</span> <span class='ocrx_word' id='word_1_404' title='bbox 1531 4054 1564 4108; x_wconf 92' lang='lat' dir='ltr'>nt</span> <span class='ocrx_word' id='word_1_405' title='bbox 1585 4045 1625 4106; x_wconf 83' lang='lat' dir='ltr'>ita</span> 
     </span>
     <span class='ocr_line' id='line_1_43' title="bbox 506 4122 1625 4217; baseline 0.004 -23"><span class='ocrx_word' id='word_1_406' title='bbox 506 4136 547 4209; x_wconf 51' lang='lat' dir='ltr'>sl·</span> <span class='ocrx_word' id='word_1_407' title='bbox 630 4134 704 4194; x_wconf 92' lang='grc'>61611</span> <span class='ocrx_word' id='word_1_408' title='bbox 727 4133 881 4212; x_wconf 91' lang='lat' dir='ltr'>impediat,</span> <span class='ocrx_word' id='word_1_409' title='bbox 905 4134 983 4212; x_wconf 93' lang='lat' dir='ltr'>qnod</span> <span class='ocrx_word' id='word_1_410' title='bbox 1003 4132 1145 4195; x_wconf 88' lang='lat' dir='ltr'>conchois</span> <span class='ocrx_word' id='word_1_411' title='bbox 1158 4134 1219 4196; x_wconf 84' lang='grc' dir='ltr'>ΛΑ</span> <span class='ocrx_word' id='word_1_412' title='bbox 1243 4132 1358 4214; x_wconf 91' lang='lat' dir='ltr'>longior</span> <span class='ocrx_word' id='word_1_413' title='bbox 1381 4143 1430 4197; x_wconf 87' lang='lat' dir='ltr'>est</span> <span class='ocrx_word' id='word_1_414' title='bbox 1448 4122 1625 4217; x_wconf 77' lang='lat' dir='ltr'>factaqurm</span> 
     </span>
     <span class='ocr_line' id='line_1_44' title="bbox 542 4220 1624 4305; baseline 0.005 -22"><span class='ocrx_word' id='word_1_415' title='bbox 542 4260 546 4277; x_wconf 61' lang='grc' dir='ltr'>ι</span> <span class='ocrx_word' id='word_1_416' title='bbox 631 4223 832 4284; x_wconf 87' lang='lat' dir='ltr'>semicirculus</span> <span class='ocrx_word' id='word_1_417' title='bbox 861 4220 926 4283; x_wconf 84' lang='lat' dir='ltr'>OD.</span> <span class='ocrx_word' id='word_1_418' title='bbox 980 4222 1039 4282; x_wconf 90' lang='lat' dir='ltr'>Est</span> <span class='ocrx_word' id='word_1_419' title='bbox 1070 4230 1170 4284; x_wconf 89' lang='lat' dir='ltr'>autem</span> <span class='ocrx_word' id='word_1_420' title='bbox 1200 4221 1258 4285; x_wconf 87' lang='lat' dir='ltr'>EA</span> <span class='ocrx_word' id='word_1_421' title='bbox 1290 4224 1407 4303; x_wconf 92' lang='lat' dir='ltr'>longior</span> <span class='ocrx_word' id='word_1_422' title='bbox 1440 4243 1532 4305; x_wconf 75' lang='lat' dir='ltr'>quarn</span> <span class='ocrx_word' id='word_1_423' title='bbox 1559 4222 1624 4296; x_wconf 85' lang='grc' dir='ltr'>ΕΒ;</span> 
     </span>
     <span class='ocr_line' id='line_1_45' title="bbox 532 4301 1624 4399; baseline 0.003 -26"><span class='ocrx_word' id='word_1_424' title='bbox 532 4301 553 4351; x_wconf 66' lang='lat'>⁴·</span> <span class='ocrx_word' id='word_1_425' title='bbox 630 4314 735 4394; x_wconf 92' lang='lat' dir='ltr'>quodsi</span> <span class='ocrx_word' id='word_1_426' title='bbox 769 4317 953 4399; x_wconf 78' lang='lat' dir='ltr'>sumerentur</span> <span class='ocrx_word' id='word_1_427' title='bbox 987 4311 1052 4385; x_wconf 84' lang='lat' dir='ltr'>CA,</span> <span class='ocrx_word' id='word_1_428' title='bbox 1078 4309 1151 4386; x_wconf 81' lang='lat' dir='ltr'>GQ,</span> <span class='ocrx_word' id='word_1_429' title='bbox 1182 4310 1256 4384; x_wconf 88' lang='lat' dir='ltr'>HR,</span> <span class='ocrx_word' id='word_1_430' title='bbox 1278 4312 1349 4387; x_wconf 88' lang='grc' dir='ltr'>ΕΒ,</span> <span class='ocrx_word' id='word_1_431' title='bbox 1381 4311 1437 4395; x_wconf 79' lang='lat' dir='ltr'>IS,</span> <span class='ocrx_word' id='word_1_432' title='bbox 1466 4313 1534 4390; x_wconf 74' lang='grc' dir='ltr'>ΚΕ,</span> <span class='ocrx_word' id='word_1_433' title='bbox 1562 4312 1624 4385; x_wconf 80' lang='lat' dir='ltr'>DA,</span> 
     </span>
     <span class='ocr_line' id='line_1_46' title="bbox 555 4400 1625 4482; baseline 0.001 -20"><span class='ocrx_word' id='word_1_434' title='bbox 555 4404 558 4416; x_wconf 88' lang='lat'>&#39;</span> <span class='ocrx_word' id='word_1_435' title='bbox 631 4410 759 4482; x_wconf 92' lang='lat' dir='ltr'>quantas</span> <span class='ocrx_word' id='word_1_436' title='bbox 791 4400 991 4463; x_wconf 89' lang='lat' dir='ltr'>determinant</span> <span class='ocrx_word' id='word_1_437' title='bbox 1021 4401 1282 4480; x_wconf 90' lang='lat' dir='ltr'>perpendiculares</span> <span class='ocrx_word' id='word_1_438' title='bbox 1312 4401 1464 4470; x_wconf 82' lang='lat' dir='ltr'>demissae</span> <span class='ocrx_word' id='word_1_439' title='bbox 1491 4421 1530 4465; x_wconf 85' lang='lat' dir='ltr'>ex</span> <span class='ocrx_word' id='word_1_440' title='bbox 1549 4401 1625 4468; x_wconf 84' lang='lat' dir='ltr'>Ain</span> 
     </span>
     <span class='ocr_line' id='line_1_47' title="bbox 632 4489 1625 4570; baseline 0.003 -19"><span class='ocrx_word' id='word_1_441' title='bbox 632 4490 793 4552; x_wconf 89' lang='lat' dir='ltr'>distantias</span> <span class='ocrx_word' id='word_1_442' title='bbox 824 4499 999 4570; x_wconf 91' lang='lat' dir='ltr'>punctorum</span> <span class='ocrx_word' id='word_1_443' title='bbox 1027 4492 1093 4552; x_wconf 91' lang='lat' dir='ltr'>aB</span> <span class='ocrx_word' id='word_1_444' title='bbox 1118 4492 1165 4562; x_wconf 89' lang='lat' dir='ltr'>(ut</span> <span class='ocrx_word' id='word_1_445' title='bbox 1196 4490 1222 4551; x_wconf 88' lang='grc'>61</span> <span class='ocrx_word' id='word_1_446' title='bbox 1250 4490 1279 4551; x_wconf 91' lang='grc'>16</span> <span class='ocrx_word' id='word_1_447' title='bbox 1306 4491 1462 4555; x_wconf 87' lang='lat' dir='ltr'>schemate</span> <span class='ocrx_word' id='word_1_448' title='bbox 1496 4489 1625 4556; x_wconf 80' lang='grc'>61666166</span> 
     </span>
     <span class='ocr_line' id='line_1_48' title="bbox 523 4579 1624 4669; baseline 0.006 -30"><span class='ocrx_word' id='word_1_449' title='bbox 523 4633 528 4647; x_wconf 86' lang='grc'>,</span> <span class='ocrx_word' id='word_1_450' title='bbox 563 4613 584 4669; x_wconf 56' lang='lat' dir='ltr'>p</span> <span class='ocrx_word' id='word_1_451' title='bbox 631 4580 663 4640; x_wconf 92' lang='lat' dir='ltr'>in</span> <span class='ocrx_word' id='word_1_452' title='bbox 698 4581 753 4640; x_wconf 90' lang='grc' dir='ltr'>ΗΒ</span> <span class='ocrx_word' id='word_1_453' title='bbox 791 4580 994 4642; x_wconf 87' lang='lat' dir='ltr'>continuatam</span> <span class='ocrx_word' id='word_1_454' title='bbox 1034 4580 1228 4641; x_wconf 88' lang='lat' dir='ltr'>descenderet</span> <span class='ocrx_word' id='word_1_455' title='bbox 1270 4581 1528 4660; x_wconf 82' lang='lat' dir='ltr'>perpendicularis</span> <span class='ocrx_word' id='word_1_456' title='bbox 1562 4579 1624 4654; x_wconf 71' lang='lat' dir='ltr'>AR</span> 
     </span>
     <span class='ocr_line' id='line_1_49' title="bbox 523 4654 1626 4752; baseline 0.002 -23"><span class='ocrx_word' id='word_1_457' title='bbox 523 4654 528 4670; x_wconf 72' lang='grc'>’</span> <span class='ocrx_word' id='word_1_458' title='bbox 632 4668 833 4731; x_wconf 89' lang='lat' dir='ltr'>determinans</span> <span class='ocrx_word' id='word_1_459' title='bbox 857 4669 917 4730; x_wconf 89' lang='lat' dir='ltr'>HR</span> <span class='ocrx_word' id='word_1_460' title='bbox 937 4668 1105 4730; x_wconf 90' lang='lat' dir='ltr'>breviorem</span> <span class='ocrx_word' id='word_1_461' title='bbox 1135 4688 1223 4749; x_wconf 90' lang='lat' dir='ltr'>quarn</span> <span class='ocrx_word' id='word_1_462' title='bbox 1246 4669 1321 4743; x_wconf 87' lang='lat' dir='ltr'>HA)</span> <span class='ocrx_word' id='word_1_463' title='bbox 1344 4677 1419 4733; x_wconf 92' lang='lat' dir='ltr'>tnno</span> <span class='ocrx_word' id='word_1_464' title='bbox 1437 4671 1534 4752; x_wconf 86' lang='lat' dir='ltr'>figura</span> <span class='ocrx_word' id='word_1_465' title='bbox 1555 4671 1626 4734; x_wconf 73' lang='lat' dir='ltr'>inter</span> 
     </span>
    </p>
   </div>
   <div class='ocr_carea' id='block_1_7' title="bbox 287 4737 596 4752">
    <p class='ocr_par' dir='ltr' id='par_1_12' title="bbox 287 4737 596 4752">
     <span class='ocr_line' id='line_1_50' title="bbox 287 4737 596 4752; baseline -0.006 0"><span class='ocrx_word' id='word_1_466' title='bbox 287 4737 596 4752; x_wconf 43' lang='lat' dir='ltr'>W-——u-——ffl</span> 
     </span>
    </p>
   </div>
   <div class='ocr_carea' id='block_1_8' title="bbox 287 4783 1624 5025">
    <p class='ocr_par' dir='ltr' id='par_1_13' title="bbox 287 4783 1624 5025">
     <span class='ocr_line' id='line_1_51' title="bbox 375 4783 1624 4861; baseline 0.002 -19"><span class='ocrx_word' id='word_1_467' title='bbox 375 4783 402 4857; x_wconf 76' lang='grc'>*)</span> <span class='ocrx_word' id='word_1_468' title='bbox 423 4787 648 4843; x_wconf 82' lang='lat' dir='ltr'>Conohoidea</span> <span class='ocrx_word' id='word_1_469' title='bbox 675 4786 733 4840; x_wconf 91' lang='lat' dir='ltr'>dico</span> <span class='ocrx_word' id='word_1_470' title='bbox 759 4804 813 4841; x_wconf 92' lang='lat' dir='ltr'>non</span> <span class='ocrx_word' id='word_1_471' title='bbox 845 4787 921 4840; x_wconf 86' lang='lat' dir='ltr'>illam</span> <span class='ocrx_word' id='word_1_472' title='bbox 949 4785 1100 4840; x_wconf 85' lang='lat' dir='ltr'>Nicostrati</span> <span class='ocrx_word' id='word_1_473' title='bbox 1132 4789 1313 4860; x_wconf 80' lang='lat' dir='ltr'>(Nicomedis),</span> <span class='ocrx_word' id='word_1_474' title='bbox 1347 4804 1418 4861; x_wconf 83' lang='lat' dir='ltr'>quae</span> <span class='ocrx_word' id='word_1_475' title='bbox 1446 4789 1553 4845; x_wconf 80' lang='lat' dir='ltr'>infinita</span> <span class='ocrx_word' id='word_1_476' title='bbox 1577 4794 1624 4850; x_wconf 82' lang='lat' dir='ltr'>ert</span> 
     </span>
     <span class='ocr_line' id='line_1_52' title="bbox 288 4865 1624 4939; baseline 0.001 -17"><span class='ocrx_word' id='word_1_477' title='bbox 288 4867 327 4922; x_wconf 89' lang='lat' dir='ltr'>sio</span> <span class='ocrx_word' id='word_1_478' title='bbox 347 4867 388 4921; x_wconf 86' lang='lat' dir='ltr'>illi</span> <span class='ocrx_word' id='word_1_479' title='bbox 409 4869 490 4932; x_wconf 83' lang='lat' dir='ltr'>dicta,</span> <span class='ocrx_word' id='word_1_480' title='bbox 512 4869 582 4939; x_wconf 90' lang='lat' dir='ltr'>quod</span> <span class='ocrx_word' id='word_1_481' title='bbox 604 4865 698 4925; x_wconf 79' lang='lat' dir='ltr'>similis</span> <span class='ocrx_word' id='word_1_482' title='bbox 714 4868 857 4927; x_wconf 78' lang='lat' dir='ltr'>conchae:</span> <span class='ocrx_word' id='word_1_483' title='bbox 878 4867 926 4920; x_wconf 87' lang='lat' dir='ltr'>sed</span> <span class='ocrx_word' id='word_1_484' title='bbox 939 4866 1024 4930; x_wconf 82' lang='lat' dir='ltr'>illam,</span> <span class='ocrx_word' id='word_1_485' title='bbox 1046 4882 1116 4936; x_wconf 84' lang='lat' dir='ltr'>quae</span> <span class='ocrx_word' id='word_1_486' title='bbox 1137 4866 1231 4924; x_wconf 79' lang='lat' dir='ltr'>sinum</span> <span class='ocrx_word' id='word_1_487' title='bbox 1244 4875 1290 4923; x_wconf 82' lang='grc'>666</span> <span class='ocrx_word' id='word_1_488' title='bbox 1307 4867 1449 4926; x_wconf 76' lang='grc' dir='ltr'>6666661ἀί</span> <span class='ocrx_word' id='word_1_489' title='bbox 1462 4868 1624 4929; x_wconf 62' lang='grc'>1116666666</span> 
     </span>
     <span class='ocr_line' id='line_1_53' title="bbox 287 4944 1346 5025; baseline 0 -20"><span class='ocrx_word' id='word_1_490' title='bbox 287 4955 320 5005; x_wconf 88' lang='grc'>66</span> <span class='ocrx_word' id='word_1_491' title='bbox 338 4946 642 5024; x_wconf 78' lang='lat' dir='ltr'>rhomboidesdioimus</span> <span class='ocrx_word' id='word_1_492' title='bbox 663 4946 690 5001; x_wconf 90' lang='lat' dir='ltr'>id</span> <span class='ocrx_word' id='word_1_493' title='bbox 710 4948 781 5021; x_wconf 88' lang='lat' dir='ltr'>qnod</span> <span class='ocrx_word' id='word_1_494' title='bbox 801 4952 846 5004; x_wconf 86' lang='lat' dir='ltr'>est</span> <span class='ocrx_word' id='word_1_495' title='bbox 865 4945 952 5003; x_wconf 84' lang='lat' dir='ltr'>simile</span> <span class='ocrx_word' id='word_1_496' title='bbox 972 4944 1094 5006; x_wconf 84' lang='lat' dir='ltr'>rhombo.</span> <span class='ocrx_word' id='word_1_497' title='bbox 1130 4950 1226 5024; x_wconf 77' lang='lat' dir='ltr'>(Gomp.</span> <span class='ocrx_word' id='word_1_498' title='bbox 1242 4970 1269 5025; x_wconf 81' lang='lat' dir='ltr'>p.</span> <span class='ocrx_word' id='word_1_499' title='bbox 1284 4951 1346 5019; x_wconf 71' lang='grc'>66.)</span> 
     </span>
    </p>
   </div>
   <div class='ocr_carea' id='block_1_9' title="bbox 0 0 1682 5504">
    <p class='ocr_par' dir='ltr' id='par_1_14' title="bbox 0 0 1682 5504">
     <span class='ocr_line' id='line_1_54' title="bbox 0 0 1682 5504; baseline 0 0"><span class='ocrx_word' id='word_1_500' title='bbox 0 0 1682 5504; x_wconf 95' lang='lat' dir='ltr'> </span> 
     </span>
    </p>
   </div>
  </div>
 </body>
</html>
