3354 5504
600 1084 1091 1165 COMMENTARIORUM

167 1254 266 1358 ou
323 1257 698 1363 nouruus
756 1208 1130 1363 scurrus
1193 1262 1519 1366 manure

662 1458 792 1527 -PARS
815 1458 1002 1533 QUARTA.

440 1664 770 1762 INVESTIGATIO
802 1668 961 1761 vuum
998 1665 1245 1761 muscum

537 1817 717 1910 Polum
749 1815 1143 1927 INAEQUALITATIS

302 2001 362 2069 EX
399 2000 550 2068 OAUSIS
584 2000 780 2068 PHYslcls
803 2002 871 2107 m
905 2002 1094 2069 PROPRIA
1130 2002 1381 2072 SENTENTIA.
1490 2034 1493 2039 ·

255 2427 341 2502 Quae
373 2429 465 2493 tertia
493 2436 581 2511 parte
611 2429 821 2495 demonstrata
853 2438 938 2507 sunt,
976 2431 1014 2492 ad
1045 2450 1148 2495 omues
1175 2433 1316 2514 planetas
1347 2434 1513 2515 nemiuem:

165 2545 244 2608 unde
265 2566 326 2609 non
349 2545 458 2626 injuria
488 2545 609 2610 clavis
642 2546 892 2610 astronomiae
922 2546 1122 2627 penitioris
1153 2549 1211 2613 dici
1235 2558 1372 2633 possunt
1419 2548 1514 2624 Quam

96 2651 103 2666 ¹
165 2667 252 2725 tauto
283 2663 381 2743 magis
410 2663 540 2742 gaudere
572 2662 714 2726 debemus
746 2662 918 2740 inuentam,
954 2670 1067 2746 quanto
1102 2665 1214 2729 certius
1244 2674 1308 2743 est,
1339 2667 1427 2730 nulla
1456 2667 1515 2753 slis

164 2778 283 2841 ratione
305 2777 482 2859 investigari
504 2779 656 2860 potuisse,
689 2787 901 2860 praeterquam
923 2798 977 2860 per
1010 2782 1119 2847 stellae
1141 2783 1252 2857 Martis
1276 2758 1513 2850 observationis

164 2894 244 2959 Nam
273 2894 331 2958 etsi
361 2895 479 2978 quidem
511 2895 750 2958 Ptolemaeus
779 2894 974 2958 bisectionem
1004 2895 1082 2960 hanc
1114 2898 1350 2962 eccentricitatis
1363 2898 1514 2965 ,Solisiu

163 3010 284 3075 Venere
308 3030 424 3093 quoque
447 3018 480 3074 et
502 3012 658 3074 Mercurio'
673 3011 870 3093 deprehendit
877 3031 887 3088 ;
916 3030 1010 3094 eoque
1033 3013 1150 3076 nomine
1179 3023 1335 3079 ecceutros
1358 3023 1513 3079 eccentro·

103 3116 106 3121 ’
163 3146 239 3203 rum,
263 3147 317 3190 seu
336 3128 415 3209 quod
438 3128 517 3190 idem
532 3136 588 3204 est,
613 3127 787 3210 mustiones
811 3127 907 3190 centri
930 3128 1056 3210 epicycli
1080 3129 1262 3207 introduxit,
1288 3150 1365 3213 quae
1390 3122 1512 3195 derben·

163 3245 271 3308 stratio
294 3250 467 3309 reservatur
479 3244 510 3306 in
528 3232 666 3325 proprios
681 3243 717 3305 de
732 3243 780 3305 hie
799 3243 929 3324 planetis
953 3251 1122 3309 mactatus:
1147 3246 1392 3338 observationum
1415 3254 1513 3310 tamen

161 3360 296 3441 ipsarum
327 3360 475 3437 conditio,
509 3366 541 3422 et
570 3362 679 3423 breves
711 3359 841 3422 Veneris
864 3379 883 3420 a
905 3357 978 3422 Sole
1001 3360 1224 3442 digressiones,
1254 3381 1331 3444 quae
1363 3384 1424 3426 non
1456 3362 1511 3447 nisi

161 3476 302 3541 humilem
334 3478 488 3542 observari
519 3477 556 3539 de
588 3482 677 3539 nocte
708 3476 882 3557 patiuntur,
916 3452 1102 3541 methodicae
1133 3477 1318 3560 inquisitioni
1349 3478 1440 3561 hujus
1470 3477 1511 3542 rei

160 3593 320 3673 plurimum
341 3568 556 3674 impedimenti,
569 3592 627 3655 fuit
649 3592 789 3664 allatura,
813 3591 839 3654 si
862 3592 940 3655 citra
961 3592 1093 3656 Martem
1116 3594 1264 3657 stetisset
1301 3597 1338 3659 In
1359 3595 1509 3660 Mercurio

161 3710 256 3773 multo
285 3709 444 3773 absurdius
475 3707 572 3772 adhuc
603 3709 665 3771 ista
693 3708 905 3771 tentabantur:
938 3709 1017 3789 quod
1040 3708 1067 3772 is
1091 3709 1245 3773 rarissime
1270 3731 1289 3773 a
1311 3709 1395 3775 Solis
1412 3706 1509 3775 ¹radiis

160 3835 305 3907 emergat,
330 3834 362 3889 et
383 3824 503 3905 longius
520 3827 622 3889 Marte
641 3833 673 3888 et
686 3826 805 3889 Venere
820 3844 839 3885 a
854 3825 948 3887 Terra
971 3825 1072 3902 distet,
1098 3845 1163 3889 cum
1187 3827 1219 3889 hi
1241 3826 1337 3892 citimi
1359 3828 1507 3891 videntur.

159 3942 283 4007 Fuisset
303 3941 405 4027 itaque
428 3942 542 4004 veritas
564 3940 651 4003 uobis
666 3960 733 4004 cum
746 3940 924 4004 Ptolemaeo
947 3942 1169 4022 patentissimis
1191 3942 1367 4025 indaganda
1384 3944 1505 4028 campio,

160 4068 191 4123 et
212 4078 267 4143 per
290 4079 412 4123 crassas
434 4057 556 4122 umbras
577 4058 715 4122 manibus
739 4057 825 4140 quasi
847 4058 1009 4148 palpanda.

249 4176 402 4250 Quantum
426 4182 525 4239 autem
549 4176 586 4236 de
608 4174 727 4255 prima
758 4174 1048 4256 inaequalitate,
1082 4193 1157 4257 quas
1188 4174 1347 4239 occasione
1379 4173 1502 4240 eccentri

159 4291 271 4356 accidit
293 4301 326 4355 et
347 4293 452 4375 cuique
474 4292 614 4372 planetae
637 4289 759 4372 propria
781 4297 839 4365 est,
862 4288 931 4353 huic
952 4289 1109 4365 communi,
1132 4298 1218 4370 parte
1242 4290 1336 4354 tertia
1357 4292 1501 4367 inventae,

158 4408 308 4473 secundae
331 4407 541 4490 inaequalitati
570 4405 751 4479 debeamus,
775 4405 842 4487 jam
866 4408 1004 4488 exemplo
1027 4405 1135 4470 stellae
1158 4405 1269 4471 Martis
1293 4406 1498 4477 declarabitur.

743 4701 926 4717 ...ιο-...-
