3354 5504
743 276 906 349 mm

245 463 497 533 Corollarinm
534 460 567 526 Si
586 462 698 535 dixero,
722 457 927 532 rectangulum
950 455 1005 517 snb
1024 454 1187 533 segmentis
1210 449 1346 515 diametri
1370 449 1491 513 minoris

159 581 178 623 a
197 555 439 621 circumferentia
460 553 582 633 majoris
606 551 707 624 factis,
730 550 795 611 scil.
820 546 886 620 BA,
909 544 976 617 AG,
1000 543 1121 624 aequari
1144 541 1318 622 rectungulo‘
1341 540 1396 602 sub
1420 558 1492 620 seg-

160 656 258 711 mento
279 645 386 708 minori
409 642 545 705 diametri
568 641 690 720 majoris
711 659 730 700 a
748 638 827 700 linea
842 633 900 699 VX
922 634 1086 696 sectionum
1110 633 1199 706 facto,
1224 640 1256 693 et
1274 631 1329 693 sub
1352 628 1492 693 diametri

159 737 280 816 majoris
307 734 368 798 AY
394 741 426 794 et
461 731 644 793 differentiae
678 729 804 809 partium
833 721 984 797 ΒΑ,Αο
1012 723 1061 785 vei
1088 740 1203 785 summa
1230 721 1277 783 vel
1315 719 1491 788 differentia,

160 846 205 889 res
228 824 335 887 eudem
357 821 475 884 redibit
520 820 598 882 Nam
625 817 829 898 rectangnlnm
851 815 923 886 BA,
947 811 1003 877 Ac
1026 819 1075 874 est
1097 811 1190 883 idem,
1214 809 1292 890 quod
1315 807 1492 890 quadratum

159 916 222 979 BA.
244 913 314 978 -Sie
337 910 505 974 differentia
527 920 746 983 segmentomm
759 906 826 979 BA,
843 901 901 967 AC
920 911 968 965 est
990 900 1072 963 nihil.
1108 900 1193 964 Nihil
1216 916 1287 965 vero
1310 898 1493 963 subtractum

161 1005 196 1070 ri
219 1003 282 1069 AY
303 999 444 1087 relinquit
466 998 534 1079 AY,
559 998 631 1069 nihil
655 997 789 1067 additum
811 994 850 1057 ad
870 991 931 1065 AY
955 990 1026 1055 facit
1047 988 1117 1054 AY.

676 1170 882 1234 Theorema
903 1166 975 1231 XV.

163 1275 281 1340 Ceteris
309 1275 494 1336 manentibus
522 1282 555 1336 ut
583 1275 683 1356 prius,
713 1276 737 1337 si
762 1285 893 1337 centrum
917 1272 1037 1335 minoris
1061 1269 1150 1332 fuerit
1172 1266 1250 1328 intre
1282 1257 1493 1365 circumferen-

162 1366 233 1428 tiam
256 1364 395 1444 majoris,
425 1365 684 1442 rectangulum
712 1365 780 1426 sub
808 1363 977 1445 partibus
1002 1357 1175 1422 diametri
1200 1355 1367 1424 minoris,
1399 1364 1493 1428 qnss

162 1455 377 1534 disseparet
403 1452 710 1516 circumferentia
737 1454 866 1532 major,
897 1453 1051 1533 aequale
1082 1458 1139 1512 est
1173 1439 1388 1543 rectangulo
1430 1435 1494 1497 sub

163 1552 356 1624 segmento
389 1541 559 1604 diametri
592 1543 743 1622 majoris
775 1542 921 1615 minori,
955 1540 1044 1621 quod
1075 1541 1169 1603 linea
1190 1552 1254 1618 per
1276 1539 1494 1592 sectiones

162 1633 273 1707 facit,
314 1640 349 1695 et
375 1630 440 1695 sub
474 1631 697 1695 differentia
727 1633 827 1693 inter
858 1630 1073 1693 diametrum
1106 1628 1279 1710 majorem
1313 1619 1494 1683 differen-

454 1721 618 1801 tiamque
647 1722 835 1783 dictarum
858 1719 1010 1782 minoris
1033 1720 1201 1799 partium.

248 1809 320 1873 Stet
352 1818 483 1871 centrum
517 1811 636 1872 minoris
667 1813 698 1874 A
727 1810 806 1870 intra
832 1809 1099 1871 circumferentiam
1120 1806 1258 1888 majoris,
1292 1811 1323 1865 et
1351 1801 1392 1864 sit
1414 1796 1493 1861 linea

164 1899 329 1962 sectionum
351 1895 427 1973 FG,
459 1917 566 1960 secans
598 1900 715 1961 ductam
738 1917 792 1977 per
813 1898 854 1972 Ε,
887 1901 917 1963 A
939 1899 969 1960 in
991 1907 1099 1978 puncto
1122 1899 1153 1970 1,
1182 1896 1211 1958 in
1234 1913 1294 1977 qua
1314 1891 1372 1954 EA
1394 1886 1492 1952 conti-

161 1997 253 2052 nuata
280 1987 342 2049 sint
363 1996 475 2068 puncta
506 1988 759 2050 circumferentiae
783 1988 904 2066 majoris
927 1988 971 2062 N,
1002 1986 1047 2055 K,
1078 1986 1200 2049 minoris
1223 1985 1262 2057 L,
1297 1981 1346 2055 Μ,
1376 1979 1494 2058 sintque

162 2078 207 2148 Κ,
229 2076 265 2139 M
288 2075 439 2138 interiora
489 2076 533 2138 Et
554 2078 609 2155 ipsi
632 2077 689 2139 LK
711 2094 749 2138 ex
772 2078 803 2138 ld
826 2075 960 2158 aequalis
982 2095 1087 2138 versus
1111 2075 1139 2138 A
1162 2083 1295 2138 centmm
1317 2067 1495 2133 extendatur

164 2162 238 2241 ΝΟ,
254 2174 290 2228 ut
302 2163 361 2227 ΚΟ
376 2165 416 2226 sit
426 2164 592 2227 differentia
603 2167 732 2246 partium
739 2166 805 2238 LK,
817 2165 890 2246 ΚΜ,
905 2175 936 2227 et
951 2163 1006 2227 ΟΝ
1022 2164 1189 2228 differentia
1202 2165 1333 2245 ipsamm
1341 2159 1411 2234 ΝΚ,
1424 2152 1493 2221 ΚΟ.

161 2257 237 2320 Dico
261 2255 464 2334 rectiangulum
488 2254 543 2317 sub
565 2254 635 2325 LK,
668 2256 730 2317 ΚΜ
752 2254 874 2335 aequari
896 2255 1069 2333 rectangnlo
1091 2255 1146 2317 sub
1168 2254 1227 2328 Kl,
1259 2250 1328 2314 ΟΝ.
1373 2249 1416 2312 Ut
1437 2247 1495 2309 hoc

167 2346 233 2408 sine
264 2361 374 2423 magna
404 2344 602 2424 perplexitate
635 2344 868 2418 demonstretur,
899 2344 1070 2417 considera,
1103 2344 1179 2423 quod
1203 2343 1246 2405 ll*
1269 2340 1310 2403 sit
1332 2335 1494 2402 communis

163 2432 419 2515 perpendicularis
443 2441 610 2513 expuncto
634 2433 769 2495 diametri
796 2432 812 2496 1
835 2433 863 2494 in
886 2442 1039 2515 utramque
1063 2431 1326 2496 circumferentiam
1341 2429 1377 2491 F.
1409 2424 1495 2497 Que-

164 2524 285 2585 matun
317 2521 407 2600 igitur
428 2521 470 2584 IF
501 2521 625 2602 aequale
658 2533 705 2584 est
727 2522 900 2600 rectungnlo
932 2523 986 2585 sub
1009 2522 1067 2596 Kl,
1103 2523 1146 2585 ΙΝ
1170 2518 1334 2600 segmentis
1357 2513 1496 2579 diametri

164 2610 298 2691 majoris,
321 2611 446 2689 aequale
469 2619 501 2671 et
521 2613 695 2690 rectangulu
719 2612 773 2672 sub
796 2611 851 2685 LI,
874 2612 922 2674 llll
946 2610 1109 2690 segmentis
1131 2610 1267 2673 diametri
1284 2608 1415 2670 minoris.
1448 2605 1496 2669 Ac

163 2699 288 2782 proinde
310 2700 483 2778 rectangula
505 2700 578 2760 haec
602 2700 756 2780 utrobique
780 2709 849 2760 sunt
872 2701 947 2762 inter
969 2719 1001 2761 se
1017 2700 1161 2781 aequalia
1207 2699 1317 2760 Verum
1340 2695 1418 2777 quod
1439 2694 1494 2757 sub

166 2790 216 2864 LI,
235 2789 285 2850 lld
308 2787 404 2866 majus
428 2798 475 2849 est
497 2808 542 2862 eo,
567 2790 642 2868 quod
669 2788 723 2850 sub
743 2789 807 2862 LK,
830 2789 878 2851 ΙΜ
901 2789 1067 2870 quantitate
1090 2789 1163 2867 ejus,
1188 2788 1264 2867 quod
1284 2785 1338 2847 snb
1354 2785 1412 2857 KI,
1433 2783 1493 2845 lM.

166 2877 328 2949 Commune
352 2877 504 2939 auferatur
525 2877 579 2950 Kl,
603 2879 662 2940 IM.
709 2875 796 2946 Quod
819 2895 890 2958 ergo
916 2878 970 2940 snb
988 2878 1053 2951 LK,
1075 2879 1125 2940 lM
1144 2876 1268 2957 aequale
1289 2874 1345 2936 erit
1360 2874 1397 2946 ei,
1417 2872 1494 2952 quod

165 2967 219 3029 sub
242 2966 307 3038 KI,
331 2965 404 3028 MN.
448 2965 578 3028 Rursum
601 2976 709 3035 autem,
733 2967 811 3047 quod
834 2968 889 3028 sub
911 2967 977 3042 LK,
995 2968 1042 3030 ΙΜ
1065 2967 1158 3027 minus
1182 2974 1231 3027 est
1253 2983 1299 3037 eo,
1322 2963 1399 3042 quod
1423 2979 1494 3038 pro-

164 3055 275 3136 positio
298 3053 401 3130 habet,
425 3056 479 3116 snb
503 3054 568 3129 LK,
592 3055 664 3129 ΚΜ,
688 3056 856 3137 quantitate
879 3057 954 3137 ejus,
979 3056 1056 3138 qnod
1078 3055 1133 3118 sub
1155 3054 1221 3128 LK,
1244 3053 1299 3114 Kl.
1342 3050 1386 3112 Et
1408 3049 1493 3113 sirni-

166 3145 249 3218 liter,
273 3145 351 3225 quod
375 3143 428 3205 sub
451 3144 504 3217 ΚΙ,
528 3144 591 3206 MN
614 3144 711 3207 minus
733 3153 782 3206 est
803 3163 850 3219 eo,
873 3146 949 3226 quod
972 3144 1137 3226 propositio
1160 3142 1251 3205 habet
1280 3141 1335 3203 sub
1350 3140 1405 3212 KI,
1426 3136 1492 3211 ΟΝ,

165 3233 335 3316 quantitate
357 3231 434 3311 ejus,
457 3233 536 3313 qnod
558 3233 612 3295 snb
628 3228 690 3308 ’ΚΙ,
714 3231 786 3307 OM,
810 3234 837 3295 lr.
864 3253 889 3298 e.
914 3234 971 3296 LK
1003 3254 1040 3297 ex
1071 3232 1300 3297 construetione.
1345 3226 1496 3311 Aequalis

165 3324 256 3403 igitur
292 3322 412 3401 aequali
443 3322 541 3404 aliquo
570 3321 686 3384 minora
715 3332 786 3384 sunt
814 3322 852 3384 iis
879 3342 955 3402 quae
983 3324 1138 3405 proposita
1159 3333 1243 3397 sunt,
1275 3319 1410 3404 qnodque
1440 3334 1495 3381 sao

166 3410 369 3495 respondenti.
405 3410 500 3491 Igitur
522 3420 554 3471 et
575 3412 729 3492 proposita
750 3411 831 3473 inter
850 3430 883 3474 se
906 3421 976 3475 sont
999 3406 1183 3494 aequalia.¹)

676 3570 883 3634 Theorema
903 3570 991 3639 XVL

166 3676 323 3741 Rursum
351 3678 495 3740 ceteris
524 3677 766 3740 manentibus
788 3685 831 3740 ut
851 3679 968 3743 theor.
992 3679 1079 3744 XIV.
1102 3680 1131 3742 si
1155 3687 1321 3743 centrum
1342 3677 1495 3744 minoris

168 3765 288 3830 fuerit
314 3773 432 3828 extra
453 3766 807 3831 circumferentiam
820 3768 996 3847 majoris:
1019 3770 1276 3850 rectangulunr
1294 3768 1360 3833 snb
1377 3768 1494 3850 parti·

170 3857 240 3918 bus
262 3852 444 3917 diametri
465 3856 632 3930 minoris,
656 3874 746 3938 quas
766 3856 999 3938 disseparet
1020 3857 1493 3951 circumferentiamuJ‘or,

167 3944 320 4028 aequale
344 3950 407 4003 est
426 3945 657 4024 rectaugulo
676 3943 743 4007 sub
763 3955 958 4024 segmento
981 3947 1153 4010 diametri
1175 3948 1331 4027 majoris
1354 3945 1493 4020 minori,

167 4032 258 4117 quod
288 4031 387 4093 facit
416 4032 516 4095 linea
542 4052 608 4114 per
637 4033 830 4096 sectiones
859 4043 897 4097 st
928 4036 994 4098 sub
1017 4037 1224 4117 composita
1247 4057 1292 4098 ex
1314 4037 1492 4102 diametro

324 4121 462 4200 majore
486 4131 524 4184 et
547 4123 767 4185 differentia
789 4124 967 4186 dictarum
994 4124 1144 4188 minoris
1166 4126 1335 4206 partium.

252 4206 326 4274 Stet
357 4219 489 4274 centmm
519 4211 642 4273 minoris
663 4212 694 4273 A
726 4220 812 4274 extra
841 4214 1107 4276 circumferentiam
1129 4215 1267 4296 majoris,
1298 4222 1330 4278 et
1351 4213 1391 4277 sit
1413 4214 1493 4277 linea

170 4299 338 4363 sectionum
383 4297 448 4374 ΡΟ,
472 4319 578 4362 secans
601 4301 718 4363 ductam
741 4320 794 4379 per
815 4299 852 4369 Ε,
876 4303 908 4365 A
929 4302 958 4364 in
981 4313 1089 4383 puncto
1112 4303 1149 4380 R,
1174 4306 1289 4385 sintque
1311 4303 1340 4367 in
1363 4304 1419 4366 huc
1440 4322 1494 4385 per

166 4398 272 4453 centra
298 4388 389 4451 duna
414 4399 524 4468 puncta
550 4390 802 4452 circumferentiae
825 4392 946 4471 majoris
966 4392 1010 4468 N,
1042 4393 1072 4454 Κ
1093 4400 1127 4454 nt
1149 4394 1245 4473 prius,
1272 4393 1393 4456 minoris
1420 4411 1491 4456 vero

166 4479 212 4555 fl,
234 4475 276 4551 S,
299 4477 354 4539 sed
375 4476 418 4551 N,
441 4476 466 4541 S
488 4479 645 4541 interiora:
669 4478 778 4558 stipsi
802 4478 856 4542 SN
877 4482 1009 4564 aequalis
1032 4480 1371 4546 abHextendsturHZ
1386 4499 1492 4546 versos

166 4569 204 4643 A,
225 4576 263 4639 ut
284 4566 340 4633 ΖΝ
363 4565 405 4628 sit
426 4567 592 4629 differentis
613 4568 741 4647 partium
762 4569 829 4635 ΗΝ,
852 4568 914 4641 NS,
939 4578 971 4631 et
986 4569 1040 4631 ΖΚ
1062 4588 1178 4633 summa·
1197 4572 1327 4652 ipssmm
1341 4571 1409 4647 KN,
1423 4568 1489 4633 Ns.

166 4656 241 4719 Dios
261 4655 468 4734 rectsogulum
483 4655 538 4719 sub
552 4656 687 4737 partibus
703 4656 772 4730 ΗΝ,
795 4656 849 4721 Ns
863 4660 985 4738 aequale
1001 4678 1069 4722 esse
1083 4661 1255 4740 neouguto
1269 4660 1324 4722 sub
1342 4658 1410 4737 RN,
1424 4658 1492 4731 KZ,

166 4745 299 4817 Rursum
320 4743 413 4819 enim,
446 4752 479 4807 ut
508 4744 590 4826 prius
625 4746 775 4809 mediante
802 4745 948 4810 communi
975 4749 1209 4830 perpendiculari
1232 4748 1287 4812 ΒΡ
1313 4748 1343 4811 in
1364 4756 1490 4829 utruque

160 4820 278 4903 'cusum
300 4834 530 4913 demonstratur,
552 4835 690 4920 aequalia
711 4836 894 4917 rectiangula,
918 4838 995 4919 quod
1018 4839 1073 4902 sub
1096 4838 1163 4921 SR,
1185 4837 1257 4916 RH,
1281 4847 1313 4903 et
1334 4839 1413 4922 quod
1434 4837 1489 4914 soh
