3354 5504
667 330 685 368 ⁸
701 315 811 381 merc
829 315 970 369 mm
1430 314 1495 386 tos

145 511 219 571 rnm,
243 493 290 556 sic
306 494 372 575 jam
396 502 428 556 et
449 493 583 557 calculus
606 494 637 556 in
659 495 841 569 alterorum,
865 513 939 574 quos
963 493 1035 570 dixi,
1058 493 1190 574 gratiam
1213 500 1246 555 et
1268 502 1302 557 nt
1323 494 1496 560 mathema·

145 582 198 645 cici
220 582 253 645 in
275 582 423 646 communi
446 583 548 645 labore
567 584 791 647 taediosissime
807 584 1014 656 liberarentur,
1039 582 1257 645 accommodari
1278 582 1365 649 facile
1387 585 1496 669 potuit,
1596 640 1599 645 .

145 672 316 755 composita
338 673 445 737 tabula
466 672 784 753 prosthaphaeresium
800 681 1019 735 menstruarum
1043 672 1107 752 ejus
1132 671 1267 753 epicycli,
1293 693 1379 755 qnem
1393 674 1497 759 Tycho

145 760 352 825 collocaverat
374 763 413 825 ad
435 763 571 825 Terram.
612 763 678 824 Hae
702 782 811 825 causae
836 762 948 824 laboris
971 760 1060 840 hujus
1083 762 1114 823 in
1136 761 1296 843 publicum,
1319 763 1357 825 de
1381 765 1497 847 quihus,

145 850 225 931 quod
247 850 335 931 prins
358 852 505 925 dicebam,
529 859 563 913 tn
586 852 753 914 rectissime
772 852 934 932 judicabis,
960 851 1009 931 qui
1033 850 1092 913 tuis
1115 849 1284 913 hortatibus
1308 861 1499 917 cunctantem

144 958 192 1003 mo
214 939 362 1021 impulisti
385 959 451 1003 cum
475 940 611 1002 adhaec
638 950 701 1003 tum
727 940 766 1002 ad
789 941 850 1002 alia
874 940 1061 1002 incommoda
1083 939 1110 1001 si
1133 940 1196 1002 fieri
1218 949 1325 1021 posset
1347 943 1496 1006 lenienda.

144 1027 222 1093 hfihi
247 1046 319 1092 voro
341 1030 482 1111 privatim
506 1049 616 1092 causae
641 1031 840 1110 suppetebant
862 1049 920 1092 non
937 1029 1183 1091 contemnendae.
1217 1030 1351 1093 Primum
1374 1032 1411 1094 de
1435 1042 1498 1093 tam
1620 1036 1625 1049 ’

144 1112 361 1200 multiplicibus
383 1119 648 1201 inaequalitatibus
672 1120 777 1181 Lunae
809 1121 905 1183 multa
934 1119 1006 1181 mihi
1035 1137 1101 1181 cnm
1124 1118 1264 1201 Tychone
1290 1120 1357 1182 vivo
1381 1122 1497 1185 disser-

145 1207 225 1271 tatio
249 1207 326 1284 iuit3
350 1229 408 1292 quo
426 1209 580 1273 hortatore
596 1228 715 1289 semper
730 1208 844 1289 aliquid
863 1208 1028 1283 tentabam,
1052 1218 1086 1270 ut
1108 1228 1167 1269 nna
1190 1210 1267 1288 quod
1290 1211 1376 1290 ajunt
1398 1211 1499 1273 fidelis

146 1297 224 1360 dnos
253 1298 387 1379 parietes
417 1298 589 1360 dealbarem
622 1301 696 1372 (nna
726 1298 847 1380 inquam
876 1296 1036 1379 hypothesi
1069 1307 1223 1378 utramque
1252 1299 1499 1380 inaequalitatem

145 1391 350 1462 excusarem).
383 1386 552 1450 Sescentos
568 1388 685 1449 tentavi
700 1387 802 1449 aditus
826 1407 892 1449 cum
916 1387 1036 1467 plurimi
1059 1387 1202 1467 temporis
1222 1387 1361 1467 jactura:
1388 1388 1497 1452 toties-

145 1494 203 1558 que
222 1475 290 1556 jam
313 1476 489 1539 devoratam
519 1477 664 1558 praedam
694 1475 801 1539 iterum
829 1495 845 1537 e
869 1475 1015 1538 saucibus
1033 1475 1130 1538 amisi.
1177 1477 1254 1539 Nam
1277 1477 1350 1539 mihi
1373 1478 1498 1542 subinde

144 1565 324 1649 imponebat
346 1564 492 1629 circelius·
507 1566 558 1629 ille
586 1567 625 1627 ad
648 1567 774 1628 Terram
801 1574 871 1645 post
902 1566 1023 1628 dumeta
1055 1566 1250 1645 triangularis
1280 1567 1391 1630 laboris
1422 1568 1496 1631 lati·

144 1652 227 1718 tan's.
265 1657 400 1719 Tandem
424 1656 515 1735 igitur
537 1654 567 1717 in
590 1657 725 1736 apricum
739 1654 948 1717 commodioris
971 1654 1175 1735 hypotheseos
1198 1655 1256 1718 luit
1276 1657 1497 1737 protrahendus

143 1752 176 1806 ct
189 1751 285 1817 ‚totus
308 1765 374 1808 cnm
397 1745 534 1808 omnibns
557 1746 673 1807 ortibus
697 1745 761 1806 suis
782 1744 815 1805 in
837 1744 973 1806 tabulam
997 1744 1210 1823 conjiciendus.

145 1892 150 1897 .
233 1832 272 1897 In
294 1842 450 1915 posterum
472 1834 573 1916 itaque
598 1834 669 1896 mihi
692 1834 751 1895 erit
773 1833 960 1912 expeditius,
991 1833 1106 1895 variam
1129 1832 1218 1913 hujus
1240 1835 1497 1915 prosthaphaere-

143 1942 215 1987 soos
238 1923 466 2005 permistionem
489 1943 555 1986 cnm
569 1924 667 2005 ‚dicta
689 1922 824 2005 Tychcni
847 1923 1014 1985 variatione
1038 1931 1192 1985 menstrua
1214 1922 1336 2006 propius
1360 1937 1497 1989 contem-

142 2012 246 2095 plori,
276 2021 309 2076 ot
339 2014 442 2076 videre
470 2033 507 2075 an
533 2012 745 2075 sufficientibus
768 2012 1011 2074 observationum
1034 2010 1256 2075 conditionibus
1286 2015 1426 2091 suffulta,
1459 2035 1497 2078 an

143 2102 244 2185 (qnod
257 2096 408 2166 interdum
423 2103 574 2183 suspicor)
598 2103 647 2164 vel
663 2120 730 2169 cum
748 2101 914 2164 varmtione
934 2100 1105 2184 Tychonica
1129 2103 1210 2175 (cnm
1231 2102 1386 2185 physicam
1400 2105 1497 2186 ,plane

143 2202 305 2274 utramque
328 2212 398 2255 esse
427 2211 553 2254 necesse
576 2191 633 2265 sit)
664 2191 713 2252 vel
742 2209 808 2252 cum
831 2191 1017 2253 Ptolemaios
1045 2187 1164 2270 dyrhcss
1190 2202 1345 2254 menstrua
1372 2192 1498 2281 epipyeli

142 2300 304 2345 commune
327 2283 399 2364 quid
422 2281 576 2344 obtineat:
601 2281 645 2342 sic
668 2289 703 2342 nt
723 2288 882 2360 susceptus
903 2279 1104 2360 aGopernico
1123 2281 1271 2344 secundus
1292 2282 1444 2364 epicyclus
1466 2290 1499 2344 et

142 2380 353 2435 crmssumtus
377 2369 554 2453 aTychonc
578 2369 673 2453 adque
696 2371 821 2432 Terram
845 2369 1010 2433 collocatus
1034 2388 1091 2431 non
1114 2371 1203 2451 plane
1227 2370 1310 2434 illam
1330 2373 1497 2436 Ptolemai-

142 2479 213 2525 cam
237 2456 358 2541 irrircm
378 2468 526 2540 praestet,
551 2466 767 2539 contraquam
792 2458 977 2541 Copernicus
1001 2459 1051 2521 lib.
1074 2460 1131 2539 LV.
1156 2481 1223 2542 cap.
1248 2457 1267 2525 9
1291 2461 1496 2526 demonstrare

142 2546 265 2617 nititur.

237 2636 335 2702 Simul
358 2639 450 2701 etiam
471 2637 637 2719 pericnlum
666 2637 766 2700 facere
795 2638 876 2700 volui
907 2638 1019 2700 laboris
1047 2638 1217 2719 tabularum
1239 2639 1498 2719 Rudolphinarum
1568 2622 1575 2639 ’

143 2727 390 2793 condendsrum:
415 2747 473 2809 quo
489 2726 608 2790 nominc
631 2728 705 2801 (etsi
720 2746 795 2808 opus
809 2727 907 2807 ipsum
927 2747 980 2788 seu
999 2726 1115 2790 irritum
1138 2747 1191 2789 sen
1214 2747 1273 2790 ncn
1297 2730 1498 2793 necessarium

142 2820 249 2894 casco
271 2836 330 2881 uon
354 2816 547 2880 mediocriter
569 2836 616 2878 me
637 2816 946 2897 profecisse'eensec.

235 2904 325 2979 Quod
348 2915 449 2970 antem
468 2926 527 2969 non
543 2925 609 2967 eam
629 2907 755 2968 formam
770 2906 938 2968 tabularum
953 2925 1018 2967 snm
1034 2914 1164 2980 secutus,
1189 2924 1276 2985 quam
1291 2904 1495 2983 Ptolemaeus,

141 2996 341 3078 Alphonsini,
366 2996 550 3076 Copemicns
570 3006 602 3057 et
615 2996 794 3058 Prntenicae
812 2996 1012 3076 praeiverunt,
1037 3015 1130 3057 cansa
1148 2993 1223 3056 haec
1246 3003 1304 3069 est,
1329 2994 1399 3075 qnia
1420 2994 1495 3059 haec

141 3086 219 3152 mihi
243 3085 340 3148 forms
362 3085 492 3148 omnium
514 3085 694 3147 brevissima
717 3084 836 3146 videtur
866 3085 933 3147 loca
962 3083 1153 3173 computandi
1183 3102 1221 3145 ex
1253 3083 1385 3158 tabulis3
1419 3104 1495 3167 quae

142 3176 206 3240 etsi
228 3175 260 3238 in
283 3175 371 3238 Luna
392 3174 526 3237 nonnihil
549 3174 641 3236 habet
663 3175 825 3236 etiamnum
848 3174 976 3248 laboris,
1004 3182 1127 3254 propter
1149 3174 1277 3253 apcgssi
1299 3182 1329 3235 et
1351 3174 1496 3237 nodorum

141 3265 263 3337 celeres
295 3273 413 3334 motus,
445 3263 476 3325 in
508 3264 617 3326 ceteris
648 3273 748 3327 tamen
777 3263 910 3343 planctis
938 3271 1024 3325 tanto
1053 3263 1160 3342 majori
1188 3282 1255 3325 cuns
1281 3263 1402 3325 foenore
1426 3263 1494 3326 erit.

140 3354 190 3418 Et
210 3346 366 3425 tamenin
390 3353 459 3434 ipsa
481 3353 572 3415 etiam
596 3353 683 3416 Luna
710 3352 868 3433 plurimum
895 3353 1035 3433 expedire
1059 3360 1149 3432 puto:
1183 3371 1241 3414 non
1262 3371 1317 3433 per
1340 3352 1496 3416 anfractus

142 3454 178 3519 et
199 3444 335 3509 latentes
359 3442 424 3504 vias
447 3442 651 3522 longitudinis,
676 3442 860 3517 anomaliae,
885 3451 983 3505 motus
1007 3441 1174 3504 latitudinis
1197 3440 1335 3503 incedere
1359 3442 1495 3522 ignarum

142 3534 198 3599 uhi
221 3532 363 3607 verseris,
385 3531 559 3612 priusquam
582 3533 621 3595 ad
644 3531 779 3594 ultimum
797 3532 956 3611 pervenias
977 3532 1104 3593 ostium:
1130 3531 1183 3592 sed
1206 3549 1245 3592 ex
1267 3530 1394 3594 editiore
1417 3533 1493 3608 loco,

143 3621 277 3705 apogaei
300 3620 417 3689 s'cilicet
439 3630 471 3683 et
492 3622 636 3684 nodorum
657 3621 746 3684 tardo
769 3630 866 3695 motu,
898 3628 1089 3701 prospectum
1118 3621 1211 3682 totins
1239 3620 1354 3682 itineris
1378 3639 1496 3701 semper

142 3711 260 3777 habere
283 3711 320 3773 ob
345 3711 456 3795 oculos.
503 3709 605 3783 Quare
629 3710 701 3786 tibi,
726 3710 784 3772 Vir
805 3711 911 3771 harum
934 3729 1031 3771 rerum
1052 3708 1234 3790 peritissime
1257 3709 1404 3790 juxtaque
1427 3729 1494 3774 am·

142 3801 298 3887 piissime,
329 3801 482 3881 exemplar
504 3812 730 3881 repraesentare
754 3800 836 3862 volui
863 3800 928 3878 ejus
952 3800 1064 3861 formae
1087 3797 1256 3860 tabularum
1276 3799 1493 3879 Rudolphaea-

142 3910 223 3968 rnm,
248 3908 337 3973 qnam
360 3909 416 3970 ego
440 3888 540 3951 auimo
564 3889 697 3970 concepi,
722 3897 755 3952 nt
777 3890 846 3970 qnia
869 3888 1019 3968 publicum
1042 3906 1116 3967 opus
1140 3888 1271 3949 futurum
1293 3897 1341 3950 est
1364 3889 1405 3961 (si
1427 3890 1494 3952 Deo

142 3979 312 4066 placuerit)
338 3979 468 4063 plurium
497 3978 588 4040 etiam
618 3986 651 4040 et
678 3978 909 4059 intelligentium
934 3977 1047 4058 judicio
1075 3977 1217 4038 firmetur.
1263 3977 1392 4040 Paratus
1415 3976 1495 4042 enim

145 4090 234 4147 sum,
266 4069 293 4132 sl
321 4068 476 4151 quisquam
505 4068 578 4130 mihi
607 4068 893 4149 compendiosiorem
922 4058 1004 4130 iiam
1032 4066 1261 4141 monstraverit,
1291 4066 1376 4129 illam
1399 4067 1493 4149 sequi,

142 4159 321 4237 institutum
348 4158 496 4221 deserere.
542 4158 656 4237 Accipe
683 4157 776 4237 igitur
806 4158 861 4219 has
884 4155 952 4218 Tibi
983 4157 1117 4237 proprias
1150 4156 1290 4230 chartas,
1323 4176 1433 4238 easque
1461 4165 1496 4218 ut

143 4250 235 4315 lubet
256 4255 289 4310 et
310 4247 451 4328 expedire
474 4246 530 4308 tibi
551 4247 717 4321 videbitur,
748 4266 815 4309 cum
844 4245 976 4308 literatis
1006 4254 1037 4306 et
1058 4264 1156 4307 rerum
1184 4244 1418 4324 intelligentibus
1441 4264 1495 4308 sen

143 4338 268 4423 publice
292 4356 345 4400 sen
367 4336 510 4417 privatim
527 4336 729 4401 communica:
754 4336 798 4398 sic
821 4344 922 4397 tamen
946 4342 980 4396 ut
1002 4333 1131 4397 virorum
1154 4320 1309 4397 doctorum
1327 4334 1441 4415 judicia
1464 4334 1493 4396 in

143 4447 247 4492 meum
269 4434 302 4488 et
330 4426 424 4488 totins
452 4425 653 4488 astronomiae
680 4425 866 4488 commodum
894 4422 1028 4486 vicissim
1058 4421 1218 4501 colligere,
1252 4442 1312 4503 qua
1342 4422 1494 4485 commode

143 4516 282 4601 poteris,
307 4517 460 4597 Tuumque
483 4513 647 4594 adjungere
670 4533 727 4577 non
752 4515 899 4595 negligas.
945 4513 1052 4575 Facies
1075 4512 1123 4588 id,
1155 4513 1233 4592 qnod
1263 4514 1368 4574 doctos
1391 4530 1495 4574 omnes

144 4628 166 4671 a
189 4609 236 4670 Tc
258 4612 437 4685 exspectare
461 4604 600 4667 diuturna
623 4604 835 4667 consuetudine
859 4602 996 4665 docuisti.
1042 4602 1121 4664 Vale
1146 4609 1178 4662 et
1199 4620 1245 4662 me
1269 4619 1369 4663 amare
1392 4619 1494 4682 perge.

142 4698 269 4779 Prsgae
292 4693 491 4761 Bohcmornm
514 4693 553 4757 X.
572 4690 638 4755 Gal.
659 4693 761 4774 Msjas
783 4710 862 4756 anno
885 4692 966 4772 vulg.
989 4692 1120 4772 epochae
1145 4689 1260 4755 Christi
1280 4691 1339 4756 Dei
1364 4687 1459 4756 1603.

842 4781 923 4844 Noh.
947 4788 979 4841 st
1000 4781 1084 4862 Mag.
1107 4788 1178 4842 tuae
1406 4802 1413 4829 -’

1060 4868 1285 4934 addictissimus

1164 4957 1217 5025 Io·
1240 4954 1406 5046 Keplercc.
