3354 5504
168 269 212 340 64
586 273 685 325 Literae
704 273 808 338 Kepleri
827 274 975 340 aliorumque
992 278 1093 325 neumae

168 450 233 502 Solis
250 454 370 515 majorem
398 466 452 502 esse
480 451 577 507 asseris,
605 464 754 516 magnopere
772 451 853 500 miror.
889 449 1009 513 Quaado
1027 451 1191 515 parallaxibus
1219 454 1329 516 adducis,
1355 456 1397 506 vix
1428 461 1535 511 tanum

169 523 336 595 differentiam
354 523 514 578 excusabunt,
534 537 590 572 cum
608 536 657 570 non
675 522 708 570 sit
725 522 801 571 multo
819 523 897 584 maior
913 531 987 585 quarn
1005 524 1031 572 in
1050 521 1115 574 Sole.

258 594 400 654 Quaeritur,
420 608 452 643 an
471 599 581 641 centrum
600 593 733 642 eccentrici
751 591 838 642 Martis
865 607 892 642 re
915 607 974 642 vera
996 594 1069 643 rixurn
1094 596 1126 644 sit
1150 597 1175 645 in
1192 594 1251 647 Sole
1277 596 1316 647 rel
1342 599 1471 653 disemum
1498 603 1534 654 ab

166 680 199 716 eo
221 665 302 716 locum
319 663 434 716 habeat?
453 663 536 726 Tycho
554 664 658 726 primum
670 663 730 711 rult.
757 662 882 723 Quomodo
896 670 922 711 tu
936 665 1067 720 existimas,
1086 664 1194 716 Martem
1212 668 1388 732 imaginarium
1401 672 1535 735 quoddam

166 743 287 801 punctam
313 743 383 788 motu
409 734 490 784 medio
517 735 652 797 respicere,
682 735 754 783 siud
781 734 887 782 medium
906 741 997 784 rnoturn
1015 736 1056 785 ille
1079 732 1231 787 referretur?
1249 740 1337 796 ⁴Certe
1355 741 1400 791 Sol
1418 758 1472 793 non
1492 753 1534 797 en

169 808 345 873 imaginarium
369 812 488 871 punctum
506 811 532 855 et
549 812 634 855 tamen
653 805 718 854 illius
741 812 821 854 motus
840 812 868 853 nt
884 819 954 854 rerus
972 807 1010 855 ita
1027 807 1121 856 medius
1140 807 1330 863 consideraturi
1362 812 1392 862 Si
1410 821 1532 869 centrum
1552 836 1554 841 ·

166 879 300 930 ecoeuhici
326 877 483 943 planetarum
510 891 560 925 non
579 882 618 925 est
636 878 661 924 in
680 874 754 931 Sole.
782 883 841 925 tunc
868 875 1011 926 latitudines
1037 879 1198 931 mutabuntur
1224 894 1328 934 aocesm
1356 885 1397 935 rel
1424 901 1534 940 recessu

166 949 297 1014 eclipticas
321 949 354 999 ad
372 948 467 997 illorum
484 947 596 1011 periodos
614 947 676 996 fixas
695 952 721 995 et
738 962 789 995 nno
805 946 858 995 loce
877 961 1004 1012 perennes.

244 1016 401 1080 Quaeritur,
420 1032 464 1067 eur
482 1017 571 1082 duplex
588 1018 614 1066 in
631 1017 737 1081 planetis
756 1018 907 1067 eceentricus
926 1025 952 1067 et
969 1033 1033 1083 qnae
1051 1033 1136 1075 causa.
1155 1021 1220 1085 quod
1239 1038 1290 1074 nna
1308 1026 1415 1089 simplici
1436 1044 1531 1080 eccon.

167 1092 278 1142 trisitate
297 1097 377 1140 motus
396 1088 510 1152 apsidum
529 1089 641 1139 excusari
659 1104 708 1137 non
721 1087 818 1152 possit?
831 1085 876 1138 dic.
903 1088 976 1146 Vale,
996 1089 1059 1155 Vige
1078 1097 1104 1140 et
1116 1091 1186 1142 Flore
1200 1094 1293 1145 Excell.
1306 1095 1339 1145 D.
1352 1097 1468 1163 Kaplere
1482 1099 1531 1153 aa,

167 1162 302 1213 Debentur
318 1160 499 1212 Resterhariae
517 1161 543 1209 in
561 1158 604 1209 Or.
623 1160 702 1210 Frisia
720 1160 743 1208 d.
766 1159 789 1208 i.
807 1161 872 1223 Aug.
895 1157 970 1209 ¹802.
1471 1168 1476 1175 ¹

257 1232 416 1296 (luscnptim
436 1230 502 1280 Dem
520 1230 630 1280 Erbaren
648 1231 699 1280 und
711 1228 896 1295 Hochgelarten
908 1230 988 1280 Herrn
1001 1231 1034 1281 ii.
1046 1232 1069 1282 J.
1084 1232 1201 1297 Keplero,
1220 1235 1293 1285 Kais.
1306 1236 1368 1300 Mej.
1389 1241 1531 1296 bestellten

167 1304 358 1354 Mathematico.
395 1302 506 1352 Meinern
524 1301 691 1367 rilgnnxtigen
710 1301 790 1351 Herrn
808 1301 859 1350 und
877 1302 997 1352 Freunde.
1018 1303 1055 1352 Zn
1068 1303 1142 1370 Prag.
1160 1305 1190 1354 ln
1209 1306 1253 1356 des
1270 1308 1351 1359 iierrn
1365 1327 1387 1359 r.
1402 1312 1529 1367 Lichteu·

166 1376 245 1425 steine
257 1375 341 1425 flauas
360 1374 406 1423 aul
421 1373 478 1423 dem
490 1372 582 1422 Retain
600 1388 631 1423 zu
649 1372 775 1423 orhunden
794 1368 853 1422 oder
870 1375 957 1437 gerriss
976 1374 1002 1423 in
1020 1375 1063 1424 der
1081 1374 1149 1425 alten
1162 1377 1237 1428 Stsdt
1253 1380 1279 1429 in
1298 1380 1343 1431 der
1361 1382 1530 1452 Zeltergam

166 1461 224 1496 xnrn
243 1446 335 1512 guidon
352 1444 484 1495 Hirschen.
522 1443 570 1494 hlit
587 1444 664 1494 Pleias
682 1459 712 1493 an
731 1441 871 1505 hestellen.)

254 1533 393 1597 Responsio
410 1532 566 1598 Kepleri,
593 1533 672 1597 prims
690 1547 775 1583 aarum
802 1546 864 1596 quas
883 1532 998 1582 exhibent
1022 1536 1206 1601 manuscripta,
1233 1538 1295 1590 data
1313 1546 1352 1590 est
1370 1542 1396 1591 d.
1419 1540 1443 1592 1.
1465 1545 1528 1599 oct.

171 1601 248 1655 tuoe.
286 1603 386 1670 (Comp.
405 1604 462 1655 Vol.
481 1604 502 1662 I,
521 1619 545 1668 p.
566 1600 638 1666 ³⁰8.)
675 1602 716 1655 Sic
735 1603 858 1675 exorditur
874 1600 1012 1668 Keplerns:

743 1691 775 1755 S.
822 1692 857 1754 P.
903 1692 942 1755 D.

260 1780 405 1863 Quisquis
420 1781 471 1843 ille
486 1781 536 1857 sit,
561 1781 608 1843 cui
623 1781 727 1844 literas
746 1782 971 1852 commendasti,
991 1782 1161 1845 doctissime
1181 1784 1309 1862 Fabrici,
1331 1788 1527 1870 negligenter

169 1871 240 1933 illas
263 1872 389 1934 curavit.
436 1869 598 1933 Audieram
624 1867 862 1933 exhaeredibus
886 1871 1068 1946 Braheanis,
1097 1872 1162 1952 jam
1193 1871 1307 1953 prid'em
1340 1877 1525 1949 fasciculum

170 1950 324 2023 literarum
347 1960 387 2023 ad
410 1979 457 2021 me
480 1959 680 2040 spectantium
704 1960 733 2021 iu
757 1975 831 2021 suas
851 1960 942 2022 aedes
965 1961 1113 2040 delatum.
1144 1962 1198 2023 sed
1221 1964 1412 2043 repudiatum
1435 1992 1455 2033 a
1479 1993 1525 2049 se,

169 2049 248 2130 quod
272 2049 439 2122 nescirent,
472 2049 628 2111 conclusas
661 2068 728 2111 esse
757 2057 788 2110 et
816 2049 933 2131 aliquas
957 2051 995 2112 ad
1018 2070 1051 2112 se
1075 2049 1199 2113 missas:
1231 2054 1424 2120 tabellarium
1450 2079 1524 2125 vero

163 2156 292 2217 negasse
316 2148 379 2201 tam
402 2139 522 2217 longum
545 2138 603 2200 iter
627 2138 779 2201 literarum
802 2158 893 2200 causa
915 2139 1032 2220 ingredi
1051 2140 1136 2212 (uam
1151 2139 1181 2201 iu
1195 2149 1333 2205 extrema
1349 2145 1412 2208 fere
1428 2160 1523 2229 parte

164 2246 260 2289 novae
284 2227 365 2290 urbis
388 2227 517 2302 habitu),
543 2227 606 2290 fore
631 2236 662 2289 ut
685 2227 735 2309 qui
758 2226 862 2290 literas
885 2236 1012 2308 quaerat
1035 2228 1113 2290 ultro
1138 2228 1177 2289 ad
1200 2249 1232 2290 se
1257 2233 1369 2296 veniat.
1410 2235 1522 2309 Quae.

164 2316 222 2379 sivi
254 2315 322 2379 illas
353 2336 408 2397 per
435 2314 456 2381 3
487 2316 684 2397 septimanas,
711 2316 832 2397 ignarus
862 2317 939 2378 unde
962 2317 1074 2379 esseut.
1121 2318 1256 2381 Tandem
1287 2321 1411 2386 innuite
1445 2330 1522 2393 mihi

163 2406 283 2485 ignotus
306 2406 393 2469 homo
417 2406 547 2470 occurrit
566 2414 597 2468 et
619 2415 716 2468 utrum
732 2404 855 2485 Kepleri
869 2405 940 2469 mihi
955 2425 1060 2468 nomeu
1075 2406 1116 2468 sit
1134 2416 1340 2486 percontatus,
1365 2413 1406 2476 ad
1426 2419 1523 2489 aedes

163 2514 211 2557 me
225 2494 453 2578 Archiepiecopi
478 2495 608 2572 ablegat,
634 2495 685 2558 ubi
707 2495 832 2557 latuere.
848 2494 1060 2557 -Exordiris
1084 2494 1206 2558 animio
1230 2517 1296 2560 meo
1321 2520 1437 2580 amore,
1463 2528 1522 2589 quo

148 2583 284 2647 nomine
306 2585 363 2647 tibi
385 2584 503 2664 gratias
527 2603 594 2664 ago.
641 2585 682 2646 Et
705 2603 770 2645 cum
793 2583 921 2664 plurima
942 2583 973 2646 in
1002 2584 1100 2646 literis
1131 2594 1309 2666 sequantur,
1343 2589 1373 2652 in
1409 2595 1522 2675 quibus

164 2694 182 2734 a
206 2692 253 2734 me
277 2672 438 2738 dissentire
472 2671 561 2749 dicis,
590 2674 691 2736 nescio
725 2674 870 2753 quomodo
899 2682 931 2735 te
955 2673 1158 2753 disputantem
1182 2695 1248 2737 cum
1272 2677 1417 2744 laudante
1442 2679 1532 2750 con.

162 2761 260 2827 ciliem
284 2762 383 2838 aliter,
407 2762 465 2824 nisi
489 2763 566 2843 quod
591 2763 729 2843 conflictu
754 2763 898 2843 fulgorem
922 2761 1060 2825 veritatis
1084 2764 1191 2827 elicere
1222 2773 1252 2827 te
1275 2783 1366 2845 posse
1399 2791 1520 2853 speres.

166 2850 266 2924 Quare
290 2853 348 2914 hoo
371 2861 428 2932 age
452 2852 491 2914 mi
514 2851 648 2926 Fabrici,
679 2852 815 2931 disputes
846 2852 876 2913 in
895 2860 1075 2932 posterum,
1098 2871 1158 2931 pon
1179 2871 1312 2932 perores.
1359 2858 1442 2924 Nam
1466 2866 1521 2929 illa

167 2941 282 3004 ratione
306 2941 392 3005 uobis
415 2941 474 3023 ipsi
497 2942 709 3022 profuerimus,
735 2941 792 3003 hac
815 2943 951 3004 nocueris
974 2941 1056 3004 mihi.
1102 2940 1170 3004 Non
1194 2943 1272 3007 enim
1296 2946 1444 3013 fovendus
1469 2963 1520 3017 eat

164 3049 248 3094 amor
272 3030 328 3102 sni,
352 3031 406 3093 sed
430 3030 508 3092 omni
532 3038 658 3115 externa
681 3039 712 3092 et
734 3030 852 3092 iuterna
873 3031 902 3092 vi
927 3030 1174 3112 pessumdaudns.

250 3119 298 3182 De
308 3121 425 3201 patriae
435 3127 506 3182 tuae
516 3127 599 3181 statu
609 3120 657 3182 hic
668 3119 865 3182 inaudivimus
887 3125 931 3191 (ΙΙ,
952 3124 1033 3187 itt).
1053 3120 1137 3183 Deus
1147 3121 1271 3187 meliora
1281 3143 1348 3186 meo
1357 3125 1517 3196 Fabricio!

162 3209 278 3272 Malum
293 3229 379 3272 omen
394 3209 490 3291 pestis
504 3209 593 3271 simul
608 3218 639 3271 et
653 3208 792 3283 rebellio;
816 3218 915 3271 metuo
926 3208 1077 3287 graviora.
1116 3211 1158 3272 Te
1177 3218 1277 3273 tamen
1293 3221 1346 3276 tua
1363 3219 1517 3294 professio

161 3300 241 3379 apud
254 3300 332 3362 hunc
351 3300 468 3375 hostem
487 3319 544 3361 nou
564 3299 660 3361 minus
679 3297 723 3360 uti
737 3317 824 3378 spero
840 3298 995 3373 tutabitur,
1013 3316 1100 3379 quam
1119 3302 1196 3381 apud
1215 3301 1390 3382 principem.
1429 3308 1516 3374 Deus
1560 3301 1563 3309 ’

160 3396 231 3452 vero
255 3397 286 3450 te
310 3397 436 3471 tuosque
460 3388 499 3450 ab
523 3387 629 3451 infreni
651 3387 778 3450 militum
802 3389 1004 3469 gregariorum
1027 3388 1148 3451 licentia
1171 3390 1333 3454 clementer
1356 3402 1491 3463 tueatur.

249 3495 265 3546 J
267 3510 308 3546 arn
319 3496 444 3561 Keplerus
465 3495 629 3556 ,offensiones
648 3511 703 3546 cnm
715 3495 885 3562 Tengnaglio“
906 3496 967 3552 adit,
985 3510 1046 3560 quas
1064 3509 1138 3560 snpra
1156 3491 1191 3560 (p.
1209 3493 1261 3560 1².)
1280 3499 1392 3560 diximus,
1413 3503 1515 3571 ωηο,

159 3576 310 3641 inrarpuitir
324 3576 532 3641 disquisitionibus
544 3577 697 3642 meroingioir
709 3575 743 3638 (1,
754 3573 826 3637 ³06.)
838 3578 931 3643 pergit:
955 3568 1086 3638 Miraris,
1101 3586 1137 3628 ex
1151 3563 1172 3629 i
1188 3572 1375 3652 acrouychiis
1390 3580 1513 3655 prodire

159 3658 286 3721 eandem
308 3675 427 3737 semper
450 3658 777 3734 commensurationem,
802 3667 834 3720 et
856 3678 921 3720 eam
945 3664 1044 3718 tamen
1064 3655 1172 3719 falsam
1190 3678 1245 3719 nec
1259 3659 1288 3721 in
1303 3664 1513 3741 parellaxibus

50 3800 54 3807 ,
161 3755 274 3828 aptam.
323 3744 453 3810 Causam
478 3747 589 3810 dicam:
624 3747 831 3826 statimpost
860 3765 1025 3830 apogaeum
1053 3744 1183 3807 maxima
1207 3757 1255 3810 est
1278 3750 1450 3817 differentia
1473 3759 1512 3822 ad

159 3835 356 3919 aequationes
379 3836 462 3918 ipsas
486 3837 516 3898 in
540 3845 664 3917 utraque
687 3837 855 3921 hypothesi.
901 3834 1052 3915 Aequatio
1075 3852 1145 3896 vero
1169 3835 1236 3917 ipsa
1263 3859 1373 3920 parva,
1398 3845 1512 3912 nedum

160 3926 417 3998 differentiatati).
457 3926 597 3989 Proxime
620 3945 691 3988 vero
715 3933 785 3987 aute
809 3925 1022 4006 longitudinem
1050 3923 1178 3985 mediam
1206 3925 1337 3990 vicissim
1367 3937 1511 4016 aequatio

163 4034 275 4095 magua
297 4016 425 4096 quidem,
449 4017 503 4077 sed
526 4015 709 4078 insensibilis
728 4015 759 4075 iu
783 4023 908 4096 utraque
938 4012 1097 4095 hypothesi
1120 4013 1297 4079 differentia.
1341 4017 1511 4090 Circa45⁰

159 4106 364 4169 tautummodo
385 4103 542 4168 variantur
565 4105 760 4186 aequatioues
782 4123 836 4183 per
858 4102 992 4166 variatas
1015 4101 1197 4183 hypotheses
1221 4126 1239 4166 a
1262 4106 1509 4195 simpliciusque

158 4196 197 4277 ad
220 4193 410 4259 rationem2
442 4195 611 4274 aequalium
643 4194 842 4275 parallaxium
865 4202 897 4255 et
926 4190 1092 4271 aequantia.
1138 4193 1244 4276 Itaque
1275 4186 1511 4271 succurrendum

158 4285 218 4349 illis
242 4284 273 4347 iu
295 4279 373 4362 45⁰3
405 4303 474 4348 uam
496 4301 550 4362 per
573 4285 794 4364 usurpationem
819 4281 963 4364 simplicis
986 4281 1292 4361 prosthaphaereseos
1323 4288 1414 4352 nimis
1447 4294 1509 4357 illic

143 4393 286 4455 magnae
310 4376 441 4438 evadunt
464 4373 669 4454 aequationes.
716 4372 855 4436 Demisso
879 4381 981 4435 centro
1005 4371 1163 4434 ecceutrici
1192 4392 1207 4434 e
1231 4373 1296 4436 loco
1319 4377 1430 4456 priori,
1460 4384 1510 4464 qni

159 4468 281 4528 manem
303 4474 438 4529 centrum
461 4464 629 4543 aequantia,
652 4464 725 4525 hunt
738 4463 808 4525 illae
822 4461 951 4541 majores
970 4460 1124 4540 paulatim.
1162 4462 1292 4527 Tantum
1310 4466 1389 4530 enim
1403 4480 1510 4550 potest

159 4555 190 4616 id
223 4547 364 4618 centrum
390 4552 524 4624 demitti,
557 4553 652 4615 donec
684 4570 879 4632 assequamur
906 4550 1020 4629 justum
1048 4551 1196 4614 modulum
1226 4556 1440 4634 aequatiouum
1470 4582 1509 4626 ex

159 4662 332 4727 quacunque
354 4641 630 4726 prosthaphaeresi.
676 4644 761 4705 Hunc
794 4642 875 4703 circa
901 4634 972 4716 45⁰,
1003 4639 1051 4701 ubi
1078 4641 1206 4704 variatio
1233 4644 1380 4722 maxima,
1415 4652 1508 4715 talem

161 4733 315 4815 eligemus,
339 4742 373 4796 nt
396 4752 499 4796 omues
522 4729 704 4814 hypotheses
728 4729 906 4794 conveniant
929 4729 958 4791 in
981 4729 1165 4809 longitudine
1189 4733 1288 4794 media
1319 4741 1411 4817 utque
1436 4742 1506 4822 pla-

158 4832 246 4887 netae
264 4825 380 4905 justum
404 4824 500 4886 locum
523 4822 766 4903 expresserimus.
810 4819 914 4903 ,Quare
938 4819 964 4882 ei
982 4818 1116 4883 deviabit
1138 4821 1244 4898 adhuc,
1269 4823 1401 4893 deviatio
1426 4830 1507 4894 eirca
