3354 5504
159 295 225 367 512
693 279 1020 373 umppueumsa'

162 481 310 565 praebent
333 490 491 545 conatuum
514 503 576 546 rem
598 484 722 546 ulterius
745 485 947 561 continuandi,
971 484 1088 564 singula
1110 483 1299 546 theoremata
1321 484 1370 545 vel
1385 482 1508 564 proble-

166 581 251 633 mata
274 573 398 653 digitum
423 574 580 635 intendunt
604 575 641 635 ad
665 576 842 654 praemissa,
866 574 984 637 omissis
1008 594 1079 637 vero
1095 573 1419 648 numericordinariis3
1443 572 1509 634 cal-

165 661 225 723 culi
249 663 433 737 multiplices
457 664 503 724 his
527 663 622 725 additi
647 665 774 726 suntad
799 664 946 746 inceptum
960 666 1144 746 pertinentes
1161 663 1325 744 negotium,
1349 663 1509 726 donceres

158 751 250 833 plane
278 752 437 814 deseritur.

248 841 282 906 Si
307 860 344 903 ex
367 841 424 914 his,
448 860 524 922 quae
546 849 669 921 praesto
692 850 770 916 sunt,
795 843 950 924 exemplis,
966 843 991 904 si
1010 843 1153 925 inspectis
1167 842 1280 922 passim
1295 841 1509 922 manuscriptis

164 940 196 995 et
232 931 413 1011 comparatis
449 932 505 1005 iis,
540 950 614 1011 quac
646 931 710 1010 ipse
747 932 836 993 affert
867 935 903 994 de
932 933 1049 994 ratione
1080 932 1260 1014 procedendi
1282 932 1313 994 in
1337 929 1508 996 Commeat.

159 1020 271 1087 Martis
300 1023 412 1099 (comp.
441 1021 549 1083 literas
572 1020 694 1101 Kepleri
725 1022 763 1082 ad
786 1022 989 1094 Maestlinum,
1013 1022 1183 1086 Fabricium
1206 1022 1340 1102 aliosque
1363 1022 1394 1083 in
1417 1040 1508 1101 prae-

160 1113 274 1174 fatione
298 1110 415 1172 adhoc
438 1110 528 1191 opus)
552 1111 577 1171 si
602 1130 639 1171 er
662 1111 709 1171 his
733 1112 909 1174 concludere
934 1113 1003 1174 licet
1022 1113 1058 1172 de
1077 1111 1210 1190 reliquis,
1235 1130 1312 1191 quae
1326 1111 1512 1189 conscripsit

160 1202 322 1283 Keplerus.
346 1218 405 1261 non
429 1200 494 1263 sine
517 1199 655 1261 veritatis
671 1202 772 1282 specie
791 1201 865 1263 baec
883 1203 920 1265 de
939 1211 1061 1264 anctore
1075 1211 1177 1263 nostro
1190 1202 1338 1264 dicamus:
1363 1200 1507 1275 Primum,

160 1308 354 1373 quaecunque
377 1289 573 1352 occurrebant
595 1288 728 1370 Keplero
756 1291 949 1366 notabiliora,
974 1310 1040 1354 cum
1063 1291 1143 1353 domi
1166 1299 1228 1352 tum
1252 1291 1280 1353 in
1304 1290 1413 1352 itinere
1438 1290 1508 1361 (ad-

162 1381 286 1462 scripsit
319 1379 455 1460 saepius,
483 1388 603 1458 praeter
635 1381 712 1441 diem
738 1399 794 1459 quo
820 1382 1040 1443 lucubrationes
1064 1382 1186 1444 chartae
1210 1379 1381 1452 mandarit,
1414 1380 1504 1442 etiam

163 1470 280 1546 urbem,
305 1490 333 1532 v.
357 1488 386 1549 g.
413 1467 618 1543 ,Monacbii“,
645 1468 813 1549 „Pragae“,
839 1471 1034 1550 „Tubingae“
1059 1472 1149 1544 dre),
1177 1470 1257 1531 inter
1279 1468 1382 1531 studia
1405 1480 1504 1531 astro-

161 1559 277 1624 nomica
304 1568 335 1622 et
357 1560 387 1620 in
411 1558 491 1633 otio,
529 1558 679 1639 extemplo
703 1559 753 1621 ubi
775 1568 881 1640 posset
911 1560 1026 1622 chartis
1057 1560 1211 1632 tradebat,
1244 1559 1293 1621 vel
1322 1578 1378 1641 per
1401 1559 1503 1621 literas

161 1650 201 1713 ad
222 1648 335 1713 amicos
360 1649 448 1711 datas
472 1647 684 1723 dubitationes,
708 1669 783 1730 quae
807 1650 1012 1725 occurrebant,
1037 1649 1174 1730 sibiipsi
1199 1649 1328 1712 eximere
1352 1649 1502 1711 studebat.

159 1738 286 1807 Deinde,
309 1756 400 1821 quum
420 1756 471 1799 res
498 1736 593 1818 ipsum
619 1738 750 1816 agitaret
773 1739 885 1819 gravis,
909 1758 1007 1820 quum,
1036 1747 1070 1802 ut
1092 1739 1204 1825 apcidit
1227 1737 1255 1799 iu
1280 1737 1503 1821 „Hipparcbo“,

160 1828 318 1893 moliretur
329 1826 492 1891 editionem
505 1826 660 1906 cujusdam
681 1827 788 1910 operis,
803 1829 947 1890 versabat
963 1848 1024 1891 reru
1042 1830 1236 1911 propositam,
1256 1826 1352 1890 donec
1378 1828 1504 1890 maxima

161 1936 200 1980 cx
220 1926 326 2001 perte,
349 1924 384 1980 ut
405 1915 451 1977 ita
472 1916 579 1981 dicam,
604 1916 634 1977 in
657 1924 818 1998 conspectu
842 1927 934 1992 esset,
958 1931 989 1980 et
1013 1920 1077 1981 sive
1091 1918 1190 1981 nullas
1205 1917 1304 1979 animo
1317 1917 1504 1999 praecipiens

161 2007 367 2080 difficultates,
391 2024 468 2087 quae
491 2005 580 2087 objici
603 2017 737 2085 possent,
762 2007 828 2068 sive
850 2007 921 2070 illas
940 2026 983 2083 se,
1006 2008 1186 2091 procedente
1205 2007 1336 2087 negotio,
1361 2007 1504 2071 victurum

160 2096 270 2162 fiducia
300 2097 423 2178 plenus,
457 2112 522 2158 rem
554 2094 697 2158 alacriter
714 2114 904 2177 aggressus,
942 2097 1028 2180 quasi
1058 2097 1114 2160 sibi
1139 2097 1197 2179 ipsi
1220 2096 1361 2161 stimulos
1380 2096 1503 2159 subdere

162 2187 265 2260 vellet,
291 2186 330 2249 ab
352 2182 439 2249 initio
461 2194 575 2266 quauta
596 2186 695 2266 potuit
718 2186 875 2266 diligentia
892 2205 954 2248 reru
977 2187 1140 2259 tractabat,
1161 2186 1259 2268 prima
1273 2187 1339 2267 jam
1358 2186 1442 2249 linea
1459 2204 1503 2249 re·

161 2276 293 2359 spicieus
320 2274 408 2357 quasi
435 2274 475 2337 ed
498 2283 617 2356 typum,
647 2275 838 2356 ordinemque
862 2294 987 2338 servans
1010 2277 1078 2339 inde
1102 2276 1141 2338 ab
1164 2276 1248 2338 initio
1273 2274 1374 2338 auimo
1397 2294 1503 2359 propc-

164 2366 265 2430 sitam
312 2361 366 2429 Sic
396 2362 534 2444 singulae
565 2364 705 2445 deinceps
739 2365 805 2427 libri
837 2376 941 2447 partes
973 2385 1007 2429 se
1047 2366 1173 2428 invicem
1210 2365 1417 2445 sequebantur
1460 2367 1502 2440 (tl

160 2474 191 2518 r.
215 2473 241 2518 c.
265 2454 296 2518 in
319 2444 431 2519 Martis
450 2448 686 2517 ¹Commentariis
709 2455 810 2533 capita
833 2456 871 2517 ab
894 2454 979 2519 initio
998 2452 1041 2520 52
1056 2455 1182 2535 priora),
1205 2448 1502 2536 donecimproviscl'r

163 2543 389 2627 deprehendens
398 2542 641 2627 impedimentum
654 2544 779 2621 gradum
791 2543 930 2618 sistebat,
950 2552 991 2619 et,
1010 2563 1150 2608 reversus
1164 2545 1203 2606 ad
1217 2544 1383 2619 exordium,
1400 2550 1502 2608 rsruet

163 2652 201 2697 ea
221 2652 305 2717 quae·
319 2628 435 2697 chertb
458 2632 602 2695 mandata
629 2632 762 2694 habebat
793 2634 961 2697 accuratius
984 2634 1176 2715 inspiciebat,
1200 2643 1261 2696 turn
1285 2628 1501 2697 demum'toro

162 2742 208 2799 sa,
232 2740 308 2807 quae
331 2722 378 2785 dc·
392 2720 577 2795 instituenda
599 2722 699 2805 operis
721 2721 836 2784 ratione
860 2723 958 2786 auimo
981 2724 1256 2805 comprehenderat,
1279 2720 1398 2787 chartis
1422 2742 1500 2787 man·

163 2813 249 2877 daus.
292 2812 331 2876 In
355 2810 569 2892 ,ffipparcho“
594 2811 787 2873 difficultates
803 2813 944 2892 frangunt
965 2812 1117 2896 impetum,
1140 2821 1173 2875 et
1195 2831 1375 2895 quamquam
1398 2812 1500 2876 iterum

161 2902 328 2984 iterumque
349 2901 455 2975 rediit,
484 2900 606 2962 modern
629 2900 771 2963 infectum
794 2901 932 2980 reliquit,
970 2912 1088 2983 partem
1111 2921 1227 2978 eorum,
1264 2920 1342 2983 quae
1366 2902 1501 2966 absoluta
1537 2962 1542 2971 ,

160 2994 289 3066 luerunt,
315 2988 527 3072 „praeceptis“
551 2989 730 3052 Tabularum
753 2989 1009 3072 Rudolplrinarum
1033 2992 1271 3055 accommodans.

246 3079 398 3162 Keplerus
412 3097 500 3159 qnam
517 3078 631 3141 obrem
646 3097 720 3158 opus
739 3099 823 3142 suum
843 3080 1063 3144 inscribendum
1082 3081 1232 3145 censuerit
1245 3079 1499 3161 Hipparchum,

160 3170 248 3234 facile
262 3168 422 3251 conjicient
437 3168 466 3244 ii,
483 3169 543 3251 qui,
558 3167 664 3230 imbuti
678 3167 880 3231 astronomiae
900 3169 1038 3247 historia,
1059 3190 1118 3234 nou
1135 3171 1283 3250 ignorant,
1298 3164 1500 3251 Hipparchum

160 3258 305 3344 peculiari
332 3258 449 3322 rationo
474 3257 638 3320 dimensum
661 3276 728 3321 esse
757 3258 933 3323 distantiam
957 3268 988 3322 et
1010 3261 1209 3342 quantitatem
1232 3258 1314 3323 Solis
1337 3268 1371 3321 et
1396 3256 1499 3333 muse,

160 3347 306 3431 singulari
330 3349 359 3411 iu
376 3348 452 3410 huuc
466 3346 553 3409 linem
568 3366 653 3409 usum
670 3348 878 3426 delineatione,
904 3369 979 3432 quae
1004 3351 1252 3431 „diagramma
1273 3345 1497 3431 Hipparchi*

160 3440 281 3514 dicitur,
306 3443 489 3521 apparentes
513 3435 594 3500 Solis
617 3437 779 3520 Lunaeque
802 3439 965 3502 diametros
989 3460 1146 3522 eorumque
1170 3439 1343 3520 parallaxes
1367 3439 1500 3503 horizon·

158 3530 240 3594 talea
261 3534 497 3609 comparantem.
520 3545 576 3590 nec
598 3545 656 3589 non
679 3528 801 3590 umbrae
825 3529 989 3594 Terrestris
1013 3530 1189 3593 diametrum
1210 3548 1248 3599 ¹eo
1271 3529 1350 3603 loco,
1373 3547 1434 3611 quo
1454 3545 1500 3590 ee·

160 3625 247 3693 catur
274 3636 328 3698 per
350 3617 466 3681 Lunam
498 3616 685 3698 eclipsatam.
738 3617 803 3682 Alii
825 3627 944 3696 autem,
981 3618 1077 3682 minus
1108 3617 1223 3682 versati
1252 3618 1282 3681 in
1315 3616 1364 3681 bis
1388 3616 1500 3690 studii,

158 3708 234 3772 heac
265 3707 416 3771 habeant:
446 3704 648 3787 Hipparchus,
671 3712 761 3769 uatus
783 3705 917 3773 Nicaeae
940 3708 1152 3792 Bithynorum,
1176 3706 1287 3790 primus
1311 3706 1440 3791 collegit
1457 3724 1500 3780 sa,

163 3816 240 3882 quae
263 3797 379 3878 priores
401 3793 433 3858 in
456 3795 540 3873 coelo
564 3793 816 3872 observaverant,
841 3803 888 3873 et,
911 3817 969 3860 non
994 3806 1151 3861 contentus
1175 3794 1440 3860 observationibus
1460 3794 1500 3859 si·

159 3888 264 3952 derum
289 3904 345 3967 per
371 3903 404 3948 se
434 3902 500 3947 cum
530 3884 569 3946 ab
608 3883 670 3947 illis
699 3892 762 3948 turn
798 3884 836 3947 ab
868 3886 935 3966 ipso
975 3885 1204 3968 diligentissime
1234 3885 1342 3960 lactis,
1375 3884 1500 3949 studium

160 3978 218 4042 boc
253 3975 347 4039 altius
379 3973 545 4054 accipiens,
583 3973 719 4053 integrae
751 3973 895 4037 scientiae
928 3977 1158 4041 conformandae
1192 3995 1313 4059 operam
1344 3973 1432 4039 dedit
1452 3972 1501 4049 (ab

161 4085 239 4131 anno
263 4086 290 4130 a
316 4062 373 4128 Ob.
401 4059 599 4138 tto-1²5).
645 4064 762 4127 Motum
784 4065 983 4144 planetarum,
1007 4064 1088 4130 Solis
1112 4074 1144 4128 et
1165 4062 1268 4129 Lunae
1291 4062 1435 4146 periodos
1452 4082 1522 4127 ae-·

159 4155 293 4222 curatius
315 4153 497 4217 constituere
520 4151 578 4215 sibi
598 4152 764 4232 proposuit,
788 4172 965 4234 comparans
984 4174 1054 4219 suas
1069 4155 1163 4238 ipsius
1186 4153 1418 4218 observationes
1438 4170 1502 4239 cum

157 4247 220 4311 illis
250 4251 400 4320 veterum,
434 4242 604 4323 primusque
634 4243 763 4304 confecit
790 4242 970 4326 hypothesin
997 4245 1046 4307 vel
1074 4246 1152 4325 quod
1187 4242 1375 4325 posteriores
1405 4239 1502 4307 muudi

159 4342 295 4421 systema
318 4333 469 4407 dicebant,
493 4332 580 4394 orbes
603 4331 790 4412 planetarum
813 4333 998 4397 eccentricos
1018 4353 1142 4415 ponens,
1165 4341 1199 4397 ut
1223 4334 1361 4397 salvaret
1373 4340 1502 4397 motuum

160 4424 426 4506 irregularitatem.
459 4420 540 4484 Anni
563 4410 763 4503 quantitatem
779 4423 949 4486 accuratius
960 4423 1110 4487 dimensus
1126 4431 1183 4497 est,
1206 4422 1328 4486 tabulas
1341 4420 1504 4487 constituit

160 4522 293 4577 motuum
325 4512 407 4576 Solis
437 4518 469 4573 et
490 4510 612 4586 Lunae,
650 4510 820 4592 catalogum
849 4511 977 4593 denique
1010 4513 1139 4576 coniecit
1175 4512 1332 4576 stellarum
1369 4513 1499 4575 tumn.

159 4603 221 4668 Sed
244 4602 410 4666 studiorum
431 4599 534 4663 bomm
567 4599 809 4681 gravissimomm
833 4602 1014 4665 documenta
1041 4602 1140 4665 omnia
1164 4602 1225 4664 lere
1247 4600 1404 4681 perierunt
1425 4608 1501 4675 tsm÷

112 4683 121 4703 ⁸
159 4708 263 4775 porum
285 4691 405 4773 injuria,
429 4708 485 4752 uno
508 4697 627 4752 tantum
650 4697 775 4770 excepto
799 4690 912 4767 libello,
937 4710 1023 4773 quem
1039 4690 1205 4773 inscripsit:
1230 4711 1288 4753 eos
1306 4689 1437 4772 Ἄρατον
1458 4712 1502 4754 aas

160 4779 298 4856 Εὔδοξον
318 4781 507 4856 &morenos
528 4776 687 4856 ἕξηγτστωτ
708 4781 806 4857 delibo
828 4804 852 4859 y,
875 4799 965 4861 quern
986 4779 1113 4861 primum
1132 4780 1227 4843 edidit
1248 4780 1394 4865 Petrus
1413 4779 1502 4844 Vie-

159 4870 288 4936 torius
315 4867 488 4934 Florentiae
522 4862 622 4945 1567,
654 4874 687 4930 et
710 4866 743 4932 in
768 4869 911 4937 Latinam.
941 4888 1060 4938 uersum
1088 4871 1222 4952 linguam
1248 4871 1288 4935 D.
1317 4868 1501 4935 Petarius
