3354 5504
456 272 829 329 comsummata
848 275 1049 353 ananam
1387 269 1428 341 31
1476 236 1479 241 ’

162 462 229 514 tu·
246 462 282 513 ad
300 462 352 514 alta
369 463 502 543 mamma.
520 463 547 513 tn
559 462 608 514 une
625 463 752 515 marma
770 463 803 516 ad
814 465 896 531 priora
912 464 986 521 mdis,
1004 463 1042 514 ha
1060 462 1104 514 lita
1121 462 1258 515 marmus:
1287 452 1430 532 Superius

71 545 160 626 caepi
184 544 318 607 scribere
343 545 380 606 de
398 543 513 608 Comm.
530 544 641 607 Martis
654 553 795 628 tanquam
820 546 1035 608 ad'scientem.
1073 545 1150 607 Pars
1166 543 1317 625 pecuniae,
1342 560 1430 623 quam

73 656 93 697 a
117 635 257 719 Caesare
280 633 384 715 accepi
407 652 463 715 per
484 653 591 697 manus
610 636 648 719 D.
663 635 797 699 Welseri
821 637 977 710 factorum,
1000 632 1181 696 transmissa
1204 641 1252 696 est
1274 633 1312 694 ad
1326 633 1432 719 Voge-
1503 632 1506 638 ’

71 727 188 800 linum,
226 725 307 806 qnod
343 720 458 786 nullum
493 724 603 791 scirem
634 728 855 808 typographum
886 725 984 805 magis
1015 723 1153 786 idoneum
1160 743 1171 800 ς
1209 722 1432 790 commendatus
1453 772 1481 783 ⁴.

73 816 188 899 qnippe
210 813 286 877 mihi
309 813 369 877 luit
390 814 428 876 ab
451 813 526 876 artis
549 814 796 895 intelligentibus.
843 817 973 896 Figurae
1003 832 1131 875 excusae
1162 821 1233 875 sunt
1253 813 1371 891 Pragae
1401 816 1433 871 et

75 906 192 968 missae
214 904 448 966 Frankofurtnm
470 922 574 966 mense
596 905 753 984 Augusto}
787 905 940 986 exemplar
966 920 1071 966 mense
1094 902 1264 983 Septembri
1285 901 1430 982 Lipsiam.
1481 938 1486 943 -

75 997 234 1076 Exspecto
258 994 386 1055 formam
415 993 481 1074 typi
513 993 552 1055 ad
579 993 796 1057 delibrandum.
842 996 920 1058 Pars
950 1011 1022 1055 vero
1051 990 1168 1072 reliqua
1193 990 1336 1073 pecuniae
1355 1007 1432 1072 ,cnm
1476 1008 1485 1023 ·
1553 1032 1556 1041 .

77 1083 183 1147 multis
206 1081 280 1144 aliis
303 1103 323 1144 s
343 1101 391 1144 mc
418 1090 575 1145 consumta
603 1092 666 1160 est,
698 1103 765 1147 cum
794 1103 852 1147 non
885 1086 959 1146 liant
976 1080 1079 1162 justae
1111 1080 1276 1143 solutiones
1306 1078 1432 1155 aulicae,¹

76 1175 184 1255 itaque
210 1172 280 1253 jam
306 1171 416 1250 dudum
443 1179 548 1234 venter
574 1191 659 1236 mens
682 1173 839 1237 famelicus
861 1171 986 1252 respicit
1003 1173 1100 1234 instar
1119 1169 1202 1233 carris
1216 1171 1255 1232 ad
1270 1168 1431 1242 dominnm,

77 1286 98 1326 a
118 1282 180 1345 quo
205 1262 300 1324 semel
319 1261 384 1343 jam
406 1260 464 1324 fuit
486 1269 602 1343 pastus.
639 1264 789 1346 Equidem
812 1263 839 1326 si
853 1262 891 1327 D.
906 1263 1066 1325 Welserus
1084 1268 1239 1340 pateretur
1261 1279 1293 1322 se
1316 1274 1433 1329 rursum

77 1351 201 1416 exorari
224 1352 264 1413 ad
294 1350 378 1413 mille
410 1357 463 1413 aut
494 1351 679 1434 sesquimille
712 1353 893 1416 solutionem
925 1354 1057 1426 (tantum
1087 1348 1166 1411 enim
1188 1368 1281 1431 eoque
1304 1346 1432 1429 amplius

78 1443 152 1505 mibi
175 1441 335 1516 debetur),
366 1449 509 1522 qnantum
538 1442 608 1504 inde
631 1442 703 1505 mibi
727 1443 899 1506 securitatis
922 1441 1093 1516 accederet,
1117 1446 1259 1519 quantum
1274 1437 1433 1518 ‘temporis

79 1532 251 1605 retinerem.
274 1538 372 1593 totum
394 1531 426 1592 id
439 1530 640 1613 impenderem
654 1533 702 1594 vel
718 1532 749 1595 in
763 1532 961 1616 Porphyrium
976 1535 1171 1605 (Harmoniam),
1195 1528 1242 1589 vel
1258 1528 1289 1589 in
1302 1544 1432 1617 geogra7
1522 1541 1528 1555 ·

80 1620 184 1704 pluium
206 1619 316 1682 melius
339 1621 481 1695 fortasse,
505 1641 593 1704 quam
616 1622 643 1684 si
666 1631 857 1705 quaestorum
880 1641 1001 1685 mensas
1021 1628 1165 1695 sectatus,
1189 1615 1308 1679 aeraria
1322 1614 1433 1678 diutis-

80 1712 155 1773 sime
188 1709 333 1789 puleans,
365 1710 492 1791 denique
524 1710 716 1774 nihilominus
748 1712 873 1774 eandem
906 1730 1050 1774 summam
1084 1718 1300 1792 extorquerem.
1353 1706 1434 1769 Nam

81 1798 228 1864 Caesaris
250 1818 335 1860 mora
356 1799 469 1861 nullam
491 1808 609 1881 partem
630 1801 784 1880 pensionis
805 1800 925 1876 deterit,
947 1800 1021 1877 mibi
1040 1819 1111 1862 vero
1134 1807 1252 1879 tempus
1274 1790 1430 1858 consumit
1481 1826 1486 1842 ·
1576 1788 1582 1803 '

82 1889 115 1951 (B
131 1887 213 1938 lteris
235 1899 312 1952 ..qm
329 1889 400 1938 initio
417 1887 562 1940 Novembris
580 1904 634 1939 eum
653 1905 764 1945 exorsus.
783 1892 823 1940 vir
839 1890 921 1950 hodie,
940 1886 983 1938 2⁴.
1002 1888 1064 1939 Nor.
1087 1885 1163 1939 teor.
1182 1881 1277 1948 linio.“)

152 1958 316 2033 'Pecuniam
345 1973 407 2024 qnae
427 1962 588 2024 exspectabat
605 1961 737 2025 Keplerus,
765 1969 884 2011 autumno
903 1963 962 2011 anni
982 1957 1060 2011 tuoe.
1083 1960 1192 2010 nondum
1214 1958 1313 2007 merant
1330 1953 1433 2011 sulm

85 2047 141 2084 eum
158 2030 311 2089 Husrto,
330 2032 371 2096 qui
390 2032 414 2082 d.
435 2028 477 2081 1³.
495 2032 565 2097 Sept.
585 2030 661 2082 tuoe.
683 2034 797 2097 scripsit:
824 2033 865 2084 ich
882 2033 1009 2090 remeia,
1033 2033 1074 2082 ich
1091 2032 1174 2082 kenne
1199 2029 1325 2080 ussehver
1341 2031 1433 2081 mnata

82 2116 193 2155 naseu.
212 2115 265 2150 vas
284 2116 312 2152 es
330 2103 428 2153 Mune
446 2101 602 2154 serenissimi
619 2104 659 2156 tur
684 2107 740 2155 eine
759 2105 857 2156 Geatalt
874 2104 925 2155 nnd
944 2104 1114 2170 Gelegenheit
1151 2102 1197 2154 lch
1214 2101 1262 2151 hiet
1279 2098 1326 2148 den
1343 2094 1432 2155 Herm.
1544 2108 1550 2122 ·

83 2189 110 2225 ar
124 2173 200 2223 vesse
217 2173 274 2223 seim
291 2170 353 2223 Bm
370 2173 436 2224 nach
454 2174 587 2225 Frsnhiurt
603 2175 663 2226 bald
685 2176 844 2233 ilirnebmeu.
871 2182 898 2226 et
915 2176 941 2225 in
957 2174 996 2225 im
1015 2172 1064 2235 (nit
1088 2174 1200 2225 allererst
1217 2172 1243 2221 in
1261 2165 1351 2231 reditu)
1370 2167 1436 2218 mielr

83 2246 159 2297 alfla
177 2243 314 2304 hanchem
334 2245 399 2294 neh
418 2246 458 2296 die
475 2245 576 2305 Saeben
594 2245 669 2297 dahin
689 2248 834 2304 einricbten,
854 2247 933 2297 damit
951 2261 978 2297 er
995 2248 1035 2295 ein
1048 2245 1105 2296 Zeit
1121 2246 1183 2311 lang
1199 2258 1237 2293 vo
1254 2240 1361 2308 mtgllcb
1378 2239 1436 2289 oder

82 2317 145 2369 &aa
163 2331 194 2367 ss
212 2315 276 2382 laag
293 2330 320 2366 es
337 2317 421 2367 seinsr
446 2323 524 2382 guterr
543 2317 708 2384 Celegenbelt
729 2333 791 2381 seyn
817 2319 890 2375 vird,
918 2319 958 2368 bei
982 2319 1029 2368 mir
1053 2317 1128 2368 allhie
1151 2315 1291 2367 rerbleiben
1315 2311 1366 2362 und
1382 2310 1436 2362 siah

83 2398 216 2451 anibalteu
233 2395 328 2463 mdge;
344 2422 376 2432 -
396 2413 452 2449 cnm
469 2399 507 2448 his
526 2397 649 2449 lienarti
668 2399 837 2464 responderit:
856 2391 977 2452 Litteras
1000 2398 1080 2465 tuas,
1102 2389 1181 2451 Nob.
1197 2395 1230 2449 et
1248 2387 1350 2465 Magn.
1367 2382 1435 2458 Vir,

85 2475 134 2544 13.
158 2479 249 2559 Sept
283 2478 414 2558 scriptas
445 2479 520 2559 prob
550 2479 638 2541 dolo'r
669 2480 759 2542 tertio
792 2478 934 2542 Octobris
967 2479 1129 2541 etiamnum
1160 2478 1279 2555 Pragae
1309 2474 1435 2536 haerens

83 2568 198 2650 accepi.
247 2566 372 2629 Viatico
395 2567 477 2629 inhio
507 2568 653 2631 hactenus
684 2569 815 2630 frustra:
847 2587 903 2630 nec
932 2568 997 2631 sine
1021 2587 1056 2629 eo
1080 2567 1123 2630 ire
1147 2584 1232 2649 queo.
1278 2561 1437 2627 Remissus

83 2659 203 2742 quidem
236 2675 302 2719 sum
331 2675 398 2719 cum
429 2658 575 2719 trecentis
606 2658 644 2723 ad
673 2658 863 2722 Welserum:
895 2665 928 2720 at
956 2656 1015 2720 nisi
1047 2655 1099 2718 ille
1130 2655 1213 2736 prius
1246 2651 1439 2721 consensisse

84 2744 495 2885 testetur,1quqapePraga
515 2745 623 2828 pedem
641 2767 701 2811 non
717 2765 839 2823 moveo;
854 2747 952 2829 quod,
977 2746 1050 2821 scio,
1074 2745 1140 2826 ipse
1158 2762 1275 2826 quoque
1292 2739 1435 2823 probabis

99 2833 139 2887 ra
160 2834 221 2887 na
325 2869 332 2884 .
1429 2860 1433 2867 -

84 2835 97 2900 i
172 2905 249 2957 mse
266 2832 332 2966 ml,
351 2920 417 2970 ,aaa
433 2907 459 2956 a
483 2906 752 2971 aestuaremus.
771 2912 797 2956 a
814 2905 1033 2957 nonanoeane·
1057 2905 1262 2970 sommum
1280 2901 1313 2954 ar
1330 2880 1436 2952 unua

85 2978 240 3044 parantia
264 2978 330 3028 inter
356 2977 440 3028 literas
458 2977 561 3042 Kepleri
579 2986 606 3029 et
622 2978 745 3028 nervam
771 2989 880 3028 mutuas.
916 2978 974 3028 Jam
993 2979 1026 3028 ad
1051 2978 1113 3029 aiios
1138 2978 1290 3033 mimus,
1317 2974 1358 3039 qni
1381 2987 1436 3033 cyna

87 3048 250 3116 Kuplerossde
269 3046 365 3099 dendo
384 3065 428 3099 sno
447 3065 520 3114 opere
538 3065 583 3114 per
599 3050 685 3101 literas
704 3049 818 3100 eodoemi
836 3055 902 3098 sunt.

171 3128 298 3193 Ksplarns
315 3128 339 3178 d·
358 3126 385 3177 4.
400 3127 460 3195 Qut.
475 3127 553 3182 leot.
571 3133 636 3183 haee
653 3132 835 3196 Brenggero
853 3131 940 3183 refert:
963 3119 1044 3183 Clar.
1069 3128 1103 3182 el
1123 3123 1213 3185 Dect.
1236 3120 1301 3182 Vir.
1324 3112 1438 3193 Accepi

82 3211 191 3275 literas
217 3216 737 3286 tussieomp.v01.1l‚p.utae58e)
770 3221 839 3275 ante
873 3210 1038 3275 octiduum:
1072 3212 1112 3272 ad
1143 3230 1218 3292 quas
1251 3228 1309 3289 qno
1340 3205 1437 3265 minus

83 3299 295 3382 respondeam,
319 3302 545 3364 excusationem
567 3304 606 3365 do
630 3302 843 3382 occupationes
865 3321 959 3373 meas,
983 3300 1034 3379 qui
1057 3320 1162 3363 versor
1192 3300 1221 3360 in
1242 3292 1437 3359 adornatione

84 3388 379 3454 Commentariorum
401 3390 438 3450 de
461 3391 593 3454 motibus
616 3391 723 3454 stellae
746 3392 876 3466 Martis,
900 3387 1179 3472 operosissimamm
1203 3382 1438 3467 speculationum

83 3478 272 3560 plenissima
312 3479 413 3543 Trade
426 3480 506 3542 enim
522 3502 582 3543 una
599 3480 822 3562 philosophiam
844 3500 897 3542 sen
919 3477 1076 3560 physicam
1094 3479 1256 3541 coelestem
1270 3492 1332 3554 pro
1349 3471 1438 3535 theo-

85 3569 167 3648 logia
190 3565 319 3629 coelesti
343 3588 396 3631 sen
419 3568 626 3652 metaphysica
640 3570 826 3634 Aristotelis.
870 3570 995 3633 Utinam
1016 3569 1099 3649 prius
1122 3576 1155 3630 tn
1177 3567 1312 3645 relegere
1334 3578 1438 3642 meque

87 3676 209 3720 monere
240 3657 344 3737 possis
375 3678 465 3740 qnam
496 3650 632 3722 edan'tur.
678 3659 874 3721 Excudentnr
905 3658 984 3737 apud
1006 3658 1184 3738 Voegelium
1207 3652 1437 3730 Heidelbergae.

87 3745 314 3831 Exemplarium
330 3747 526 3810 distractione
540 3748 613 3812 mibi
628 3757 677 3810 est
688 3770 706 3809 a
717 3749 850 3815 Caesare
865 3747 1065 3810 interdictum.
1091 3747 1126 3807 In
1140 3764 1199 3827 qna
1211 3742 1338 3826 physica
1351 3739 1438 3823 simul
1498 3811 1501 3816 ¹

88 3854 197 3899 noram
219 3833 445 3905 aritirmeticam
467 3837 572 3916 doceo,
595 3837 787 3919 computandi
811 3840 871 3901 non
894 3856 933 3899 ex
956 3835 1086 3910 circulis,
1110 3835 1163 3896 aed
1183 3852 1221 3895 ex
1246 3829 1438 3896 facultatibus

89 3922 279 3988 natnrahhus
290 3927 518 4006 etmagneticis.
541 3930 675 3991 Arcesso
686 3928 804 4009 quidem
815 3933 846 3987 et
855 3926 993 4000 circulos,
1009 3924 1063 3987 sed
1072 3924 1111 3985 ad
1121 3923 1279 3998 calculum,
1293 3928 1438 4004 qnatenus
1520 3942 1529 3966 ²

90 4014 210 4078 circulis
235 4013 404 4095 explicatur
426 4016 505 4079 ratio
529 4024 672 4092 staterae,
696 4016 793 4078 vectis
812 4024 843 4077 et
856 4015 1030 4096 ponderum,
1050 4018 1081 4073 et
1099 4013 1129 4074 in
1143 4021 1230 4092 parte
1245 4020 1378 4085 tautnm;
1402 4008 1438 4070 de

90 4103 205 4187 reliquo
229 4120 354 4165 arcesso
375 4104 469 4187 plana
496 4123 549 4170 seu
575 4125 678 4178 areas,
708 4126 783 4188 quas
805 4104 950 4169 describit
970 4102 1093 4183 planeta
1118 4121 1171 4164 suo
1192 4102 1321 4177 ambitu,
1352 4097 1438 4161 utin

91 4191 168 4257 areis
192 4190 347 4255 inveniam
370 4192 575 4257 fortitudinem
595 4201 628 4257 et
641 4193 879 4258 debilitationem
891 4191 998 4255 virium
1011 4190 1042 4252 in
1057 4197 1170 4254 motum
1193 4191 1380 4255 collatarum
1397 4215 1437 4231 -

90 4281 152 4349 Sed
173 4299 321 4363 quorsum
342 4280 490 4363 abripior!
514 4284 584 4347 Non
605 4303 654 4347 me
669 4286 757 4347 Mars
774 4283 871 4366 jussit
892 4280 1034 4354 scribere,
1056 4281 1111 4343 sed
1133 4279 1234 4344 alind:
1261 4281 1340 4356 „Est
1355 4278 1439 4340 Dens

91 4372 120 4435 in
141 4368 250 4445 nobis,
284 4369 419 4449 agitante
448 4372 628 4453 calescimus
652 4372 737 4435 illo.“
783 4374 863 4436 Nam
887 4377 956 4431 tuae
984 4368 1090 4432 literae
1119 4370 1265 4433 vaticinia
1292 4373 1362 4431 snut
1383 4365 1436 4429 &c

91 4459 126 4524 (r.
143 4458 205 4508 Vol.
225 4456 260 4509 11.
280 4471 305 4523 p.
325 4454 380 4521 CC).
416 4460 622 4528 Brenggerns
640 4461 781 4526 respondit:
801 4461 838 4512 Cl.
859 4466 884 4509 et
901 4458 976 4509 Doce
997 4457 1050 4516 Vir,
1069 4459 1156 4510 Amice
1173 4458 1285 4510 colende.
1314 4453 1437 4507 Renum

93 4537 149 4583 suat
165 4529 229 4581 mihi
247 4528 336 4580 literae
355 4537 430 4591 tuse,
459 4548 489 4582 ax
507 4534 593 4598 quibus
620 4532 748 4591 intellexi,
767 4532 803 4583 'l'e
821 4533 846 4581 in
866 4528 1101 4580 Commentariorum
1119 4530 1150 4580 de
1175 4536 1243 4579 motu
1262 4527 1349 4577 Martis
1368 4523 1438 4575 ador·

92 4605 194 4655 radun
213 4602 340 4665 mspsri.
361 4617 408 4667 quo
427 4605 525 4654 nomine
543 4610 569 4654 te
588 4616 708 4662 escuem.
726 4603 791 4669 qnod
808 4602 884 4651 literis
900 4601 964 4650 meis
981 4615 1031 4651 nnn
1048 4601 1206 4665 respondeas.
1244 4598 1298 4663 Ego
1315 4610 1372 4647 reto
1389 4610 1439 4647 noa

93 4682 188 4728 aaran
208 4674 396 4725 esemsdenem
414 4674 494 4725 Tuam
512 4676 599 4726 lubens
618 4676 722 4740 accipio,
741 4675 785 4724 sed
803 4676 879 4724 etiam
896 4672 981 4722 hortor
998 4678 1103 4737 etrogc.
1121 4670 1229 4735 nequid
1248 4669 1281 4720 ab
1298 4682 1371 4733 opere
1386 4669 1439 4730 lan

94 4753 179 4813 saepto
196 4751 314 4797 avertere
331 4749 356 4796 te
376 4746 488 4810 patiam,
506 4754 642 4812 antequam
659 4747 693 4799 ad
710 4747 786 4797 daem
803 4743 864 4794 illud
881 4743 1030 4810 perduxeris.
1062 4742 1135 4805 Quod
1151 4756 1209 4793 raro
1226 4740 1306 4797 seda
1324 4739 1439 4795 tesius!

94 4819 219 4885 physicam
239 4814 374 4885 eoeluterq
393 4822 419 4867 et
436 4832 526 4870 noram
544 4818 725 4871 arithmeticam
742 4831 787 4868 sen
805 4814 964 4881 computandi
980 4815 1088 4872 modurn.
1106 4828 1157 4865 uon
1175 4828 1205 4864 es
1224 4811 1328 4869 circada
1347 4810 1391 4863 sed
1409 4820 1439 4867 es
1518 4816 1524 4825 '

55 4932 58 4938 .
93 4890 255 4945 maetas
272 4887 437 4941 masuras
449 4894 476 4941 at
486 4890 635 4957 amedeis
652 4886 760 4947 mae,
778 4887 851 4940 rudo
862 4878 950 4944 laetor,
968 4887 1023 4946 etsi.
1043 4891 1072 4936 nt
1082 4884 1158 4937 libere
1173 4885 1262 4944 lateas
1275 4884 1344 4936 istim
1362 4880 1437 4934 arith·
