3354 5504
767 283 908 359 brema
1448 293 1512 363 681
1573 350 1576 357 ,

166 475 224 538 boc
248 475 297 550 lit)
326 471 466 555 aequatio
494 480 649 534 menstrua
675 473 760 534 nulla
786 482 849 541 est,
879 472 1042 552 ubicunque
1066 472 1152 534 Luna
1180 473 1246 554 ipsa
1275 473 1324 535 sit.
1368 476 1417 537 lta
1439 476 1515 538 satia

164 565 279 626 clarum
304 563 441 636 eflicitur,
466 562 640 623 tarditatem
660 580 698 623 ex
712 560 870 625 intervallo
885 569 973 623 aucto
989 579 1057 622 esse
1077 560 1167 639 duplo
1186 561 1330 641 majorem
1344 563 1374 624 in
1390 565 1513 644 copulis,

164 672 256 735 qnam
278 653 327 714 vel
350 652 381 714 in
403 650 535 732 planetis
565 650 687 724 ceteris,
717 651 765 711 vel
789 649 879 711 etiam
903 650 931 711 in
956 650 1022 730 ipsa
1045 650 1146 724 Luna,
1171 669 1236 712 cum
1260 651 1323 730 ejus
1347 671 1513 732 apogaeum

164 742 266 805 estin
292 740 430 821 quadris;
464 747 496 800 et
517 741 547 801 id
571 759 663 801 causa
686 740 803 819 quidem
827 739 914 818 hujus
944 746 1115 801 menstruae
1143 738 1367 819 inaequalitatis
1396 743 1513 821 prioris.

208 826 212 831 ’
254 831 355 893 Valde
379 829 471 909 igitur
495 829 629 891 laboravi
653 829 808 904 hactenus,
834 837 866 889 ut
880 828 1056 890 variationis
1080 829 1232 908 negotium
1256 847 1322 890 cnm
1347 829 1404 892 hac
1427 851 1513 893 men—

162 930 252 983 strua
285 919 464 1002 aequatione
496 917 533 979 ab
566 918 672 981 iisdem
704 916 802 979 causis
836 917 969 1003 physicis
1005 917 1201 979 deducerem:
1242 918 1296 979 sed
1329 919 1440 981 frustra
1472 920 1515 982 lui

162 1009 328 1089 hactenus:
360 1009 489 1069 alterum
515 1025 555 1068 ex
582 1008 678 1070 altero
696 1026 767 1083 ¹nnn
798 1008 948 1085 sequitur,
980 1006 1134 1087 quodlibet
1163 1014 1211 1068 est
1233 1027 1252 1067 a
1274 1025 1327 1067 suo
1357 1008 1513 1088 principio.

160 1100 232 1162 Non
267 1096 371 1159 dubito
403 1117 611 1176 npoovaocanc
643 1096 702 1170 (sio
726 1095 919 1158 Ptolemaeus
953 1096 1101 1175 appellat)
1133 1114 1255 1157 causam
1284 1096 1313 1156 in
1337 1095 1405 1176 ipsa
1427 1097 1514 1160 Luna

163 1207 247 1260 esse,
268 1187 349 1265 aient
370 1185 400 1247 in
423 1185 594 1253 universnm
618 1183 850 1247 eccentricitatis
875 1203 983 1246 causae
1010 1185 1112 1245 insunt
1135 1185 1164 1245 in
1188 1183 1262 1264 ipsis
1284 1185 1382 1264 globis
1405 1185 1513 1267 plane-

161 1286 284 1350 tarum,
314 1275 490 1337 variationis
521 1293 593 1335 vero
627 1292 748 1335 causam
779 1292 847 1334 esse
877 1272 906 1333 in
930 1272 1036 1349 Terra,
1061 1273 1165 1335 Lunae
1188 1273 1328 1348 metrice,
1358 1282 1512 1355 utrumque

163 1376 266 1426 tamen
298 1364 458 1425 secundnm
490 1363 737 1425 illuminationem
768 1363 890 1442 ejusque
920 1361 1040 1440 phasea.
1088 1362 1195 1442 Itaque
1227 1363 1396 1425 consultum
1429 1373 1512 1443 puto,
1570 1389 1573 1399 ·

113 1484 117 1495 ν
161 1453 374 1528 variationem,
398 1452 490 1514 etiam
514 1471 589 1533 qnae
614 1461 769 1514 menstrua
792 1460 847 1524 est,
874 1451 1031 1512 aciroello
1047 1451 1110 1525 BL,
1136 1453 1186 1531 qui
1210 1472 1335 1526 annuns,
1359 1471 1512 1515 removere

161 1543 274 1616 verbis,
300 1542 372 1604 illnd
394 1560 466 1603 vero
482 1541 658 1621 simpliciter
681 1541 839 1613 affirmare,
864 1539 1018 1617 portiones
1041 1540 1217 1603 variationis
1242 1560 1414 1603 accrescere
1438 1561 1510 1622 gra-

161 1633 252 1696 dibus
276 1630 438 1692 distantiae
462 1631 565 1693 Lunae
590 1651 609 1690 a
631 1630 702 1693 Sole
727 1631 797 1702 (seu
823 1628 941 1708 angulis
965 1629 1064 1702 FAD)
1088 1629 1117 1689 in
1141 1631 1332 1711 proportione
1360 1650 1419 1710 qua
1442 1639 1513 1692 sunt

161 1720 313 1803 quadrata
331 1721 446 1781 sinuum
465 1718 627 1781 distantiae
642 1719 745 1781 Lunae
765 1717 930 1798 aquadris.
971 1718 1059 1779 Addo
1079 1719 1365 1781 dennnstrationem
1385 1719 1509 1782 inchoa-

160 1822 227 1871 tam
242 1809 489 1889 aequivalentiae.
521 1807 571 1871 Sit
587 1807 616 1871 G
630 1808 753 1889 quadra,
768 1807 798 1869 N
813 1806 929 1886 copula,

162 1898 234 1973 GH,
252 1899 306 1969 HI,
322 1899 376 1969 IK,
396 1898 463 1969 KL,
477 1898 547 1970 Lu,
562 1899 627 1962 MN
650 1905 753 1977 partes
776 1894 928 1977 aequales.

160 1985 233 2059 ΝΟ,
253 1984 317 2058 ΟΡ,
337 1985 401 2062 PQ,
421 1984 489 2062 QR,
511 1985 574 2063 RS,
599 1987 650 2051 ST
665 1982 797 2047 'totidem
820 1994 925 2064 partes

160 2075 289 2158 duplae:
314 2077 398 2138 sinus
420 2075 478 2155 ipsi
502 2076 564 2138 sint
587 2076 655 2150 NA,
677 2075 748 2146 ΜΒ,
772 2073 835 2147 Lc,
855 2068 927 2146 KD,

159 2166 215 2242 m,
229 2164 294 2228 HF.
333 2165 374 2227 m
392 2165 453 2226 sint
471 2165 626 2246 dnplornm
649 2182 770 2227 arcuum
792 2161 924 2242 sagittae

158 2254 228 2324 NT,
248 2251 318 2326 OV,
332 2254 400 2329 PX,
416 2253 484 2328 QY,
503 2254 575 2327 ΒΧ,
596 2252 660 2316 SV.
698 2251 926 2315 Demonstravit

159 2344 254 2425 igitur
265 2341 373 2405 Justns
387 2343 528 2424 Byrgins,
545 2351 578 2404 nt
591 2343 650 2404 AN
666 2341 704 2402 ad
719 2341 790 2417 BN,
805 2341 925 2420 duplam
966 2366 974 2381 ·

158 2450 230 2497 esee
261 2432 483 2513 proportionem
512 2432 566 2495 TN
596 2432 634 2493 ad
659 2429 733 2503 VO,
767 2430 846 2493 siout
877 2437 925 2490 est

158 2521 254 2603 dupla
276 2521 430 2602 proportio
454 2522 591 2604 quadrati
606 2522 665 2583 AN
690 2521 727 2581 ad
747 2519 925 2601 quadratum

157 2611 232 2676 ΒΜ.
277 2612 328 2673 Ita
356 2610 501 2673 linearum
531 2612 571 2684 A,
602 2610 639 2684 Β,
669 2607 710 2682 (l,
732 2609 780 2682 -D,
813 2607 857 2677 u,
889 2610 923 2682 F,

158 2700 312 2783 quadrata
337 2698 441 2762 insunt
470 2700 660 2780 proportione
689 2698 718 2760 in
750 2697 836 2759 lineis
859 2697 924 2772 TN,

159 2786 234 2862 VO,
251 2788 318 2864 XP,
342 2786 413 2860 YQ,
436 2787 506 2863 XR,
530 2787 602 2863 VS,
636 2787 685 2850 nbi
709 2805 826 2866 semper
848 2787 925 2847 dnae

159 2876 224 2941 OV
256 2886 288 2939 et
313 2876 369 2939 VS
401 2886 533 2956 aequuum
565 2877 760 2950 diametrum,
792 2875 836 2937 sic
859 2872 925 2947 Px,

157 2967 233 3041 ΒΧ,
257 2967 301 3030 sio
324 2964 392 3039 QY,
417 2965 494 3038 YQ:
525 2973 558 3027 ut
580 2967 624 3027 ita
654 2964 751 3027 tacitis
774 2965 817 3026 sit
843 2963 981 3026 collectio
1009 2985 1151 3033 summae.
1198 2974 1246 3039 Ex
1272 2975 1329 3039 boo
1358 2979 1504 3057 quadam.

158 3069 252 3119 tenus
273 3064 410 3136 apparet,
433 3075 491 3137 quo
516 3055 709 3116 fundamento
733 3054 846 3115 nitatur
867 3053 946 3132 apud
960 3055 1131 3135 Tyobonem
1155 3061 1292 3127 circellns
1315 3067 1504 3142 variationis,

159 3146 207 3209 sic
230 3145 339 3208 alllxns
362 3145 401 3205 ad
426 3145 553 3206 orbitam
576 3144 696 3215 Lunae,
725 3153 759 3204 ut
780 3143 837 3205 NT
859 3162 925 3205 eam
947 3145 1032 3225 quasi
1061 3155 1169 3229 tangat
1192 3151 1221 3213 in
1244 3154 1292 3229 A;
1324 3174 1379 3218 nec
1402 3164 1504 3220 tamen

158 3234 219 3311 NT
242 3243 345 3296 manat
365 3234 497 3314 ejusdem
521 3232 724 3312 longitudinis.
772 3229 848 3294 Cum
870 3233 949 3295 enim
971 3234 1028 3296 AT
1052 3236 1239 3303 librationem
1270 3244 1364 3306 saciat
1386 3265 1505 3328 semper

160 3319 218 3388 41¹
241 3325 270 3386 in
294 3323 479 3405 apparentia,
504 3321 561 3383 erit
583 3323 673 3401 igitur
696 3321 795 3383 brevis
819 3322 847 3383 in
864 3323 1016 3402 perigaeo,
1040 3325 1128 3407 longa
1151 3328 1180 3391 in
1196 3331 1387 3412 apogaeo.*)
1416 3335 1506 3398 Ponit

160 3420 266 3476 antem
288 3414 404 3476 Lunam
434 3412 464 3474 in
488 3413 517 3473 A
540 3410 568 3472 in
593 3415 630 3487 00,
659 3412 690 3474 in
713 3412 739 3473 T
762 3412 791 3472 in
815 3419 935 3473 ocante
964 3412 1088 3492 gibbae,
1114 3416 1143 3478 in
1167 3420 1196 3480 A
1219 3420 1248 3481 in
1273 3423 1401 3502 quadra,
1423 3424 1453 3488 in
1474 3424 1505 3487 N

160 3504 194 3566 in
216 3511 339 3565 notante
354 3502 503 3587 'falcatae
529 3501 559 3562 in
580 3503 610 3563 A
634 3520 748 3563 rursum
772 3499 801 3560 in
825 3503 863 3577 ό.
909 3498 977 3581 Ego
1000 3522 1071 3565 vero
1099 3525 1209 3570 causas
1235 3510 1376 3593 physicas
1399 3513 1505 3577 eodem

161 3593 308 3654 docentes
331 3590 375 3653 sic
398 3582 524 3670 explico,
548 3597 581 3651 nt
604 3591 640 3650 de
664 3609 761 3652 annuo
784 3599 867 3651 motu
885 3589 988 3652 Lunae
1008 3592 1122 3670 aSole,
1146 3596 1196 3677 qni
1218 3607 1268 3661 est
1288 3601 1504 3665 revolutionum

142 3678 207 3744 ,12
229 3689 263 3743 et
287 3676 367 3744 132⁰
389 3674 453 3754 45¹,
477 3680 545 3741 illas
569 3680 686 3759 quidem
709 3678 910 3747 revolutiones
936 3677 976 3742 12
999 3683 1165 3762 aequaliter
1187 3686 1348 3769 dispertiar
1370 3691 1400 3753 in
1424 3700 1503 3755 tem·

159 3788 239 3852 pora
260 3769 413 3852 aequalia,
447 3768 613 3848 superfluos
636 3787 706 3830 vero
733 3764 812 3832 132⁰
833 3764 887 3831 45‘
915 3768 1013 3830 tribuo
1045 3771 1270 3839 illuminationis
1304 3778 1448 3858 phasibns
1470 3789 1506 3843 ut

160 3859 295 3940 regulae.
319 3857 559 3938 imoapparenti
586 3857 737 3920 latitudini
765 3856 868 3921 circuli
895 3857 1122 3922 illuminationis
1145 3865 1193 3926 vel
1217 3867 1396 3931 semicirculi
1419 3871 1504 3944 (nam
1553 3886 1558 3895 “

160 3948 201 4011 de
223 3965 317 4011 eausa
339 3947 408 4029 ipsa
430 3947 576 4008 efficiente
595 3946 688 4026 jubeo
711 3946 900 4010 considerare
924 3948 1156 4031 metaphysicos,
1180 3954 1321 4033 quidnam
1344 3958 1402 4032 sit,
1424 3958 1531 4041 quod.

159 4038 221 4102 bac
244 4037 348 4118 regula
370 4036 521 4098 utaturin
546 4036 691 4097 movenda
714 4036 814 4112 Luna,
840 4036 865 4098 si
888 4056 946 4101 non
969 4037 1073 4100 volunt
1099 4042 1236 4119 eredere,
1266 4045 1386 4111 luminis
1408 4046 1504 4128 ipsius

160 4128 263 4191 atrei
285 4125 431 4190 naturalia
455 4125 532 4187 hane
555 4144 622 4187 esse
645 4125 729 4200 vim).
776 4125 847 4187 Jam
869 4144 941 4188 vero
969 4126 1146 4192 decrescunt
1172 4130 1292 4213 phases’
1313 4135 1373 4199 sio:
1403 4135 1504 4217 posita

160 4219 193 4281 A
216 4216 321 4292 Terra,
345 4212 405 4277 NG
429 4213 632 4288 concentrico,
647 4206 692 4277 ‘N
715 4216 836 4296 copula,
861 4212 890 4276 G
913 4215 1043 4296 quadra,
1073 4217 1201 4283 latitudo
1224 4223 1329 4286 circuli
1350 4223 1503 4290 illumina-
1626 4221 1631 4235 '

159 4304 253 4371 donia
277 4305 388 4367 Terrae
411 4303 459 4365 vel
482 4303 586 4365 Lunae
616 4303 794 4366 altrinsecus
826 4322 975 4384 apparens
1007 4314 1055 4367 est
1082 4306 1113 4369 in
1135 4313 1328 4391 proportione
1357 4313 1503 4377 linearum

160 4396 234 4470 NA,
253 4394 448 4469 uB‚...uF.
481 4389 613 4472 Cumque
629 4392 732 4468 Terra,
757 4402 903 4475 qnatenus
926 4393 1093 4457 illuminata
1114 4397 1170 4460 hoc
1189 4400 1396 4480 adjumentitio
1419 4413 1503 4466 motu
1601 4402 1606 4411 ⁴

159 4493 285 4549 floreat
308 4483 441 4575 Lunam,
471 4481 573 4544 itidem
604 4492 750 4562 quatenus
780 4480 948 4545 illuminata
971 4492 1018 4545 est
1039 4483 1109 4561 illa,
1140 4489 1245 4552 eadem
1271 4509 1342 4553 vero
1365 4491 1501 4573 utrinqne

414 4623 478 4630 ι-

250 4683 279 4758 ’)
299 4688 353 4742 Est
371 4687 455 4742 etiam
475 4686 587 4742 libratio
600 4694 724 4760 tempore
743 4688 906 4761 inaequalis,
928 4690 1081 4748 absolvitur
1097 4692 1168 4748 enim
1181 4708 1202 4748 a
1214 4696 1314 4766 copula
1329 4696 1357 4750 in
1370 4698 1501 4768 quadram

156 4786 256 4829 mam
283 4768 484 4835 umidiameter
502 4768 552 4823 ΔΤ
572 4767 624 4834 bia,
645 4769 704 4823 aive
723 4770 815 4825 brevis
844 4771 914 4825 haec
942 4778 1043 4844 quarta
1070 4773 1170 4829 manain
1200 4774 1299 4843 merit,
1329 4777 1388 4832 aive
1412 4777 1501 4850 low

157 4861 295 4924 tempora
334 4849 380 4906 lta
398 4848 484 4907 stiam
502 4848 598 4922 Tycha
617 4849 742 4907 omnibus
760 4850 995 4925 merbrum
1012 4853 1043 4910 ia
1059 4852 1186 4927 physica
