3354 5504
161 285 231 357 574
648 289 764 351 cauo
780 290 1019 360 mmmm-0

162 477 266 545 guntur
285 471 426 544 inprimis
455 466 474 525 2
499 471 631 542 pbasibus
653 474 761 544 pictura
780 474 840 528 rudi
860 480 892 527 et
910 489 996 544 saepe
1015 473 1122 536 fimeta,
1144 471 1173 525 in
1193 470 1279 526 tertia
1299 471 1366 526 reio
1384 468 1446 540 jam
1467 487 1511 524 su·

162 553 220 608 bito
242 554 277 606 ad
297 555 424 607 dextram
445 559 488 606 est
507 552 617 606 reclinis
636 554 742 623 species
763 554 843 624 idque
864 554 1006 608 evidenter
1025 555 1115 608 valde.

240 635 318 690 Data
337 633 423 704 igitur
443 624 621 694 distantia)
650 650 667 688 a
687 634 796 705 Nonag.
818 634 920 689 visibili
946 640 976 689 et
995 635 1059 692 dist.
1079 635 1190 706 Nonag.
1211 649 1230 687 a
1247 632 1353 688 vertice
1373 637 1407 687 ut
1427 631 1513 702 prius,

161 722 192 770 et
211 715 323 784 insuper
348 714 399 769 alt.
426 712 513 768 centri
534 703 560 774 )
589 713 650 768 visa
671 706 723 768 200
747 712 785 779 90,
806 715 917 770 dabitur
937 716 1057 787 angulus
1078 716 1151 768 inter
1170 714 1334 769 verticalem
1353 719 1385 768 et
1404 713 1513 784 eclipti-

161 813 222 850 cam
241 801 488 865 praeterpropter.
515 786 633 869 Nam)
662 796 691 849 in
711 802 805 849 austro
826 803 877 860 est,
899 795 1002 850 nonin
1022 796 1085 865 ipsa
1107 795 1245 864 ecliptica,
1266 793 1347 863 eujus
1370 793 1414 848 rei
1426 810 1516 849 causa

160 893 211 947 pro
232 868 284 931 420
307 874 499 944 usurpabimus
520 870 573 930 430
598 868 645 929 200
666 876 745 946 quasi
766 878 846 931 ducto
867 877 968 931 circuio
990 883 1123 946 apunctc
1139 875 1244 930 oriente
1258 892 1310 945 per
1323 881 1451 929 cenum
1475 865 1514 937 ).

161 957 211 1011 His
231 953 371 1026 principiis
392 955 511 1025 angulus
532 954 585 1009 isle
604 957 637 1009 flt
656 951 710 1012 460
734 950 790 1009 580.
822 956 915 1010 Posito
936 974 1013 1028 ergo,
1035 958 1107 1027 quod
1126 971 1231 1010 cornua
1251 955 1386 1010 steterint
1405 956 1515 1010 adun·

160 1052 244 1109 guem
271 1040 379 1100 erecta,
407 1036 527 1107 angulus
548 1035 619 1090 inter
640 1035 799 1090 diwenmon
823 1043 853 1091 et
872 1037 1044 1107 eclipticam,
1064 1042 1164 1106 utpote
1183 1035 1212 1091 in
1233 1036 1382 1107 triangulo
1401 1035 1514 1090 minime

160 1117 215 1172 erit
233 1108 287 1173 430
310 1108 348 1173 20.
387 1116 427 1170 Et
445 1115 511 1186 quia
531 1122 653 1170 centrum
673 1117 786 1170 umbrae
805 1117 904 1172 dicitnr
924 1125 1110 1188 transgressa,
1132 1115 1221 1171 minus
1240 1115 1331 1188 igitur
1343 1114 1451 1186 aliquid
1472 1115 1518 1170 in·

161 1197 257 1263 ,teritrit
275 1196 348 1250 inter
368 1204 464 1250 oentra
484 1196 684 1250 semidiametro
704 1198 826 1262 umbrae,
848 1198 935 1252 minus
956 1198 1043 1269 igitur
1062 1196 1129 1253 mihi
1148 1197 1258 1266 quidem
1279 1211 1363 1267 quam
1377 1189 1429 1251 450
1443 1190 1515 1258 4500.

161 1276 282 1348 Tyehoni
309 1276 399 1330 adhuc
427 1276 522 1333 minus.
562 1277 606 1330 De
626 1277 680 1330 hae
709 1293 774 1330 vero
794 1284 826 1331 ut
855 1279 917 1333 basi
937 1279 1085 1333 secundum
1114 1277 1233 1348 angulos
1255 1276 1317 1347 Jam
1351 1276 1515 1347 patefactos

160 1359 308 1428 respondet
327 1355 492 1428 longitudini
511 1356 618 1428 quidem
639 1351 687 1412 330
709 1352 776 1421 2600,
798 1359 847 1412 lat
871 1352 919 1414 310
941 1352 1006 1416 1200.
1045 1357 1136 1413 Minus
1157 1356 1244 1428 igitur
1270 1373 1353 1428 quem
1375 1349 1426 1433 310
1446 1355 1510 1411 fnis-

160 1445 204 1493 set
224 1437 252 1491 in
272 1436 427 1500 latitudine,
448 1436 472 1490 si
492 1436 587 1507 phasis
608 1437 707 1491 llrisset
727 1444 838 1501 exacta,
860 1445 890 1492 et
903 1438 1028 1508 Tychoni
1047 1440 1134 1493 multo
1154 1437 1252 1492 minus.
1280 1438 1328 1492 Ita
1347 1454 1386 1491 ne
1405 1437 1508 1508 Tyeho·

161 1518 224 1575 nica
248 1516 355 1590 quidem
374 1517 498 1586 parvitas
524 1517 679 1581 sufficeret,
710 1534 770 1573 oum
795 1525 888 1573 tamen
908 1520 1066 1574 observatio
1087 1517 1254 1589 quantitatis
1285 1517 1391 1588 aliquid
1422 1516 1506 1588 majus

160 1591 284 1669 postulet
303 1612 366 1651 mea
385 1597 469 1652 etiam
488 1596 687 1670 magnitudine.
728 1597 790 1652 Non
811 1599 863 1654 init
882 1599 969 1671 igitur
989 1607 1092 1655 exacta
1111 1597 1216 1668 phasis,
1238 1600 1288 1652 sed
1312 1596 1427 1653 reclinis
1453 1597 1505 1668 jan

160 1696 256 1734 versus
277 1679 404 1733 datram
424 1694 443 1732 a
461 1694 555 1749 supra,
576 1680 648 1748 quod
668 1678 779 1733 tertium
800 1680 913 1734 schema
931 1680 1077 1735 manifeste
1097 1678 1199 1749 prodit.
1443 1682 1446 1687 '

233 1759 285 1815 ‘Ex
294 1776 327 1813 eo
342 1775 415 1824 vero,
430 1759 501 1830 quod
514 1758 627 1812 obvenit
639 1758 812 1830 longitudini,
823 1760 945 1815 collatae
954 1777 1014 1815 oum
1024 1758 1168 1832 parallaxi
1179 1756 1372 1832 longitudinis,
1383 1762 1503 1828 apparet

162 1839 259 1896 Lunae
288 1840 377 1894 looum
405 1837 493 1893 meum
512 1839 598 1894 fuisse
614 1837 674 1906 jam
694 1838 770 1894 ultra
791 1830 818 1901 8
830 1834 863 1898 Θ
884 1858 906 1896 c
928 1835 957 1894 80
977 1842 1024 1896 rel
1044 1838 1080 1896 9¹.
1121 1838 1209 1894 Simul
1238 1846 1332 1893 autem
1360 1838 1395 1892 de
1424 1837 1502 1908 medic

161 1918 312 1975 durationis
326 1918 427 1974 certius
440 1918 543 1990 aliquid
556 1918 736 1990 pronunciare
750 1936 903 1989 possumus.
929 1921 1064 1977 Horariur
1078 1919 1152 1975 enim
1171 1910 1198 1981 l>
1222 1936 1240 1974 a
1261 1913 1294 1979 Θ
1315 1917 1371 1972 tuit
1385 1913 1434 1975 300
1446 1912 1502 1978 1400.

161 2015 246 2072 quere
267 2018 289 2054 c.
310 2000 406 2054 horam
426 1999 516 2054 abluit
535 1999 692 2055 obscuratio
712 1999 832 2057 maxima
851 2007 903 2055 aut
922 2007 1002 2056 tanto
1022 2002 1112 2057 minus
1132 2016 1189 2056 une
1208 2000 1287 2064 hora,
1308 2004 1415 2070 quanto
1435 1995 1502 2052 incli-

161 2081 270 2137 notiore
288 2080 317 2134 in
336 2079 417 2150 phasi
437 2080 549 2136 fuerunt
568 2095 679 2135 cornua.
1242 2146 1246 2154 Ι

242 2160 377 2230 cuperem
396 2161 493 2216 eadem
521 2161 649 2216 methodo
675 2160 759 2214 otiam
784 2159 848 2215 illas
874 2162 976 2231 pheses
996 2164 1128 2226 mactare,
1150 2158 1198 2214 ubi
1218 2173 1323 2213 cornua
1342 2173 1433 2228 prone
1450 2155 1502 2227 pin-

161 2249 279 2313 guntur;
308 2242 356 2294 sed
377 2241 518 2312 quantitas
539 2241 662 2296 defectus
682 2242 762 2296 deest
786 2241 863 2296 etin
883 2240 999 2313 picturis
1019 2238 1102 2295 nimio
1127 2240 1232 2295 variat:
1260 2237 1331 2293 nibil
1351 2237 1439 2310 igitur
1457 2237 1502 2292 tro

60 2324 69 2336 ⁸
162 2322 314 2377 conferunt
353 2320 393 2376 Et
411 2321 441 2375 in
460 2322 513 2376 line
533 2322 631 2377 umbra
649 2320 746 2376 vertici
775 2321 882 2392 quidem
912 2319 1034 2392 eorporis
1054 2320 1172 2375 Lunaris
1201 2318 1328 2392 pingitur
1347 2317 1499 2389 propinqus.

161 2409 194 2457 at
212 2400 354 2456 inclinatio
384 2418 440 2456 non
467 2408 512 2457 est
531 2398 667 2473 e'xpressa
686 2418 737 2457 nec
765 2401 883 2457 numeris
913 2419 964 2458 nec
984 2400 1089 2466 verbis,
1110 2401 1324 2471 picturae-vero
1345 2400 1437 2454 nudae
1455 2410 1499 2452 ror

162 2488 207 2538 m
225 2481 434 2617 ssSdr‘aeiimntemen
463 2579 501 2617 ex
529 2537 681 2618 observata
708 2561 866 2633 quantitate
886 2565 1104 2617 demonstratum
1124 2568 1176 2625 est,
1198 2562 1355 2615 attestante
1375 2565 1407 2613 et
1425 2554 1497 2611 deeb-

159 2641 272 2699 natione
292 2642 448 2708 observata,
468 2641 642 2698 latitudinem
663 2642 771 2699 omnino
794 2645 952 2715 aagendam
975 2643 1045 2696 nodo
1067 2649 1201 2712 promoto,
1222 2640 1318 2711 itaque
1338 2640 1414 2695 hanc
1426 2637 1496 2706 solip·

161 2723 203 2780 siu
222 2724 352 2780 secedere
373 2723 456 2779 classi
477 2725 626 2788 secundae,
647 2723 676 2779 in
695 2739 751 2794 qua
770 2730 836 2778 sunt
855 2725 904 2779 [Χ.
924 2722 960 2780 K
981 2722 1030 2778 xl
1050 2751 1090 2761 —

451 2909 513 2965 XV.
535 2904 671 2980 ‘Eolipsis
691 2909 788 2964 Lunae
809 2925 882 2963 anno
905 2901 991 2965 1592.
1016 2902 1212 2978 1412141111.

239 3007 306 3064 Cum
327 3001 361 3067 Θ
381 3006 410 3061 in
431 2999 464 3063 30
489 3001 537 3062 150
558 3010 591 3062 Θ
612 3007 718 3063 occidat
738 3006 850 3063 Uranib.
881 3005 909 3060 h.
930 3001 959 3061 8.
981 2999 1038 3072 400,
1064 3009 1187 3059 centrum
1209 2997 1242 3063 Θ
1264 3003 1373 3069 occidit,
1395 2989 1495 3060 oum)

163 3104 260 3160 corpus
290 3089 486 3144 subobscurum
515 3088 587 3142 inter
613 3089 711 3143 densas
739 3088 826 3142 nubes
847 3085 976 3141 totaliter
994 3101 1079 3156 supra
1098 3084 1234 3139 risibilem
1254 3085 1428 3139 horizontem
1446 3097 1496 3136 oon·

162 3168 316 3239 spiceretur
335 3170 490 3233 elevatum,
520 3185 571 3222 nee
599 3175 714 3239 propter
732 3161 819 3221 nubes
840 3167 984 3239 eliquanto
1004 3166 1148 3238 spissiores
1170 3159 1271 3234 (rerba
1292 3159 1436 3234 exscribo)
1454 3161 1496 3215 dis·

164 3249 238 3304 cerni
258 3248 358 3320 potuit,
380 3265 417 3303 an
431 3248 526 3319 aliqua
545 3247 606 3317 ejus
626 3247 766 3318 particula
786 3248 870 3302 luerit
890 3247 919 3300 in
939 3247 1044 3303 umbre.

242 3329 361 3385 Emeruit
380 3346 418 3384 ex
438 3328 556 3383 nubibus
576 3329 604 3384 h.
619 3323 646 3382 9.
661 3321 718 3391 280,
740 3344 793 3400 quo
814 3333 950 3383 momento
972 3343 1075 3382 cornua
1093 3323 1247 3397 pinguntur
1261 3330 1367 3390 erecte,
1389 3323 1498 3377 deiectos

153 3409 250 3465 ‘minor
278 3410 390 3466 semisse
420 3408 540 3479 corporis
561 3398 605 3471 Ji:
634 3408 662 3464 in
684 3402 711 3462 9.
733 3403 781 3463 360
810 3409 901 3463 adbuc
921 3413 1032 3471 erecte,
1063 3406 1186 3460 deiectus
1216 3405 1323 3459 semissi
1350 3403 1498 3477 proximus:

163 3492 191 3546 h.
206 3486 239 3561 9.
261 3484 310 3544 57‘
331 3489 478 3544 declinatio
499 3495 543 3544 est
556 3495 691 3543 annotata
710 3487 847 3542 inferioris
869 3487 972 3560 integri
991 3485 1067 3542 limbi
1088 3478 1141 3540 240
1165 3479 1213 3540 580
1234 3485 1280 3539 rel
1304 3479 1363 3541 590.
1404 3483 1453 3538 sed
1475 3468 1497 3539 )

163 3570 244 3625 valde
264 3570 373 3627 humilis
393 3571 428 3625 ad
450 3561 483 3623 50
506 3575 536 3623 et
556 3569 584 3623 in
607 3566 826 3624 retractionibus.
868 3567 944 3622 Inter
967 3566 995 3624 h.
1018 3560 1063 3622 10.
1087 3560 1136 3622 130
1160 3569 1190 3618 et
1218 3558 1263 3620 10.
1286 3559 1335 3618 250
1358 3566 1499 3618 annotatur

163 3651 286 3706 defectus
314 3651 427 3721 plenus,
457 3666 547 3722 neque
567 3654 661 3704 tamen
680 3647 768 3703 minor
786 3664 853 3719 pars
875 3646 1031 3703 illuminata
1052 3640 1099 3702 140
1125 3661 1245 3717 unquam
1265 3644 1353 3698 fluisse
1374 3641 1498 3700 scribitur,

163 3746 276 3804 quorum
290 3724 361 3793 3201.
384 3730 497 3786 inrenta
517 3735 582 3785 sunt
601 3729 674 3783 inter
693 3744 822 3783 cornuum
842 3733 978 3783 extrema.
1008 3726 1090 3782 Color
1108 3725 1196 3797 partis
1218 3725 1374 3779 offuscatae
1394 3718 1499 3793 tempi·

79 3845 84 3850 -
163 3829 241 3867 neus.
283 3812 318 3869 Η
342 3804 386 3866 10.
407 3804 456 3866 4θο
476 3809 608 3880 scrupula
627 3809 718 3864 lucida
740 3803 785 3873 16,
807 3823 911 3863 cornua
931 3813 1032 3864 exacte
1052 3807 1164 3878 supina;
1185 3805 1213 3861 h.
1230 3799 1277 3860 11.
1292 3796 1365 3865 5801,
1388 3802 1447 3857 risa
1463 3805 1500 3888 est

163 3908 341 3962 recuperasse
370 3891 471 3946 lumen.
511 3889 613 3945 Statim
631 3890 659 3947 h.
683 3883 729 3944 12.
752 3882 818 3949 sl(
841 3888 958 3943 medinm
986 3879 1013 3950 )
1042 3887 1071 3942 in
1096 3884 1327 3943 meridianorum
1357 3883 1408 3940 alt
1435 3878 1499 3935 linbr

163 3972 297 4027 inferioris
331 3964 364 4026 90
390 3965 417 4026 10
445 3972 491 4026 vel
521 3963 616 4026 9⁰0¹.
667 3978 764 4042 (comp.
783 3977 849 4028 Hist
869 3976 936 4029 Coei.
955 3992 979 4041 p.
999 3971 1073 4034 329.)
1113 3967 1203 4039 Igitur
1232 3964 1255 4020 si
1286 3980 1376 4035 ponas
1406 3961 1498 4016 initium

164 4053 192 4110 la
211 4048 239 4108 8.
260 4045 316 4118 500,
342 4053 423 4107 tinem
448 4053 476 4109 ia
500 4044 544 4107 11.
567 4044 632 4115 580,
654 4053 708 4106 erit
727 4049 835 4106 duretio
856 4050 917 4105 dim.
938 4051 964 4106 h.
987 4042 1012 4105 1.
1033 4040 1095 4112 340,
1120 4044 1237 4102 medium
1256 4045 1284 4102 la
1308 4038 1355 4101 10.
1376 4039 1434 4100 240.
1468 4039 1499 4093 Et

85 4139 93 4150 '
163 4134 312 4204 respondet
330 4131 500 4187 mediocriter
519 4130 661 4187 inclinatio
682 4133 717 4191 ad
736 4132 763 4186 id
781 4137 955 4187 momentum.
984 4128 1032 4184 Sin
1052 4133 1144 4182 autem
1165 4125 1269 4180 tardius
1291 4123 1404 4194 incepit,
1424 4121 1498 4175 minor

165 4215 248 4268 etiam
267 4214 299 4267 fit
319 4213 435 4278 duratio,
456 4212 594 4284 posterius
615 4212 741 4268 medium.
784 4212 815 4267 In
833 4211 917 4283 Prcg.
938 4209 1049 4280 ponitur
1068 4209 1097 4264 b.
1122 4201 1166 4263 10.
1190 4201 1236 4261 160
1256 4212 1333 4260 certe
1354 4203 1496 4258 nimione

165 4300 256 4349 turum
274 4294 327 4349 hoo
346 4293 470 4348 medium.
497 4292 543 4349 Sic
563 4291 634 4346 enim
654 4293 778 4347 defectus
798 4289 960 4361 principium
981 4290 1032 4343 sub
1045 4290 1157 4342 Terram
1177 4287 1290 4340 caderet
1309 4291 1339 4338 et
1361 4273 1388 4345 J
1411 4281 1494 4338 oricus

165 4374 188 4428 si
203 4373 266 4443 jam
283 4392 335 4446 per
355 4375 535 4445 quadrantem
554 4373 640 4426 borae
665 4361 823 4427 laliorasset
848 4370 977 4442 ingressu
997 4370 1026 4424 in
1045 4368 1189 4428 tenebras,
1218 4366 1349 4421 facillime
1373 4361 1495 4434 potuisset

165 4454 287 4509 deiectus
317 4453 440 4528 coargui.
486 4453 562 4508 Infra
586 4471 624 4509 ex
648 4453 730 4528 phasi
760 4450 917 4522 supinorum
947 4466 1076 4504 cornuum
1103 4447 1251 4520 colligetur
1280 4445 1397 4508 medium
1426 4441 1493 4499 suso

123 4606 127 4614 ⁸
165 4535 300 4611 posterius
321 4536 375 4589 bac
394 4536 423 4589 h.
447 4527 572 4592 111240.
