3354 5504
143 224 310 351 *tro*
672 244 1056 387 ιιιιιιιιιιιιιιιιιιιιι

94 452 97 461 “
191 450 224 507 ιι
234 408 353 507 Uter
350 388 486 533 quidem
504 438 718 522 explicandum
741 460 779 502 ex
783 407 985 527 Purhaclrio
995 441 1156 505 secundum
1180 440 1360 504 Aristotelis
1382 396 1565 579 principia?

38 524 40 528 ’
127 554 133 567 ··
191 533 280 597 aliter
306 531 398 595 etiam
422 551 460 594 ex
482 524 663 615 Tychoire.·

96 651 107 671 .
184 688 187 694 ,
280 621 494 703 Ptolemaeus
500 620 597 682 irudos
626 594 711 682 nobis
741 619 838 681 hosce
862 619 989 684 circulos
1017 619 1191 702 descripsit,
1217 618 1341 701 quales
1371 572 1571 701 geomeim‘·

177 710 366 775 'observatis
396 696 549 792 applicata
580 708 704 773 indicat
753 709 941 772 Pnrbachius
973 710 1092 772 modum
1115 709 1287 783 constituit,
1312 729 1369 791 quo
1394 709 1539 773 decurre-
1577 750 1583 761 a

191 808 305 883 ιιιιιι,
320 809 450 863 -ιιιιιιι
472 797 683 883 Aristotelem,
707 798 755 877 qni
778 799 834 859 hoc
859 799 968 861 idem
960 818 990 860 ιι
1014 799 1149 861 Eudoxi'
1155 807 1188 861 et
1203 794 1322 879 Galippi
1336 796 1564 883 geometricas¹

62 960 66 970 ¹
162 889 429 972 suppositiones,
466 887 572 969 quibus
604 887 817 950 astronomiam
849 889 1054 960 tradiderant,
1089 889 1263 950 attentavit.
1286 884 1328 962 ²²)
1361 889 1437 953 Cum
1461 889 1541 951 eninr

191 989 330 1043 auctores
363 977 533 1057 illi‚orbes
561 973 603 1040 25
637 976 815 1038 adhiberent
844 979 882 1039 ad
911 978 1174 1040 demonstrandam
1210 996 1327 1039 omnem
1349 978 1541 1058 planetarum

190 1067 447 1150 inaequalitatem,
472 1065 725 1140 Aristoteles,
750 1065 855 1143 soljdis
879 1066 1000 1129 orbibus
1015 1068 1129 1128 coelum
1144 1067 1287 1130 refertum
1301 1067 1436 1142 credens,
1461 1067 1541 1130 alios
1579 1115 1582 1119 -

140 1230 143 1236 ,
190 1153 233 1221 24
264 1157 454 1229 revolventes
483 1155 600 1218 censuit
622 1154 874 1236 interponeudos3
903 1164 938 1219 ιι
960 1156 1076 1219 ιιίΙὶιιι
1095 1156 1222 1218 inferior
1244 1154 1368 1236 quisque
1393 1155 1477 1218 orbls
1501 1175 1537 1218 eo
1565 1162 1568 1167 '

86 1280 89 1286 ·
139 1318 142 1325 ,
192 1245 297 1329 rapt'n,
324 1258 410 1326 quem
434 1252 557 1325 propter
579 1245 807 1324 contiguitatem
831 1245 1051 1326 superficierum
1075 1253 1182 1307 erata
1205 1245 1544 1325 superiorepassurns,

39 1414 43 1421 .
92 1344 97 1353 '
160 1334 379 1399 »hberaretua
417 1333 539 1414 igitur,
553 1384 557 1389 .
570 1353 636 1395 oum
661 1333 690 1394 in
716 1333 885 1399 universum
909 1335 996 1397 orbes
1019 1330 1065 1398 tt
1086 1334 1166 1408 (sive
1189 1334 1351 1397 secundum
1375 1331 1557 1418 Oalippum.

6 1479 9 1487 .
81 1485 86 1491 .
157 1438 163 1456 ’·
189 1421 231 1489 53
256 1432 309 1486 ιιι
332 1421 391 1499 55)
414 1423 644 1498 accumulasset,
669 1422 795 1506 singulis
818 1422 953 1504 singulos
977 1433 1109 1486 motores
1133 1423 1267 1498 addidit;
1299 1442 1423 1504 quorum
1447 1423 1539 1505 quili-

1 1550 3 1559 ·
117 1574 120 1579 ,
189 1513 242 1576 ιιι
277 1511 343 1576 orbi
374 1531 429 1575 sno
468 1520 499 1574 et
522 1513 659 1577 omnibns
682 1511 887 1591 iuferinribus,
921 1532 997 1594 quos
1019 1513 1070 1575 ille
1093 1521 1177 1577 esset
1198 1512 1386 1593 complexus,
1425 1521 1540 1577 motum

190 1600 466 1686 aequabiliasimnm
489 1601 520 1664 in
544 1602 615 1664 orbe
638 1601 791 1685 superiore
815 1601 917 1664 orbem
940 1622 1025 1665 suum
1048 1603 1182 1705 proxime
1198 1603 1369 1675 ambeuute,
1393 1609 1541 1683 tanquam

188 1691 219 1754 in
244 1693 310 1754 loco
334 1691 472 1771 quodam,
495 1699 677 1771 praestaret,
696 1698 740 1752 ιι
751 1709 770 1752 a
793 1710 849 1771 quo
869 1699 900 1753 ιι
916 1692 1088 1774 plagatam
1112 1711 1227 1794 qnam
1222 1704 1322 1755 motus
1346 1691 1420 1753 ferrl
1443 1691 1540 1756 debe·

102 1842 105 1846 .
188 1780 251 1857 bat,
275 1789 308 1845 et
331 1779 515 1856 celeritatis,
544 1800 605 1861 qna
627 1788 722 1842 ιιιιι
734 1779 814 1844 orbis
838 1781 876 1842 ad
899 1801 985 1844 suum
1007 1781 1182 1883 principium
1205 1781 1425 1857 restituendus,
1464 1800 1541 1846 con·

189 1880 276 1932 stans
298 1868 376 1931 ratio
400 1869 586 1949 procederet.
630 1871 679 1933 Ac
703 1868 768 1932 cuin
791 1871 957 1950 placuisset
978 1870 1022 1933 illi
1040 1869 1227 1952 philosopho,
1252 1878 1366 1935 motum
1380 1879 1540 1934 aeternnm

140 2017 144 2033 ,
189 1979 271 2033 esse,
304 1968 436 2020 motores
459 1978 575 2040 quoque
586 1963 741 2022 aeternos
765 1956 891 2023 statuit:
926 1958 975 2041 qui
999 1978 1066 2022 oum
1089 1960 1204 2022 infinito
1227 1968 1362 2040 tempore
1385 1967 1541 2035 moveant,

188 2047 347 2111 infinitatis
377 2066 449 2110 vero
473 2049 584 2111 nullum
609 2048 800 2111 materiatum
822 2067 920 2128 capax
943 2068 1012 2112 esse
1035 2049 1144 2122 sciret,
1167 2048 1391 2115 immateriatos
1422 2067 1539 2131 quoque

93 2206 95 2210 t
189 2145 221 2199 et
251 2135 399 2217 principia
431 2146 592 2218 separata,
626 2156 717 2218 quare
746 2137 911 2201 immobilia
936 2158 1005 2202 esse
1032 2139 1137 2205 voluit
1191 2138 1237 2201 Ac
1270 2157 1336 2200 cnm
1369 2157 1408 2201 ex
1440 2147 1542 2204 motus

188 2225 368 2294 aeternitate
392 2227 533 2288 mundum
556 2227 757 2289 exstruxisset
780 2236 944 2303 aeternnm,
969 2238 1107 2317 essetque
1132 2227 1208 2290 haec
1231 2226 1350 2290 duratio
1375 2227 1539 2303 essentiae,

191 2313 284 2377 totius
307 2316 407 2377 mundi
426 2315 547 2385 bonitas
571 2324 602 2379 et
624 2316 777 2396 perfectio,
803 2318 944 2397 opposita
967 2317 1108 2420 interitui,
1133 2317 1183 2397 qui
1205 2317 1302 2379 malus
1327 2324 1430 2391 esset3
1454 2316 1541 2397 prin-

137 2427 143 2441 ·
191 2403 278 2485 cipiis
306 2404 366 2466 illis
390 2404 602 2484 perfectionem
633 2425 780 2468 summam
807 2406 928 2481 tribuit,
962 2406 1084 2488 ejusque
1114 2406 1349 2473 intellectionem
1373 2414 1467 2469 etex
1491 2407 1540 2469 in-

190 2493 317 2557 tellectu
341 2494 418 2555 bono
442 2495 627 2557 voluntatem
653 2495 682 2556 id
705 2492 918 2575 prosequendi,
948 2516 984 2558 ne
1013 2496 1121 2559 bonum
1145 2514 1202 2557 uon
1226 2494 1302 2557 bene
1327 2495 1458 2569 faceret;
1482 2514 1540 2577 quo

189 2590 283 2664 pacto
306 2589 422 2645 mentes
446 2592 614 2664 separatas,
638 2585 764 2666 denique
782 2585 855 2647 deos
871 2585 955 2646 nobis
979 2585 1153 2662 introduxit,
1179 2593 1277 2646 motus
1301 2585 1453 2646 coelorum
1467 2603 1539 2666 per·

189 2671 276 2735 ennis
308 2669 510 2737 administros.
557 2673 750 2735 Addidemut
778 2682 809 2736 et
833 2674 965 2737 animam
987 2675 1156 2749 motricem,
1186 2673 1307 2737 orbibus
1331 2674 1444 2736 arctius
1468 2675 1539 2737 alli-

189 2769 293 2843 gatam
318 2781 428 2842 eosque
452 2763 678 2836 informantem,
701 2772 736 2825 ιι
759 2782 843 2825 mens
867 2771 984 2826 tautum
1008 2764 1160 2826 adstaret:
1184 2763 1233 2825 vel
1257 2762 1335 2844 quod
1356 2781 1486 2826 movens
1509 2772 1542 2826 et

189 2850 300 2913 mobile
330 2851 488 2913 convenire
517 2852 546 2913 in
578 2851 676 2935 aliquo
704 2872 828 2914 necesse
858 2853 1023 2924 videretur,
1064 2854 1112 2915 vel
1146 2853 1223 2933 quod
1253 2853 1392 2932 potentia
1420 2853 1539 2916 ratione

191 2940 282 3021 spatii
311 2939 481 3020 trajiciendi
505 2961 562 3003 non
586 2941 702 3004 infinita
725 2950 822 3018 esset,
847 2942 890 3004 uti
914 2961 1009 3024 neque
1032 2950 1131 3004 motus
1154 2943 1231 3005 ullus
1255 2941 1387 3003 infinitus
1402 2949 1461 3010 ιιι,
1486 2944 1540 3005 sed

189 3029 323 3092 dimenso
356 3036 491 3111 tempore
521 3026 575 3111 per
598 3030 763 3094 dimensum
787 3031 927 3112 spatium.
973 3033 1061 3094 Hanc
1084 3032 1185 3111 itaque
1208 3030 1377 3110 potentiam
1400 3032 1540 3095 movendi

190 3118 463 3199 transscripserunt
486 3120 612 3195 animae,
637 3139 730 3201 eoque
753 3122 871 3183 nomine
895 3116 1044 3201 tantisper
1063 3122 1253 3183 materiatam
1272 3138 1341 3183 esse
1355 3119 1439 3201 passi
1459 3129 1539 3197 sunt,

189 3218 222 3272 ut
244 3209 273 3270 in
299 3208 449 3270 coelomm
474 3208 594 3272 orbibus
618 3209 796 3272 inhaereret.

279 3299 380 3379 Atque
408 3299 483 3359 haec
506 3298 615 3362 mentis
639 3309 671 3361 et
694 3301 810 3362 animae
834 3299 985 3380 copulatio
1009 3318 1081 3362 sane
1104 3316 1247 3380 perquam
1272 3303 1478 3361 consentanea
1492 3307 1541 3363 est

189 3386 421 3468 particularibus
444 3396 680 3451 astronomorum
705 3389 1028 3451 animadversionibus:
1063 3389 1198 3470 quamvis
1221 3386 1467 3469 philosophorum
1488 3408 1539 3451 ar-

189 3475 373 3557 gumentatio
407 3477 506 3557 potius
539 3478 748 3559 metaphysica
780 3479 831 3540 sit.
882 3479 961 3541 Nam
990 3487 1023 3540 ut
1051 3479 1079 3541 in
1108 3478 1225 3540 homine
1250 3477 1382 3539 aliaest
1405 3476 1537 3540 facultas

112 3634 114 3639 ‚
188 3585 325 3641 movens,
351 3565 412 3626 alia
434 3575 572 3628 movente
596 3567 742 3629 facultate
766 3577 864 3642 utens,
887 3568 1036 3643 voluntas,
1061 3566 1222 3629 secundum
1245 3565 1357 3628 indicia
1386 3584 1536 3641 sensnum,

189 3655 238 3738 qui
275 3663 308 3717 et
336 3654 516 3727 instrument
503 3656 544 3717 tis
574 3677 593 3717 a
626 3656 770 3720 facultate
800 3668 938 3721 movente
969 3657 1108 3720 differunt
1130 3665 1162 3718 et
1185 3656 1317 3719 fabricae
1339 3655 1538 3741 praestantia,

188 3763 264 3828 quae
294 3743 325 3807 in
359 3762 499 3808 sensnum
527 3744 649 3826 organis
673 3753 721 3808 est
744 3746 948 3809 admirabilior
970 3767 1060 3829 quam
1088 3746 1119 3809 in
1143 3742 1299 3809 facultatis
1322 3743 1461 3808 motricis
1484 3764 1538 3809 re·

187 3834 310 3898 hiculia:
336 3832 390 3910 ita,
413 3834 440 3896 si
463 3834 550 3896 hos
542 3854 624 3938 ipsos
648 3835 736 3898 orbes
758 3835 971 3899 Aristotelicos
990 3836 1030 3898 ad
1044 3835 1308 3917 contemplandum
1321 3851 1543 3940 proponamus

189 3924 247 3988 dno
271 3922 358 3985 nobis
382 3933 556 3987 occurrent:
588 3925 644 3986 vis
674 3924 813 3988 motrix
836 3925 900 3987 orbi
924 3925 1050 3988 rotundo
1074 3925 1240 4001 sufficiens,
1265 3942 1303 3987 ex
1325 3921 1412 4005 cnjus
1434 3922 1540 4009 deor,

188 4021 220 4077 et
242 4013 394 4076 constanti
418 4012 591 4076 fortitudine
618 4021 736 4094 tempus
768 4014 979 4077 revolutorinm
1010 4014 1118 4089 oritur,
1153 4021 1184 4076 et
1212 4015 1355 4094 plaga,
1388 4008 1420 4076 iu
1442 4022 1549 4095 quan

186 4102 335 4168 eundum:
360 4121 484 4186 quarum
505 4103 558 4165 illa
570 4102 691 4166 animali
708 4103 845 4166 facultati
860 4104 969 4166 rectius
985 4102 1219 4178 uansscribitur,
1234 4103 1310 4167 haee
1324 4118 1397 4165 vern
1410 4100 1547 4185 nataae

181 4191 369 4273 intelligenti
407 4199 461 4254 aut
495 4193 629 4257 memori
685 4193 764 4256 Nam
794 4193 853 4255 etsi
887 4193 1005 4274 quidem
1036 4211 1090 4274 per
1113 4192 1189 4256 hanc
1213 4191 1400 4273 soliditatem
1417 4180 1539 4273 orbium

187 4280 322 4346 omnibus
346 4281 465 4345 omnino
488 4282 618 4344 motibus
642 4299 700 4345 seu
718 4283 905 4363 apparentiis
928 4283 1108 4346 coelestibus
1131 4282 1175 4345 ita
1198 4289 1390 4363 prospectum
1413 4288 1481 4356 est,
1504 4286 1539 4345 rt

183 4370 393 4454 providentiae
426 4371 598 4451 praesidum
620 4371 813 4434 motoriomm
835 4371 1020 4453 relinquatur
1048 4372 1137 4439 nihil.
1168 4371 1266 4441 omnis
1291 4382 1371 4435 vero
1402 4369 1543 4455 quietas

186 4471 319 4525 motuum
352 4480 391 4525 ex
422 4459 619 4541 dispositione
654 4468 684 4522 et
711 4460 884 4540 pluralitate
913 4459 1025 4523 orbium
1049 4460 1269 4542 proficiscatur,
1299 4458 1540 4545 necquicquam

168 4550 268 4637 ¹aliud
291 4550 470 4632 requiratur,
498 4567 587 4631 quam
612 4557 644 4610 ut
662 4549 784 4615 animae
808 4551 947 4612 matrices
971 4551 1123 4631 accipiant
1136 4560 1168 4613 et
1181 4549 1333 4615 retineant
1348 4544 1547 4635 snnmvigm'

185 4660 267 4718 rem,-
300 4650 331 4705 et
362 4640 498 4720 aprimo
531 4638 693 4701 creationis
725 4639 810 4701 initio
839 4641 869 4701 iu
892 4639 1013 4720 plagam
1037 4639 1189 4721 quaelibet
1212 4660 1297 4703 suam
1319 4639 1500 4705 incitentur
1507 4640 1559 4713 sti.

187 4731 279 4817 quasi
306 4750 322 4792 ι
355 4728 563 4791 carceribus
556 4747 584 4790 ιι
615 4726 716 4809 spatia
745 4728 949 4815 dimittantur·
979 4737 1080 4801 tamen
1112 4706 1362 4793 considerandum
1386 4728 1450 4805 eat,
1480 4728 1583 4841 huseg

185 4820 304 4933 ipsam
305 4818 415 4882 mentis
437 4816 517 4885 illius
542 4835 697 4909 supremae
720 4837 795 4900 opus
818 4836 895 4893 esse,
919 4809 1075 4921 planetam
1088 4817 1272 4899 quemlihet
1261 4838 1292 4882 ιι
1302 4818 1432 4901 plagam
1440 4800 1583 4957 senff?

1394 4902 1422 4957 ,
1571 4906 1583 4931 ,ι
