3354 5504
110 265 112 269 Α
259 288 304 358 50
488 372 489 376 ¹
530 298 543 341 -“
678 289 778 344 thera·
796 289 898 355 Kepleri
917 291 1068 358 aliorumque
1086 296 1188 343 mutuae

223 451 228 462 ’
349 471 438 545 Vale,
463 477 496 532 et
518 490 569 532 oro
593 478 623 532 te
647 470 787 545 rescribe,
812 478 846 532 ut
867 471 1082 534 recreationem
1105 469 1232 531 habeam
1256 487 1293 561 ex
1317 466 1455 543 lectione.
1512 462 1522 494 '·

348 557 379 626 8.
404 558 478 624 Feb.
505 555 600 624 1601.
645 560 773 636 Pragae.
1080 623 1081 627 Ἰ

529 675 531 679 ·
705 650 751 712 Η.1
769 649 804 710 Τ.
834 647 966 711 Gratias.
989 646 1163 728 Discipulos
1222 668 1224 673 ·
1283 647 1286 651 ’
1576 714 1579 721 ,

394 797 397 804 .
907 764 911 776 ·
1226 738 1269 798 Μ.
1293 737 1328 801 J.
1351 733 1517 822 Keplcrae.

345 845 449 923 fropim
467 843 557 914 Narba
574 844 694 896 theoriam
713 843 1029 980 attinguntshaalllaplppi
1046 844 1153 894 literae:

284 1034 304 1048 ··
326 1055 329 1060 .
349 1004 526 1069 Clarissima
548 1004 604 1080 vir,
628 1003 811 1086 Praeceptor
832 1006 1016 1071 honorande.
1062 1003 1149 1076 Quod
1179 1009 1263 1064 tanto
1295 1010 1429 1082 tempore
1452 1010 1553 1077 taces,
1578 1002 1608 1064 id

173 1138 178 1145 .
259 1116 305 1158 me
330 1095 448 1157 omnino
472 1094 593 1155 credere
613 1095 714 1175 jubet,
739 1103 769 1157 te
793 1095 1058 1158 causamtacendi
1082 1092 1275 1164 confinxisse,
1300 1111 1388 1173 qnam
1411 1088 1523 1158 ultimis
1548 1092 1609 1153 tuis

258 1184 354 1249 literis
368 1183 449 1252 ¹mihi
473 1183 664 1263 exprobrasti
682 1192 716 1274 p.
737 1193 793 1243 vol.
812 1192 846 1252 11,
864 1209 888 1258 p.
911 1189 967 1255 1³).
1012 1184 1079 1263 Ego
1103 1176 1201 1244 rebus'¹
1221 1182 1296 1244 mais
1319 1182 1350 1243 in
1379 1181 1470 1243 alium
1494 1187 1609 1243 statum

250 1272 566 1341 'manseuntibus'non
581 1273 746 1348 desistam,
771 1275 997 1355 quoadvocem
1020 1273 1075 1334 tibi
1100 1290 1287 1350 expressero.
1326 1271 1412 1333 Nam'
1428 1270 1500 1332 mihi
1525 1279 1609 1332 certe

80 1331 84 1339 .
122 1354 144 1406 ⁸>
257 1382 316 1426 non
340 1362 400 1424 alin
433 1371 568 1441 tempore
599 1363 695 1442 magis
714 1371 781 1438 ‘tua
813 1383 905 1443 opera
933 1372 965 1425 et
991 1361 1180 1424 institutione
1217 1379 1291 1439 opus
1320 1360 1386 1422 fnit.
1434 1356 1608 1440 Tychonanr

251 1450 401 1518 'inaudisti
425 1459 582 1523 mortuum.
622 1449 738 1514 Caesar
757 1452 857 1514 curam
872 1454 1136 1517 instrumentorum
1155 1456 1186 1511 et
1200 1450 1442 1529 imperfectorum
1456 1449 1608 1530 Tychouis

83 1551 128 1622 μζ
209 1554 212 1560 ·
257 1541 422 1615 studiorum
446 1540 518 1602 mihi
542 1541 693 1621 imponere
717 1541 860 1617 decrevit,
885 1542 1027 1604 salarium
1050 1541 1121 1602 mihi
1153 1538 1360 1613 denunciavit,
1384 1546 1487 1618 petere
1513 1538 1608 1617 jussit

198 1675 204 1689 .
259 1631 391 1711 aliquam
412 1649 570 1709 summam.
607 1630 689 1693 Usus
704 1649 759 1710 ego
779 1631 912 1701 consiliis
936 1625 1071 1704 aliorum,
1096 1629 1174 1709 quod
1188 1648 1288 1691 meam
1307 1629 1425 1708 quidem
1448 1647 1607 1707 personam

259 1720 380 1796 attinet,
405 1738 552 1782 summam
574 1718 699 1782 arbitrio
717 1720 859 1784 Caesaris
882 1720 1027 1793 commisi,
1051 1720 1129 1799 qnod
1153 1738 1223 1780 vero
1247 1717 1462 1798 perfectionem
1486 1735 1608 1812 operum

259 1808 426 1892 Tychonis‚
460 1827 586 1888 quorum
614 1810 772 1893 potissimo
795 1809 882 1872 vivus
905 1810 1135 1871 Tabularum
1157 1807 1478 1887 Rodolphaearnm
1501 1825 1608 1868 nomen

8 1926 12 1935 ·
259 1899 340 1972 fecit,
365 1897 518 1959 dimidiam
532 1898 683 1979 Tycbnnis
707 1919 851 1961 summam
875 1919 917 1962 sc.
945 1895 1030 1962 1500
1044 1899 1182 1976 florenos.
1197 1916 1311 1965 annuos
1334 1896 1418 1976 petii,
1444 1896 1607 1975 pollicitus,

242 1988 287 2073 'si
303 1987 418 2052 Caesar
437 1995 519 2050 totos
537 1982 625 2051 3000
639 1976 827 2069 Tycbnnicos
846 1989 909 2064 det,
927 2007 974 2050 me
997 1979 1072 2049 bene
1096 1987 1310 2061 collocaturum
1334 1985 1459 2046 adscitis
1482 1984 1608 2064 collegis

71 2103 77 2111 ·
107 2098 113 2110 ·
173 2121 176 2128 ·
248 2085 291 2144 ct
321 2076 555 2238 οἫΙαιοτίϋυε
574 2073 622 2138 ¹et
653 2078 811 2158 exquisitis
844 2079 1002 2140 doctorum
1034 2077 1178 2138 consiliis.
1234 2075 1424 2154 Responsum
1457 2075 1608 2154 quodnam

259 2166 360 2247 futuru
424 2167 481 2240 sit,
511 2174 629 2246 tempus
661 2167 836 2247 patefaciet.
883 2166 949 2247 Ego
974 2167 1078 2251 plenus
1102 2182 1167 2245 spe.
1183 2184 1258 2230 sum.
1305 2165 1384 2228 Nam
1415 2163 1442 2226 si
1473 2163 1546 2225 mihi
1570 2163 1607 2224 de

57 2306 61 2313 .
110 2222 135 2319 ,ι
258 2252 369 2336 potio'ri
392 2252 475 2316 Deus
498 2255 662 2334 prospexit,
688 2257 726 2317 de
749 2256 876 2318 materia
899 2276 941 2318 sc.
958 2255 1118 2317 exercendi
1140 2254 1261 2333 ingenii,
1284 2254 1386 2333 utique
1406 2261 1441 2314 et
1464 2253 1511 2314 de’
1525 2271 1609 2314 sum-

258 2344 339 2407 tibus
362 2343 536 2423 prospiciet.
574 2344 720 2431 Adeoque
744 2347 770 2407 si
784 2347 850 2407 Deo
874 2365 966 2417 curae,
987 2352 1034 2406 est
1057 2345 1251 2412 astronomia,
1276 2336 1608 2422 quod'crederepium
1643 2365 1647 2379 ,

138 2486 142 2498 .
197 2470 211 2493 ·.
241 2441 324 2508 ⁸est,
352 2433 420 2512 jam
442 2451 498 2512 ego
531 2451 635 2512 spero,
670 2453 717 2495 me
741 2436 771 2496 in
795 2454 832 2496 ea
854 2435 968 2514 aliquid
996 2434 1229 2514 praestiturum,
1261 2452 1328 2495 cum
1357 2430 1609 2512 videam,1quam
1666 2456 1669 2461 ·

244 2521 395 2600 'fataliter
423 2541 472 2583 ms
495 2514 629 2604 Tyclioni
650 2523 734 2585 Deus
767 2524 939 2604 adjunxerit
969 2542 1025 2584 nec
1057 2521 1245 2602 gravissimis
1277 2520 1471 2590 incommodis
1505 2520 1543 2581 ab
1573 2538 1608 2582 eo

115 2654 118 2663 ·
174 2635 205 2698 ·,1
251 2610 361 2681 ,divelli
384 2630 494 2692 passus
517 2611 566 2676 sit.
605 2612 706 2694 Tycho
730 2631 805 2692 quae
829 2612 992 2693 praestitit,
1017 2619 1088 2695 ante
1107 2608 1292 2676 annumil'i.
1317 2610 1482 2690 praestitit,
1508 2609 1548 2671 ab
1572 2629 1608 2671 ao

68 2699 72 2707 '
192 2741 196 2749 -
258 2707 394 2780 tempora
417 2719 467 2763 res
489 2700 554 2780 ejus
577 2700 608 2762 in
626 2702 712 2781 pejus
735 2721 832 2774 ruere,
857 2702 921 2782 ipse
937 2702 1016 2764 curis
1042 2700 1219 2764 immanibus
1243 2693 1396 2783 distineri,
1416 2697 1607 2780 puerascere.

112 2830 117 2837 -
210 2798 213 2804 “
258 2786 608 2879 Patiiainponsiderate
632 2790 756 2874 deserta
776 2791 874 2874 ipsum
897 2792 1009 2854 afflixit
1019 2791 1123 2852 :saule
1145 2790 1222 2860 baec
1242 2792 1332 2878 plane
1355 2789 1498 2869 perdidit.
1539 2788 1610 2850 Non

159 2942 163 2952 ,
228 2879 428 2961 eratenim
452 2878 487 2953 is,
513 2879 561 2959 (sui
576 2899 648 2945 cum
666 2898 813 2961 quoquam
837 2881 937 2943 vivere
954 2880 1019 2943 sine
1043 2878 1231 2960 gravissimis
1256 2872 1470 2955 offensioniirus
1493 2887 1608 2959 posset,

222 2990 225 2995 ’
256 2956 458 3035 nadumcum
481 2970 815 3050 tantae'amplitudinis
839 2970 921 3039 viris,
945 2970 992 3032 sui
1014 2969 1073 3031 sibi
1096 2969 1234 3048 consciis,
1259 2985 1362 3058 regum
1385 2976 1418 3030 et
1440 2966 1608 3051 principum

258 3057 395 3133 arbitris,
431 3048 634 3139 Tychonicum
648 3078 730 3138 ,opus
747 3058 880 3122 omnium
902 3051 1198 3139 praestantissimum
1218 3069 1288 3120 sunt
1311 3056 1608 3131 observationes,

258 3145 386 3208 totidem
415 3145 492 3233 justi
524 3145 609 3222 libri,
644 3157 716 3228 quot
739 3150 825 3210 annis
848 3149 917 3210 huic
949 3147 1046 3211 labori·
1073 3147 1215 3227 praefuit.
1260 3147 1338 3209 Dein
1361 3148 1606 3227 Progymnas-

116 3292 121 3302 .
176 3280 178 3285 ι
258 3245 355 3312 mata
378 3230 430 3317 (ip
449 3236 616 3298 eostellae
639 3238 727 3312 fixae,
752 3246 852 3301 motus
867 3237 948 3302 Solis
963 3245 994 3306 et
1008 3231 1111 3299 Luhae
1133 3237 1174 3301 ad
1191 3239 1297 3299 nostra
1320 3236 1470 3316 tempora)
1495 3250 1619 3298 meram

161 3334 164 3339 '
259 3324 377 3404 spirant
400 3324 589 3405 ambrosiam.
627 3325 922 3407 Spero-proditurum
945 3326 1127 3389 instantibus
1151 3326 1299 3410 nundinis.
1335 3326 1416 3389 Nam
1436 3323 1467 3387 id
1487 3330 1612 3386 strenue

97 3394 100 3399 Ι
172 3413 175 3418 ’
244 3431 381 3503 ¹operam
404 3412 604 3488 do,'indicem
626 3416 715 3478 facio.
754 3416 840 3488 Quae
859 3417 993 3479 Lunam
1018 3417 1159 3491 attinent,
1184 3436 1276 3497 opera
1294 3414 1481 3498 potissimum
1506 3415 1607 3494 cujus-

260 3502 331 3566 dam
355 3500 522 3566 Christiani
546 3502 684 3568 Severini
706 3506 996 3587 Lougimontani
1018 3505 1099 3567 Dani
1130 3505 1183 3576 his,
1207 3505 1320 3567 ultImis
1352 3503 1439 3566 annis
1469 3503 1609 3565 confecta

141 3594 143 3600 '
261 3588 347 3666 aunt,
364 3593 483 3656 clavum
510 3586 633 3657 tenente
657 3595 808 3678 Tychoce.
855 3597 939 3658 Haec
962 3614 1020 3657 non
1050 3602 1281 3674 repraesentant
1312 3613 1377 3656 eam
1407 3591 1608 3671 divinitatem,

262 3697 339 3760 qnae
362 3687 411 3743 est
425 3680 466 3745 ‚in
488 3679 570 3744 Solis
593 3679 731 3748 theoria·
766 3685 812 3747 De
837 3684 999 3751 Cometis
1026 3683 1135 3746 librum
1159 3684 1248 3745 aliuiu
1276 3683 1440 3763 scriptume
1464 3690 1547 3757 erat,
1573 3683 1609 3745 dc

260 3768 428 3848 planetis
443 3771 578 3834 omnibus
596 3773 769 3839 doctissime
785 3782 817 3836 et
831 3773 1059 3855 diligentissime
1074 3777 1292 3836 commentatus
1307 3781 1369 3837 est:
1385 3772 1440 3833 sed
1455 3772 1517 3834 fere
1527 3790 1609 3835 more

111 3872 115 3882 ·
151 3913 156 3921 .
233 3840 447 3921 -²Piolemaioo
478 3862 602 3924 mutatis
621 3864 802 3943 mutandis,
833 3872 867 3926 nt
898 3872 930 3926 et
953 3862 1137 3945 Gopemicus
1171 3863 1251 3926 fecit.
1299 3861 1431 3937 Videas,
1462 3861 1610 3942 quomodo

232 3945 235 3949 ’
261 3946 345 4011 Dens
370 3940 525 4028 dispenset
548 3971 604 4012 sua
625 3953 718 4037 dona,
751 3972 806 4015 nec
830 3954 930 4016 omnia
959 3953 1109 4033 possimus
1125 3950 1244 4015 omnes.
1290 3952 1403 4033 heho,
1429 3950 1609 4031 quodHip·

247 4036 411 4129 parchus,
443 4038 534 4115 fecit,
558 4061 578 4102 a
601 4039 803 4105 fundamentis
833 4043 964 4106 aedificii
994 4049 1057 4116 est,
1090 4042 1224 4105 laborem
1247 4038 1415 4120 exantlavit
1437 4030 1609 4105 maximnm.

260 4125 328 4189 Non
353 4125 453 4189 omnia
484 4147 655 4208 possumus·
673 4151 785 4195 omnes.
832 4132 998 4195 Desiderat
1019 4131 1208 4212 Hipparchus
1238 4116 1611 4212 ille,Prolamaen1a.'qui

245 4215 392 4298 ‘reliquos
416 4212 437 4278 5
461 4218 600 4296 planetas
624 4228 862 4301 superexstmat.
908 4222 988 4284 Dum
1011 4220 1094 4285 vixit·
1116 4221 1190 4283 haec
1217 4215 1390 4302 praestitis
1416 4218 1610 4299 Theoriam

260 4303 400 4368 Martis
429 4307 581 4383 exstruxi,
615 4317 648 4371 nt
671 4330 778 4373 sensns
806 4310 1006 4372 subtilitatem
1035 4310 1124 4372 facile
1154 4304 1379 4390 'adaequatnms
1402 4308 1445 4371 sit
1463 4309 1609 4399 calculus.

261 4392 375 4470 Causa,
400 4413 455 4457 cur
474 4395 643 4460 incertioris
666 4407 764 4462 motus
780 4399 921 4462 <creditus
944 4400 999 4475 sit,
1024 4420 1082 4463 non
1107 4409 1155 4464 est
1176 4398 1423 4479 illi··pe'culiaris,
1448 4398 1504 4460 sed
1527 4417 1611 4470 com-

259 4482 358 4545 munis
382 4483 518 4569 omnibus
541 4487 737 4567 planetis,.in
760 4487 826 4569 ipso
845 4507 916 4550 vero
941 4472 1177 4582 evidentissima.
1215 4490 1347 4552 Primum
1370 4489 1451 4550 linea
1472 4480 1612 4570 apsidum

262 4571 364 4635 orbem
388 4573 466 4655 ejus·
486 4573 712 4638 hactenusnon
741 4578 839 4640 secuit
859 4578 1015 4654 medium,
1050 4580 1259 4659 trajiciebatur
1292 4578 1372 4641 eni'm
1393 4596 1448 4658 per
1478 4576 1612 4649 centium

261 4661 422 4742 aequantia
446 4668 478 4724 et
501 4673 636 4727 centrum
659 4667 787 4746 putativi
811 4666 892 4730 orbis
915 4669 1027 4748 magni
1065 4670 1111 4731 At
1130 4689 1203 4732 vera
1226 4669 1377 4749 trajicitur
1399 4686 1453 4748 per
1476 4675 1615 4739 centrum,

263 4751 422 4830 aequantis'
446 4759 477 4814 et
501 4751 604 4818 Solem
636 4754 743 4836 ipsum.
790 4750 840 4821 Ita
861 4766 999 4820 centrum
1029 4760 1187 4822 eccentrici
1218 4761 1321 4839 (quem
1344 4761 1407 4840 jam
1439 4756 1615 4841 imagineris

227 4924 232 4937 Ι
264 4858 346 4908 more
369 4841 570 4927 Ptolemaiou)
601 4842 681 4909 inter
708 4853 852 4929 puuctum
875 4840 1046 4929 'aequantia’
1069 4857 1101 4911 et
1128 4847 1230 4913 Solem
1261 4856 1325 4927 est,
1356 4866 1432 4926 cnm,
1453 4854 1612 4928 putaretur
