3354 5504
543 272 575 326 de
592 270 780 327 &matuta
797 271 831 325 do
845 198 915 325 mdtu
931 272 1020 327 stallae
1037 274 1133 328 lintis.
1445 280 1509 350 128

161 457 417 530 astronomorum,
440 455 490 537 qui
512 471 586 515 voce
609 449 736 513 media
758 458 972 557 ιιριιιιειιι1
994 451 1179 527 Graecorum
1203 451 1308 534 ὁμαλη.
1353 458 1437 540 Ego,
1470 461 1509 525 mi

161 540 291 619 Fabrici,
316 546 342 607 si
368 544 583 608 astronomiam
603 542 640 603 de
659 558 735 602 novo
758 540 918 615 traderem,
943 542 986 604 sic
1003 552 1037 605 ut
1059 544 1130 606 mihi
1153 564 1210 606 non
1236 554 1318 608 esset
1342 566 1416 627 opus
1429 549 1509 655 loqui

160 648 226 692 cum
248 633 396 716 antiquis,
421 642 522 696 uterer
544 630 667 692 vocibus
692 629 770 692 aliis.
816 629 957 692 Dicerem
979 651 1106 706 moram,
1132 652 1246 709 arcum,
1271 637 1426 713 burgulum,
1450 641 1510 701 cir·
1608 685 1614 696 .

160 720 273 796 cnlnm3
297 742 387 786 mons
409 722 534 802 elliptioi
558 739 675 792 noman,
699 737 801 780 murae
823 736 1001 793 mensuram,
1025 721 1125 784 circuli
1149 742 1260 785 aream

245 810 449 865 Fabricius
442 826 467 861 ιι
484 811 563 863 literis
580 809 604 859 d.
625 803 667 857 13.
687 803 756 869 (23.)
772 809 832 871 Aps.
853 803 930 856 11107.
949 809 1013 859 redit
1031 809 1064 860 sd
1080 813 1238 875 qasestioues
1255 813 1347 875 priores
1365 813 1398 863 ds
1416 815 1510 870 „tribus

160 878 327 944 ustionibus
344 882 436 935 hlautis
452 883 485 932 sd
503 881 715 933 eeteutricitstem
732 878 796 927 orhls
809 879 885 928 suuni
897 880 1096 945 inquirendam,“
1114 881 1203 932 deinde
1217 883 1325 948 pluribus
1336 885 1413 935 retest
1424 886 1530 937 dubins·

162 950 191 1001 da
207 953 422 1006 obtentionibus
439 952 613 1017 bohemanis,
631 950 806 1002 rolraodonnrn
824 951 873 998 rim
889 951 915 1000 iu
933 951 993 1001 louis
1011 951 1116 1003 Veneris
1134 962 1161 1004 et
1172 951 1236 1004 Solis
1254 955 1390 1018 aKeplero
1409 957 1508 1008 demon-

161 1028 265 1075 stratam
290 1026 407 1091 cupiens,
433 1024 616 1090 quaestiouibus
643 1020 787 1072 omnimodis
812 1035 880 1070 more
908 1029 1025 1073 comeatu
1049 1025 1159 1088 repetitio
1182 1025 1217 1075 slc
1236 1025 1375 1076 concludit.
1404 1027 1467 1079 Vale
1485 1036 1512 1079 et

160 1094 265 1147 ιιὲιιίδο
282 1110 359 1163 qnam
377 1097 499 1148 citissime
532 1095 572 1146 De
590 1100 658 1144 statu
674 1091 821 1157 Teugusqlil
840 1098 866 1142 et
877 1091 995 1143 Briohsan
1013 1093 1085 1145 valde
1103 1096 1220 1146 sollicitus
1238 1111 1300 1147 sum.
1330 1096 1404 1148 Haeo
1420 1100 1510 1164 raptim

161 1174 187 1217 st
202 1169 312 1232 uarpdru
330 1170 435 1234 scipta,
452 1167 525 1232 plura
547 1174 573 1217 et
590 1165 707 1215 solidiora
724 1164 755 1214 de
772 1164 821 1212 tuis
838 1162 1013 1228 hypothesibus
1031 1174 1058 1216 et
1074 1180 1159 1217 aarum
1177 1169 1290 1254 examina
1308 1182 1325 1218 s
1342 1183 1382 1219 me
1400 1170 1467 1220 tauto
1485 1173 1510 1221 ln
1605 1222 1608 1229 ,

161 1238 236 1291 huis
255 1241 375 1305 prossus
392 1240 502 1291 habebis

246 1312 290 1362 Ad
315 1311 379 1363 haee
406 1326 462 1362 cum
479 1309 602 1374 Keplorus
629 1322 678 1358 nou
703 1306 787 1356 statu
809 1307 981 1372 responderet.
1010 1308 1097 1359 diel.
1117 1306 1365 1383 (11.1111111107.
1383 1310 1510 1363 Fabricius

163 1380 229 1433 illam
247 1382 313 1434 adiit
328 1383 395 1434 huuc
412 1383 439 1433 in
457 1381 568 1451 modum:
590 1378 804 1431 Praestantissima
822 1383 848 1426 et
865 1378 1038 1430 candidissime
1055 1380 1113 1439 Vir,
1140 1382 1219 1432 amice
1237 1360 1416 1432 cole'udisslme.
1452 1382 1510 1434 Jara

160 1459 195 1503 tat
212 1453 247 1504 sd
266 1460 293 1504 te
311 1455 366 1504 misi
383 1459 436 1503 toto
453 1456 565 1503 vertente
583 1465 650 1501 anno
667 1449 760 1504 literas.
778 1456 808 1499 ut
824 1463 938 1499 numerus
957 1450 1082 1502 exciderit
1113 1451 1175 1501 cnm
1192 1452 1267 1519 igitur
1286 1452 1348 1503 nlhil
1364 1455 1506 1518 reciperem,

159 1527 228 1590 ooqu
241 1524 337 1575 dudum
356 1516 495 1589 dapsrare,
514 1538 563 1573 nou
575 1522 673 1588 quidem
690 1521 721 1571 de
739 1527 784 1569 tua
795 1522 877 1572 amica
887 1522 1067 1581 benevolentia,
1083 1523 1128 1574 sed
1140 1524 1171 1574 do
1183 1524 1282 1574 termus
1292 1526 1373 1575 miuus
1384 1538 1508 1590 prospers

161 1594 236 1647 Venit
254 1612 323 1647 nuuc
341 1596 374 1648 ad
391 1612 431 1648 me
451 1595 485 1646 D.
499 1594 675 1650 eneruatius,
695 1594 830 1642 commanis
848 1592 983 1643 studiorum
999 1600 1136 1645 nemorum
1153 1603 1279 1660 patronus,
1305 1603 1330 1647 ot
1348 1596 1467 1653 annuat,
1485 1598 1510 1647 sl

159 1667 215 1731 qnid
232 1666 345 1733 Prsgam
362 1668 468 1719 scribere
485 1667 566 1721 velim,
583 1678 705 1731 pararem
742 1661 825 1723 Quare
842 1679 883 1714 me
902 1664 982 1714 denuo
1000 1667 1103 1732 audaga
1122 1668 1155 1717 sd
1172 1667 1315 1718 aoribeudaa
1331 1667 1417 1719 literas
1434 1666 1507 1735 idque

158 1738 318 1789 tumultuario
335 1739 408 1803 stylo,
427 1753 459 1789 uo
476 1736 597 1788 moral).
610 1734 765 1786 cancellario
782 1750 826 1799 per
842 1750 882 1785 mo
900 1737 1086 1799 inliciatur—
1051 1737 1164 1789 —Jam
1182 1738 1297 1797 immixtis
1314 1738 1460 1805 quibusdam
1477 1740 1509 1790 ds

158 1784 1118 1875 ΚφΙιιί111ιο1ιιιο111ιοιι(ι.101.Π.ι>.102.)ι1ιροι311·Ψ

243 1880 319 1948 Rogo
337 1888 366 1932 ut
384 1882 417 1931 sd
434 1895 519 1931 omues
542 1893 612 1930 meas
635 1878 719 1928 literas
744 1877 845 1928 taudem
865 1877 997 1943 aliquando
1014 1880 1089 1944 pisus
1105 1881 1272 1947 mordeas,
1299 1881 1431 1946 praecipue
1449 1896 1506 1932 roro

157 1967 199 2017 p·
215 1953 525 2017 campunarum
543 1952 594 2002 sire
611 1950 696 2000 nutum
713 1949 751 1999 rol
769 1952 904 1999 muman
923 1950 1051 2010 ostendas,
1078 1952 1198 2017 quomodo
1223 1968 1268 2017 per
1293 1959 1343 2003 tres
1366 1952 1506 2017 paratam

157 2024 229 2075 w
247 2025 327 2075 annui
344 2025 408 2075 orbis
426 2025 551 2089 quantitas
579 2027 606 2072 et
632 2021 804 2072 eooeutrioitas
830 2021 973 2087 inquiratur.
1010 2022 1177 2089 Parsoripsisti
1202 2025 1263 2075 mihi
1289 2032 1349 2075 suta
1375 2026 1506 2075 tiendum

157 2098 288 2155 mua,
306 2110 390 2147 samua
408 2094 540 2146 admodum
567 2094 669 2144 obscure
686 2098 713 2142 et
729 2092 851 2142 intricate.
889 2093 943 2158 Ego
969 2108 1035 2144 nuno
1062 2110 1106 2160 psr
1131 2095 1237 2146 hiemem
1264 2101 1334 2147 tuam
1359 2095 1506 2161 hypothesis

157 2166 243 2219 kris
262 2169 409 2219 usmiusus
427 2168 502 2217 otiam
520 2165 614 2217 tentam
631 2164 699 2213 iilam
716 2169 821 2227 partem,
839 2163 884 2213 sed
896 2179 946 2214 uon
962 2167 1090 2217 suooessit
1118 2166 1228 2218 Causam
1239 2169 1303 2218 seire
1315 2182 1365 2217 uon
1377 2168 1446 2231 potui
1458 2165 1504 2221 lo.

244 2238 325 2304 Cupio
342 2240 414 2299 seire,
433 2252 477 2288 our
493 2236 620 2299 dimidiae
628 2235 818 2286 commutata
836 2233 862 2295 ὁ
880 2248 970 2286 seusus
986 2252 1029 2300 pro
1046 2237 1133 2289 lunula
1150 2238 1391 2303 sooipisturrelpro
1403 2238 1504 2290 Monta

158 2308 268 2373 slssd,
286 2301 612 2373 ιοιιιιιοιιι1ιι1ιοι1
647 2304 961 2357 siverissimamosusam
989 2308 1075 2366 dabis,
1102 2309 1182 2361 mults
1206 2310 1284 2360 dubia
1308 2309 1369 2360 mihi
1397 2310 1503 2362 actm
1597 2327 1604 2338 ·

162 2380 188 2433 di
202 2384 231 2434 iu
257 2381 275 2445 b
299 2390 327 2433 st
349 2381 373 2443 11
397 2381 485 2432 eadam
509 2381 574 2431 satio
597 2376 774 2444 nequiuerat·
796 2380 906 2428 secutis
925 2388 968 2443 pro
986 2382 1179 2431 ecoeutrleitstis
1203 2380 1319 2432 dimidias
1343 2383 1505 2446 proportione.
1612 2402 1615 2409 *

159 2462 262 2505 mss
280 2452 320 2504 e'st
338 2456 391 2516 sias
407 2454 443 2503 rei
461 2465 614 2503 communem
633 2462 689 2500 esso
706 2449 814 2513 Quam
831 2462 941 2500 cauum
974 2451 1048 2502 Foras
1062 2452 1245 2504 semidiamster
1257 2452 1341 2503 eirouli
1358 2467 1389 2503 es
1407 2455 1505 2519 proprio

157 2532 241 2577 anuo
259 2531 287 2576 st
305 2539 336 2575 ss
348 2523 411 2575 dole
429 2520 475 2585 (sd
492 2521 616 2586 Tycbouis
639 2522 703 2572 euim
727 2520 872 2584 hypothesin
890 2524 1052 2573 accommodo
1070 2521 1164 2585 omnis)
1183 2524 1216 2575 sd
1233 2525 1351 2574 ι1ιοι1ιιι
1368 2524 1503 2625 productus

158 2596 310 2660 pradadtor
325 2596 388 2646 iacit
404 2594 471 2647 lllsnr
488 2602 570 2644 rsotus
586 2591 764 2649 differentiam
784 2600 815 2642 at
828 2599 913 2642 nmen
931 2595 1051 2659 quomodo
1068 2595 1115 2646 list
1131 2608 1181 2645 non
1199 2595 1269 2645 rideo
1287 2593 1358 2647 do.-
1456 2612 1462 2619 ·

244 2666 358 2718 Maxime
375 2681 470 2732 quoque
488 2667 515 2716 iu
532 2665 649 2730 prioribus
666 2664 816 2714 mentonem
833 2664 890 2724 teci,
908 2670 937 2714 ut
954 2667 1086 2735 cogimus,
1105 2681 1149 2717 ear
1166 2681 1196 2718 aa
1216 2664 1231 2716 1
1251 2665 1405 2730 scronychlis
1421 2667 1513 2718 obser·-

159 2739 297 2790 ratiouihns
314 2753 399 2791 rerum
416 2736 541 2801 aphsilmn
558 2743 584 2786 et
600 2749 660 2786 rara
676 2735 849 2786 eoceufflsltas
865 2750 916 2785 uon
934 2735 1021 2787 damst
1058 2728 1166 2789 causam
1188 2752 1235 2805 epo
1260 2739 1356 2789 tunnis
1383 2738 1462 2789 latera
1478 2740 1505 2790 in

162 2809 197 2860 11
215 2810 269 2863 iilis
286 2810 388 2861 lunulae
406 2807 571 2871 63sien1m
588 2807 631 2857 illa
647 2821 691 2872 pro
709 2804 866 2867 &suntad
881 2807 912 2857 ab
925 2807 1021 2871 aphelio
1034 2809 1116 2860 debito
1133 2810 1278 2861 auiormtur
1296 2810 1328 2861 ab
1347 2800 1408 2861 arcu¹
1423 2809 1505 2861 medlo

158 2881 406 2933 tabularumduahus
419 2878 781 2941 obsenatiouihusinteroepto,
800 2877 838 2927 rnl
851 2878 873 2927 ei
886 2878 1017 2937 addantur,
1036 2880 1412 2947 tunodaturspheliumrarum
1425 2889 1451 2931 et
1470 2882 1505 2932 1111
1618 2874 1622 2881 ’

158 2967 252 3019 semper
269 2966 383 3003 cannen
400 2958 459 3002 vers
474 2951 655 3002 eooeutricitas.
687 2948 714 2998 Si
730 2949 813 2998 enim
806 2964 832 2997 ιι
843 2948 891 2998 bsc
903 2952 972 3013 praxi
984 2966 1059 3001 unum
1072 2953 1155 3011 scitur,
1174 2958 1234 3003 tuuc
1247 2959 1273 3002 et
1285 2952 1389 3003 alterum
1401 2953 1499 3003 seietru.

245 3025 302 3090 Epo
323 3031 392 3087 puto,
410 3037 451 3073 me
467 3022 544 3073 talem
566 3021 711 3085 hypothesin
729 3020 755 3081 <i
775 3021 934 3085 excogitasse
946 3020 1129 3088 (desiderentur
1152 3024 1241 3074 saltem
1259 3024 1382 3088 quaedam
1407 3023 1504 3088 plenius

160 3095 325 3147 minuas
342 3110 385 3160 per
402 3091 418 3142 11
435 3094 575 3157 parallases
594 3093 627 3144 ad
643 3104 719 3142 unum
737 3088 843 3152 locum),
862 3106 926 3156 qnae
951 3108 998 3144 sua
1018 3094 1139 3145 iacilitste
1163 3094 1225 3145 nulli
1251 3096 1285 3145 slt
1302 3109 1410 3147 cossura.
1447 3093 1502 3149 sol·

160 3166 347 3234 satorquidem
365 3165 474 3217 calculus
491 3180 535 3230 per
553 3171 630 3222 tuam,
649 3170 677 3213 at
693 3163 827 3228 implicatio
844 3169 870 3213 et
883 3164 1017 3229 obscuritas
1030 3172 1056 3216 et
1067 3166 1216 3217 difficultas'
1210 3180 1317 3231 ipsarum
1329 3166 1501 3231 hypothesium

159 3246 254 3290 tuarum
274 3236 341 3288 clare
358 3234 399 3298 (ut
416 3250 478 3300 paco
496 3244 541 3286 tus
558 3236 638 3286 dicam
661 3241 687 3285 et
710 3250 754 3284 sno
777 3241 886 3298 tempore
912 3235 1007 3301 plenius
1033 3234 1138 3300 ridebis)
1165 3237 1286 3297 ostendit,
1312 3237 1368 3288 illas
1395 3237 1503 3289 noudum

160 3313 279 3375 genuinas
299 3323 361 3359 esse.
398 3307 464 3358 Nihil
482 3310 507 3357 iu
526 3322 583 3358 mea
599 3320 665 3356 nors
681 3305 810 3371 hypothesi
835 3306 1001 3366 desiderabis,
1028 3323 1102 3374 quam
1129 3309 1193 3375 qnod
1219 3311 1320 3359 uulcsm
1347 3306 1502 3359 ldrrstiouem

162 3381 303 3433 merim
319 3394 392 3444 super
411 3387 495 3431 couno
514 3376 556 3439 Θ.
574 3384 678 3428 nutante
695 3378 744 3428 huo
761 3378 820 3429 illuc
838 3377 927 3442 spheiii
946 3379 1012 3431 linea
1029 3381 1203 3445 pernobilem
1221 3379 1247 3441 ὁ
1266 3381 1430 3431 eccsutrlonm
1447 3395 1501 3445 per-

160 3452 251 3512 besa,
275 3458 306 3501 ut
332 3452 412 3503 altera
439 3465 495 3515 pars
514 3450 667 3515 aequatiouis
684 3450 842 3515 compleatur.
877 3449 1039 3516 Respondent
1059 3460 1145 3503 tamea
1162 3454 1246 3503 omnis
1262 3451 1296 3503 sd
1313 3453 1430 3503 ammam
1447 3465 1503 3503 amu

162 3527 240 3588 prima
257 3523 390 3588 hypothesi
407 3533 460 3572 tus.

245 3595 429 3676 Keplerua
441 3590 469 3652 'in
481 3601 559 3653 iaus
572 3602 674 3666 inceptis
689 3614 803 3666 pergens,
822 3600 959 3665 respondis:
977 3593 1034 3656 His
1047 3595 1193 3676 paulatim
1207 3592 1386 3677 conscriptis¹
1399 3610 1507 3676 super·

160 3678 305 3749 venerunt
328 3683 407 3746 aliae
430 3692 500 3745 tuae
515 3683 670 3766 epistolae,
690 3684 770 3764 prior
787 3679 1035 3757 tinniturum
1052 3681 1102 3749 13.
1117 3683 1233 3766 Aprilis
1250 3683 1323 3745 data
1341 3691 1372 3745 et
1391 3681 1508 3747 inclusa

160 3774 254 3839 literis
268 3773 451 3836 Ritterhusii
467 3780 499 3845 (Ι,
510 3796 535 3847 p.
550 3776 623 3842 111).
656 3771 740 3834 Petis
759 3788 833 3852 quae
848 3789 955 3851 supra3
978 3790 1036 3834 uon
1055 3782 1146 3837 vacat
1159 3791 1267 3835 novam
1283 3770 1383 3835 subire
1398 3789 1507 3855 opera·-

161 3866 290 3938 tionem,
313 3862 401 3924 mitto
424 3862 605 3944 descriptum
630 3881 668 3922 ex
691 3859 931 3923 Commentariis.
979 3860 1120 3925 Seoantis
1143 3860 1272 3925 officinm
1294 3860 1508 3944 iu'arguenda

159 3952 318 4020 lstitndine
340 3951 459 4014 lunulae
482 3951 576 4014 habes
599 3969 707 4032 supra,
732 3958 786 4012 tua
807 3949 898 4031 igitur
921 3970 1030 4026 causa,
1054 3948 1210 4032 ingeniosa
1232 3950 1351 4033 quidem
1372 3952 1506 4022 inventa,

160 4054 188 4108 at
209 4058 266 4127 per
289 4060 323 4104 se
346 4040 425 4103 falsa
449 4048 507 4102 est.
553 4040 634 4104 Tuus
659 4038 842 4102 ecceutricua
865 4039 983 4103 mobilis
1005 4040 1094 4121 plane
1118 4040 1299 4105 contrarium
1321 4039 1397 4105 facit
1422 4060 1505 4106 meae
1533 4068 1538 4078 ·

160 4132 295 4217 ellipsis;
318 4148 405 4194 move
427 4129 509 4193 illum
533 4128 563 4193 iu
579 4129 761 4193 contrarium
776 4137 807 4191 et
829 4128 946 4193 creabis
968 4129 1134 4211 perfectam
1150 4130 1278 4211 ellipsin,
1302 4139 1337 4196 ut
1358 4148 1414 4211 ego
1429 4148 1505 4213 quo·
1545 4212 1549 4217 .

160 4242 213 4306 qus
236 4220 324 4285 initio
353 4218 458 4281 harum
491 4217 642 4282 literarum
671 4238 724 4300 per
756 4218 846 4280 aliam
868 4217 1131 4300 aequipollentiam
1163 4221 1264 4283 meavi
1287 4220 1415 4302 ellipsin.
1461 4220 1507 4283 At

159 4316 242 4389 nota,
274 4317 309 4371 ut
332 4307 383 4370 ille
401 4317 471 4370 tuna
495 4308 664 4371 libratorius
688 4307 825 4371 circellus
855 4307 1037 4389 respoudeat
1059 4307 1227 4373 anomaliae
1249 4309 1395 4385 eccentri,
1428 4329 1504 4391 quae

159 4400 264 4466 celeris
288 4405 336 4460 est
360 4396 389 4460 in
411 4397 565 4479 perihelio,
590 4398 678 4483 tarda
699 4396 729 4459 in
753 4396 882 4479 aphelio.
904 4429 946 4441 -
961 4415 1031 4462 ecce
1053 4399 1260 4482 quaestionem
1282 4419 1341 4462 non
1363 4398 1503 4477 solutam,

159 4490 211 4555 sed
233 4488 427 4553 translatam
473 4486 518 4549 Tu
540 4504 611 4550 vero
635 4487 804 4563 exclamas,
835 4486 986 4571 invenisse
1008 4495 1042 4551 te
1063 4508 1187 4553 causam
1210 4490 1262 4564 rei,
1287 4507 1339 4552 cur
1361 4505 1504 4552 excessus
1577 4516 1580 4521 ·
1622 4498 1625 4505 '

159 4579 292 4645 secantis
315 4575 439 4639 deliniat
459 4574 650 4640 latitudinem
671 4575 801 4652 lunulae,
824 4576 962 4640 nimirum
985 4576 1055 4659 quis
1078 4576 1264 4643 ecceutrious
1286 4584 1441 4641 moveatur
1464 4576 1504 4642 ad

157 4668 270 4735 lstua'
260 4687 291 4732 m
315 4665 461 4729 diametro
484 4664 607 4744 circelli,
631 4665 715 4747 cujus
737 4662 960 4729 semidiameter
981 4666 1023 4731 sit
1040 4666 1175 4771 aequalis
1198 4664 1335 4731 excessui
1359 4666 1502 4734 secantis.

159 4758 232 4823 ota
248 4754 382 4825 ridicule
406 4754 585 4835 deceptum!
608 4752 772 4831 Quaeritur
793 4754 873 4819 enim
894 4754 1002 4835 adhuc,
1021 4776 1099 4841 quae
1121 4756 1164 4821 sit
1185 4775 1280 4821 causa
1299 4762 1400 4821 motus
1421 4756 1503 4823 illins

160 4850 199 4915 ad
218 4848 313 4925 latus,
337 4844 433 4909 idest
454 4845 607 4993 quaeritur
629 4862 722 4919 causa
736 4842 933 4969 quantitatis
936 4844 1019 4943 illine
1042 4854 1152 4933 motus,
1176 4864 1228 4912 cur
1247 4844 1387 4947 praeciso
1399 4844 1502 4913 rsdlm
1562 4872 1565 4877 ·
1625 4844 1648 4941 J
