3354 5504
184 280 249 356 204
659 282 698 338 ne
716 285 824 340 massa
842 284 936 339 serra
954 283 1045 339 utres

185 468 264 530 circa
287 467 459 546 perigaeum
483 466 511 528 iu
537 464 730 545 Capricorno,
756 466 931 527 continuata
954 464 1034 527 linea
1058 467 1143 534 MA,
1177 474 1211 527 ut
1198 472 1321 527 tsecet
1344 462 1529 526 eccentricos

185 557 215 619 in
236 558 349 631 Ρ,Ε.-
351 556 451 618 Nam
479 566 592 635 quanta
619 564 667 617 est
695 555 777 630 MA,
816 565 902 616 tanta
932 565 980 616 est
1008 564 1037 615 et
1068 558 1133 618 PE.
1190 555 1252 617 Sed
1285 553 1355 634 quia
1386 573 1444 615 uon
1475 553 1530 614 de·

185 648 322 725 signatur
344 654 522 707 momentum
547 646 624 706 idem
648 663 700 722 per
724 646 799 706 hano
823 665 911 706 unam
934 645 1043 706 lineam
1070 646 1154 719 MA,
1183 665 1249 706 cum
1272 665 1329 705 non
1355 643 1452 718 M„A
1476 642 1531 703 sed

186 738 214 796 A
236 734 279 797 sit
299 736 441 815 pun'ctum
465 717 669 814 aeqha'litatis,
693 753 763 812 ergo
788 752 891 795 versus
918 735 968 794 ΡΕ
990 733 1113 795 veniant
1136 734 1273 814 paralleli
1298 752 1335 793 ex
1359 734 1429 805 AA,
1455 749 1531 811 quae

186 824 349 902 signabunt
370 831 551 885 momentum
575 823 668 884 idem:
701 823 821 904 sintque
847 824 916 898 AP,
951 825 1005 885 ΛΕ
1028 832 1060 884 et
1083 843 1120 884 ex
1145 825 1177 897 P,
1193 826 1218 883 Ε
1240 821 1367 902 epicyeli
1391 821 1531 883 scriban-

74 913 76 916 ’
187 923 235 974 tur
258 914 297 986 N,
313 915 355 975 Π.

275 999 446 1074 Quaeritur,
463 999 511 1061 ubi
526 1001 657 1061 maxima
673 1007 819 1079 appareat
832 1000 906 1062 haec
922 998 1124 1081 discrepantia
1138 999 1254 1061 ratione
1270 997 1532 1061 circumferentiae

67 1132 78 1156 ι,
187 1090 332 1171 epicycli?
377 1090 419 1151 Et
441 1098 562 1161 certum,
589 1091 665 1169 quod
689 1109 747 1150 non
772 1089 800 1149 iu
823 1090 960 1170 partibus
984 1091 1107 1172 epieyoli
1125 1089 1181 1167 ipsi
1205 1091 1238 1149 K
1248 1089 1360 1150 Terrae
1376 1087 1530 1166 proximis,

188 1181 259 1261 quia
282 1187 385 1240 esseut
407 1179 465 1258 ipsi
489 1182 521 1240 K
540 1180 579 1239 ad
602 1179 723 1257 plagam
747 1180 889 1241 eandem:
921 1181 1027 1241 necin
1052 1178 1193 1252 summis,
1224 1178 1293 1257 quia
1315 1177 1404 1239 nimis
1428 1184 1534 1238 esseut

100 1315 106 1327 .
141 1325 142 1330 ,
187 1277 335 1331 remotae:
369 1287 439 1347 ergo
471 1267 501 1329 in
528 1267 671 1348 proximis
699 1269 834 1346 partibus
863 1268 1004 1348 perigseo
1036 1267 1181 1349 epicycli:
1215 1286 1286 1346 ergo
1311 1266 1383 1327 Sole
1408 1275 1531 1326 etcum
1560 1279 1564 1282 ·

189 1361 246 1421 hoc
268 1358 393 1437 planeta
415 1376 472 1418 non
496 1358 586 1436 plane
611 1356 639 1418 iu
663 1358 803 1436 perigaeo
827 1377 881 1419 suo
904 1365 1045 1419 versante
1069 1357 1123 1418 sed
1146 1356 1289 1435 proxime,
1316 1365 1347 1415 et
1370 1353 1399 1414 in
1416 1373 1534 1417 summa

187 1451 237 1522 (nt
267 1445 400 1509 breviter
432 1445 545 1519 dicam)
583 1447 612 1507 in
640 1449 759 1526 punctis
792 1446 828 1507 iis
858 1449 950 1515 Ν,Π
975 1447 1079 1507 eodem
1108 1445 1252 1523 temporis
1282 1453 1432 1505 momento
1457 1462 1532 1504 cnu-

187 1533 395 1609 venientibus,
427 1554 481 1615 per
512 1554 588 1614 quae
613 1542 644 1596 et
667 1538 699 1596 K
718 1535 857 1598 minimus
880 1536 1017 1598 circellns
1040 1535 1215 1596 traducitur.
1261 1533 1321 1594 Est
1343 1541 1443 1594 autern
1467 1533 1534 1610 ejus

189 1624 302 1688 circelli
325 1632 461 1686 centrum
486 1624 514 1685 iu
539 1625 619 1685 linea
641 1642 695 1703 per
718 1629 746 1686 K
759 1626 869 1700 adacta,
894 1645 969 1705 quae
993 1626 1340 1686 continuatasursumet
1354 1640 1533 1684 concurrens

127 1741 130 1744 ·
192 1733 259 1778 cum
281 1714 362 1777 linea
387 1714 446 1776 PA
468 1713 572 1775 itidem
596 1713 768 1775 continuata
792 1715 932 1793 angulum
956 1708 1040 1796 772⁰
1062 1712 1295 1791 cnrnprehendit.

275 1812 569 1874 Demonstrationem
594 1831 631 1872 ex
654 1812 854 1891 superioribus
877 1814 933 1873 huc
958 1813 1170 1882 accommodet,
1196 1811 1245 1892 qui
1268 1829 1325 1870 non
1350 1809 1533 1887 acquiescit;

188 1901 302 1964 numeri
325 1901 462 2003 quidem.
466 1901 554 1961 iidem
578 1910 716 1975 manent,
740 1901 797 1963 nisi
830 1902 908 1981 quod
932 1904 1010 1982 apud
1036 1903 1240 1963 Ptolemaeum
1265 1900 1334 1962 MA
1357 1898 1452 1977 major
1475 1905 1532 1969 est,

190 2009 280 2079 quam
302 1987 438 2069 superius
454 1989 482 2050 in
502 1990 631 2051 numeris
655 1991 807 2070 usurpatis
821 1995 865 2066 μλ
884 1997 947 2065 (Fig.
968 1996 1033 2063 59);
1058 2010 1147 2071 quare
1167 1999 1199 2049 et
1217 1987 1385 2049 differentia
1409 1986 1535 2048 visionis

189 2080 294 2160 major,
320 2079 436 2142 scilicet
458 2081 568 2140 ΝΚΠ.

276 2168 364 2230 Prius
388 2186 499 2247 nempe·
517 2176 583 2228 erat
606 2175 639 2229 ut
662 2170 703 2245 δβ
726 2169 764 2229 ad
788 2173 829 2230 ot
852 2170 992 2230 minorem
1009 2188 1111 2249 ·quam
1135 2136 1183 2229 est
1205 2166 1329 2228 dimidia
1351 2166 1402 2241 ὃβ,
1427 2165 1472 2225 sic
1494 2164 1536 2240 βκ

191 2259 228 2320 ad
252 2260 304 2332 λμ.
352 2258 523 2318 Ptolemaeo
554 2276 624 2318 vero
657 2265 755 2332 esset,
785 2269 818 2319 ut
849 2261 911 2321 KA
940 2266 1007 2319 tota
1037 2259 1075 2318 ad
1104 2260 1167 2320 KA
1200 2255 1368 2327 dimidiam,
1402 2255 1447 2316 sie
1472 2255 1537 2315 AA

191 2346 356 2427 aequalis
349 2348 405 2424 rpsi
428 2348 469 2424 βκ
492 2347 530 2407 ad
556 2346 631 2409 MA.

278 2436 441 2515 Denique
474 2436 596 2496 eadem
627 2446 664 2496 et
694 2435 729 2496 in
761 2435 971 2517 Tychonica
1003 2436 1199 2517 hypothesi
1230 2433 1416 2498 deducam.
1461 2443 1535 2511 (Etsi

191 2527 264 2596 apud
278 2525 417 2579 Breheum
438 2526 510 2580 orbis
525 2526 622 2579 Martis
645 2534 723 2580 secat
743 2527 835 2579 orbem
849 2526 937 2588 Solis3
960 2526 1025 2597 quia
1045 2533 1138 2580 tamen
1158 2525 1305 2596 generalia
1325 2530 1415 2582 tracto
1437 2525 1465 2580 in
1479 2526 1533 2579 hac

190 2607 278 2677 prime
298 2612 388 2676 parte,
410 2613 439 2660 et
452 2623 523 2677 quae
545 2606 666 2660 omuibus
688 2607 809 2676 planetis
831 2607 1002 2670 conveniunt,
1025 2607 1109 2660 malui
1129 2607 1174 2660 hic
1187 2606 1334 2660 excludere
1355 2610 1427 2662 hanc
1448 2607 1532 2660 inter·

192 2695 350 2759 sectionem,
380 2696 494 2749 multum
516 2697 586 2749 enim
617 2696 793 2750 obscuritatis
823 2697 851 2750 in
881 2698 1020 2751 schemate
1050 2697 1142 2750 fuerat
1170 2693 1320 2767 paritura.)
1370 2688 1484 2750 Cancro
1507 2683 1533 2743 B

191 2780 256 2848 (Εἰς.
276 2781 320 2845 61)
347 2776 505 2838 scribatur
531 2778 718 2838 eccentriaus
742 2774 830 2838 Solis
853 2775 920 2849 GS,
949 2785 984 2839 nt
1006 2778 1040 2838 in
1061 2797 1096 2836 eo
1120 2775 1177 2836 BG
1199 2778 1241 2840 sit
1263 2775 1349 2840 linea
1376 2775 1533 2859 apsidum,

192 2863 216 2926 C
232 2863 320 2927 locate
337 2864 458 2926 Terrae
473 2864 640 2927 immobilia
654 2873 683 2927 et
697 2867 723 2926 B
739 2873 889 2948 punctum
909 2864 1112 2946 aequalitatis
1127 2886 1166 2928 aa
1178 2870 1333 2929 cententio
1352 2873 1551 2931 anctorumr

192 2973 259 3014 narn
283 2954 311 3014 in
336 2973 497 3032 progressu
522 2955 705 3025 ostendetur,
729 2964 869 3032 punctum
893 2955 1086 3034 aequalitatis
1110 2963 1142 3014 et
1164 2965 1296 3017 centrum
1321 2953 1483 3017 eccentrici
1507 2952 1537 3012 in

96 3046 101 3057 '
191 3040 308 3104 theoria
332 3043 411 3105 Solis
436 3062 493 3103 nou
517 3061 584 3103 esse
609 3043 695 3103 idem.
730 3044 910 3125 Eripientur
933 3065 972 3106 ea
987 3046 1022 3117 B,
1040 3041 1064 3104 C
1082 3044 1362 3125 perpendiculares
1376 3042 1437 3118 BS,
1460 3041 1534 3107 CV:

190 3139 219 3194 et
234 3140 434 3196 connectatur
450 3131 472 3193 S
488 3151 558 3193 cum
574 3130 609 3205 C,
624 3141 659 3194 at
672 3134 714 3194 sit
729 3130 784 3193 CV
800 3131 884 3195 linea
900 3133 998 3195 medii
1012 3140 1041 3195 et
1057 3130 1106 3194 OS
1121 3136 1305 3215 apparentia
1320 3142 1422 3196 nratna
1439 3129 1534 3194 Salis.

281 3230 349 3291 Etsi
387 3230 481 3309 igitur
505 3231 606 3312 Tycha
630 3231 729 3291 Brnhe
761 3232 890 3292 nondum
919 3232 1007 3311 plane
1038 3231 1240 3304 concluserat,
1275 3241 1371 3293 utrum
1395 3231 1537 3309 planetas

191 3320 230 3383 ad
253 3319 348 3381 lineas
373 3318 445 3393 CV,
470 3338 507 3379 an
532 3338 602 3379 vero
627 3321 665 3380 ad
689 3317 739 3380 CS
764 3322 904 3394 referret,
929 3321 958 3380 iu
982 3321 1077 3399 prima
1101 3328 1199 3382 tamen
1224 3321 1417 3400 conceptione
1443 3319 1538 3379 lineas

192 3409 248 3473 CV
286 3409 408 3483 habuit,
447 3409 489 3469 uti
519 3409 636 3488 quidem
665 3418 744 3469 tomo
776 3411 800 3471 l.
825 3410 1126 3490 Progymnasmatum
1159 3409 1209 3471 fol.
1239 3406 1313 3471 477.
1342 3418 1374 3470 et
1397 3420 1470 3469 tom.
1496 3407 1537 3468 ΙΙ.

191 3500 247 3560 fol.
276 3495 347 3560 188.
379 3497 564 3559 declaratum
597 3497 733 3577 reliquit:
773 3518 860 3578 quarn
889 3500 1013 3559 eandem
1036 3499 1116 3559 viam
1140 3497 1207 3577 ipsa
1230 3518 1344 3579 quoqne
1368 3493 1537 3559 Ptolemaei

193 3598 229 3649 et
248 3586 407 3666 Cuperuici
436 3587 651 3666 vestigiaipsi
685 3596 898 3650 monstrarunt.
952 3588 1037 3648 Hauc
1068 3608 1088 3647 a
1110 3588 1249 3668 Tychone
1274 3589 1423 3649 calcatam
1448 3588 1536 3658 viam,

192 3679 218 3738 si
242 3678 281 3738 ad
303 3687 432 3738 mentem
455 3677 622 3739 Ptolemaei
646 3696 823 3756 pergamus,
862 3677 960 3738 dicere
991 3684 1123 3755 oportet,
1156 3678 1272 3755 quoties
1295 3678 1419 3756 planeta
1444 3676 1473 3736 iu
1499 3676 1536 3736 li-

195 3787 268 3829 neas
293 3765 357 3828 CV
381 3766 470 3827 medii
500 3773 599 3827 motus
624 3764 704 3826 Solis
732 3765 835 3827 incidit
864 3786 879 3827 e
903 3765 1024 3844 regione
1048 3765 1148 3839 Solis,
1190 3767 1281 3828 toties
1311 3766 1393 3828 illum
1427 3782 1536 3826 exuere

194 3853 441 3935 inaequalitatem
465 3855 637 3922 secundam,
662 3874 738 3936 quae
761 3856 789 3915 ei
813 3856 923 3917 accidit
947 3874 983 3915 ex
1002 3855 1111 3916 Brshei
1132 3856 1292 3931 sententia,
1317 3855 1354 3916 ob
1373 3854 1534 3917 motionem

193 3946 288 4007 centri
312 3944 470 4005 eccentrici
494 3945 575 4006 circa
599 3945 721 4006 Terram
745 3945 850 4005 eodem
874 3955 1006 4023 tempore
1031 3963 1096 4004 cum
1120 3943 1201 4006 Sole.

281 4033 360 4094 Nam
382 4034 478 4114 ipsum
502 4034 619 4114 quidem
643 4052 795 4095 commune
820 4044 969 4113 punctum,
995 4033 1079 4111 cujus
1107 4041 1247 4112 respectu
1270 4052 1372 4095 omues
1395 4033 1538 4118 planetae

194 4132 307 4186 nrotum
330 4122 467 4184 dicuntur
484 4122 603 4184 >habere
637 4123 834 4184 eccentricum
859 4133 890 4184 et
913 4123 940 4183 in
965 4142 1022 4202 quo
1045 4130 1140 4184 totum
1174 4133 1307 4205 systema
1338 4123 1540 4201 planetarium

193 4215 315 4275 affixum
340 4230 406 4273 esse
431 4213 594 4292 concipitur
617 4213 732 4274 orhrtae
748 4211 837 4286 Solrs
863 4212 960 4286 hoo,'
953 4231 1081 4291 mquam,
1106 4221 1245 4292 punctum
1270 4231 1387 4292 semper
1403 4221 1542 4275 versatur

181 4305 224 4366 >in
249 4302 329 4363 linea
351 4301 441 4363 medii
465 4312 563 4364 motus
587 4299 714 4374 Solis,
707 4313 750 4362 mt
739 4303 864 4363 tervallo
899 4301 1047 4381 aequali
1040 4301 1097 4402 ipsi
1121 4300 1172 4364 BS
1196 4322 1215 4361 a
1238 4298 1263 4363 C
1287 4303 1381 4362 Terra
1412 4302 1539 4374 distans,

195 4401 227 4454 et
255 4391 474 4453 onocentricurn
499 4391 528 4451 V
559 4390 730 4452 describens
763 4392 917 4471 aequalem
948 4390 1114 4452 eccentrico
1147 4389 1209 4452 GS.
1257 4392 1341 4452 Haec
1373 4391 1452 4452 enim
1486 4390 1542 4451 fuit

196 4480 345 4563 Tychonis
369 4480 469 4541 Brahe
503 4479 674 4540 sententia:
710 4479 767 4541 uisi
800 4481 878 4559 quod
910 4480 1024 4541 solidos
1054 4481 1141 4541 orbes
1171 4480 1221 4542 ille
1253 4480 1384 4559 negavit.
1432 4481 1539 4560 ltaque

148 4569 271 4652 ¹·quae
296 4571 332 4632 de
356 4571 496 4631 affixione
520 4567 613 4629 totius
644 4569 820 4649 systematis
851 4569 1012 4648 planetarii
1037 4569 1075 4630 ad
1099 4570 1199 4632 orbem
1223 4568 1305 4632 Solis
1329 4568 1478 4643 diximus,
1502 4567 1540 4628 ad

196 4669 315 4741 captum
339 4659 466 4720 diximus
490 4674 600 4730 eorum,
625 4658 673 4735 qui
697 4659 783 4719 orhes
808 4659 921 4719 solidos
945 4659 1078 4720 credunt.
1129 4659 1333 4722 destinaretur
1355 4656 1429 4731 Vc,
1449 4668 1479 4722 et
1501 4657 1567 4726 sit,

192 4749 325 4833 planeto
354 4749 388 4813 in
417 4749 477 4821 hac
506 4746 593 4811 linea
623 4746 710 4809 ultro
733 4744 769 4810 C.
818 4746 991 4811 Collocahit
1020 4749 1120 4829 ipitur
1142 4747 1291 4812 Braheue
1319 4748 1355 4811 in
1376 4749 1434 4810 hoc
1465 4767 1541 4812 cusu

176 4895 181 4905 ,
192 4847 345 4929 penatum
367 4840 525 4924 affimonis
546 4838 725 4919 systematis
748 4836 924 4918 planetarii
944 4837 980 4900 in
1002 4837 1042 4898 V.
1096 4835 1183 4902 Vieio
1212 4839 1312 4921 ipitnr
1335 4835 1542 4920 pMnAmfit
