3354 5504
310 278 394 384 3Q
591 347 594 352 ,
787 292 828 344 oe
845 234 953 345 Xotlbna
970 288 1066 346 Stellae
1081 293 1169 347 unu·
1188 328 1193 337 -

328 458 335 469 .
372 416 375 421 '
938 464 941 469 ,
1170 408 1201 465 ie?

307 490 392 536 mans
414 489 469 552 pro
494 472 607 552 regula,
630 478 666 532 ut
687 470 878 549 dictndt'·jest,
902 471 1055 551 augendae
1080 470 1160 535 Solis
1184 469 1325 541 diamani
1347 469 1458 550 angulo
1482 469 1647 533 anomaliae

297 568 503 647 ⁴coaequatam
535 561 654 640 atejus
678 550 933 640 sensu'exiguum
956 562 995 622 ad
1021 569 1138 642 tempus
1160 561 1296 640 privata,
1329 559 1437 641 quippe
1461 565 1545 645 teoto
1567 558 1646 635 Sole,

274 643 418 745 ‘K‘posset
440 649 467 711 si
491 650 549 711 diis
570 650 680 729 placet,
705 669 898 731 compensare
921 651 1000 731 qnod
1021 650 1214 731 neglexisset,
1240 651 1312 713 Sole
1335 667 1453 711 rursum
1479 650 1647 729 mergente

289 742 337 803 'et
360 739 540 817 anomalimu
562 746 755 820 coaequatam
779 741 937 801 reducente
962 739 991 799 iu
1015 747 1216 820 conspectum.
1253 739 1433 801 Dominatur
1456 737 1537 800 euim
1559 757 1649 813 mens,

308 829 334 890 si
358 848 416 910 qua
438 822 655 915 eahsjanimali
678 829 830 903 facultati,
854 848 946 909 eaque
969 828 1047 890 alias
1071 829 1162 890 etiam
1191 828 1390 909 inaequaliter
1420 827 1516 889 utitur
1543 845 1598 906 pro
1619 846 1650 888 re

180 934 184 939 '
306 926 389 982 nata.
439 917 580 980 Cur-uon
604 916 695 997 igitur
718 919 819 980 ethic
843 938 880 978 ea
902 924 989 979 extra
1013 919 1145 980 ordinem
1168 925 1300 980 uteretur
1323 917 1361 977 ad
1386 915 1553 978 tollendam
1574 916 1650 978 hanc

292 1000 538 1087 adincrepautiam
562 1025 718 1068 mensurae
735 1006 918 1080 (anomaliae
933 1010 1131 1087 coaequatae)
1147 1015 1178 1068 et
1195 1005 1358 1071 mensurati
1375 1003 1528 1077 (diametri
1544 1004 1657 1080 Solis),

306 1115 382 1178 quae
405 1114 458 1177 per
480 1094 562 1157 Solis
586 1095 711 1174 eclipsin
743 1095 929 1176 irrepserat?
975 1096 1056 1167 Quid
1084 1097 1162 1178 quod
1193 1096 1284 1157 etiam
1311 1094 1363 1156 alii
1387 1093 1558 1174 hujusmodi
1584 1102 1650 1156 sunt

308 1168 388 1249 tardi
410 1191 527 1258 motus,
551 1193 584 1246 ut
606 1182 858 1265 aequ'uectiorum
881 1186 1070 1264 praecessio,
1096 1195 1161 1247 orta
1184 1203 1222 1246 ex
1242 1185 1311 1249 axis
1334 1183 1466 1246 Telluris
1489 1183 1649 1246 directione

309 1273 448 1355 adalias
472 1268 661 1354 atque'ssas
684 1274 773 1346 fixas,
806 1293 863 1335 uon
888 1274 928 1334 ad
949 1275 1073 1337 Solem?
1105 1275 1152 1336 ubi
1176 1274 1250 1336 nihil
1273 1275 1387 1335 efficere
1409 1278 1515 1352 potest
1536 1272 1648 1335 Solaria

305 1362 426 1426 luminis
450 1382 489 1427 av
503 1430 511 1443 Ι,
574 1358 667 1433 ‘oum
691 1382 746 1424 nec
769 1363 903 1442 ejusdem
924 1363 1097 1443 praeseutia
1119 1364 1203 1424 illam
1226 1364 1342 1424 efficiat.

360 1468 365 1483 ·
393 1446 544 1532 ltaqua‘s,
568 1448 787 1531 ’,ᾄιφραξεων
808 1453 1040 1531 magneticamm
1068 1453 1243 1532 effugiamus
1276 1451 1464 1514 incommoda
1496 1450 1588 1512 etiam
1617 1449 1657 1513 iu·

305 1540 437 1621 propriis
463 1530 652 1621 planssua'r'dm
681 1540 905 1616 librationibus,
938 1561 995 1602 uon
1023 1541 1120 1602 minus
1143 1561 1231 1622 quam
1259 1560 1323 1621 cap.
1346 1539 1484 1603 XXXV.
1503 1539 1541 1605 in
1567 1558 1643 1601 com·

306 1631 387 1692 muni
409 1630 499 1737 'raptu
523 1649 561 1690 ex
582 1631 670 1704 Sole,
702 1629 859 1697 dicendum
882 1638 945 1703 est,
979 1630 1089 1692 similia
1111 1630 1229 1710 quidem
1251 1649 1319 1692 esse
1348 1648 1440 1708 posse
1460 1622 1641 1715 pfflehrum

303 1718 551 1799 eorporauansa
572 1719 758 1799 magneticae
781 1719 997 1799 dispositionis,
1021 1720 1075 1781 sed
1097 1728 1150 1783 aut
1172 1719 1290 1799 lougius
1313 1719 1351 1779 ab
1372 1702 1639 1791 invicemrinota

306 1826 395 1890 quam
423 1817 459 1869 nt
480 1806 567 1869 orbes
590 1808 734 1871 virtutum
755 1809 944 1888 planetarum
966 1815 1073 1870 coeant
1094 1816 1212 1883 mutuo,
1245 1816 1298 1871 aut
1324 1805 1479 1870 fortiorem
1510 1806 1639 1868 virtutem

306 1897 437 1959 exsule
460 1903 648 1958 emanantem
671 1899 745 1970 (uon
768 1896 864 1958 minus
884 1897 978 1972 illam,
1001 1917 1077 1978 quae
1100 1897 1237 1978 proprias
1258 1898 1447 1978 planetarum
1469 1895 1637 1958 virtutesiu

305 1993 404 2048 aetum
419 1986 510 2060 elicit,
535 2005 624 2066 quam
646 1986 739 2060 illam,
763 2006 839 2067 quae
862 1986 932 2048 illos
955 1987 986 2048 in
1000 1987 1102 2049 orbem
1124 1988 1228 2067 rapit),
1252 2005 1340 2067 quam
1362 1992 1395 2046 ut
1408 1983 1531 2064 objectu
1552 1983 1636 2047 imbe-

303 2070 428 2137 iillioris
452 2075 620 2157 corpusculi
643 2075 781 2154 impediri
804 2075 921 2137 omuino
944 2076 1052 2156 possit,
1080 2076 1133 2137 sed
1156 2075 1296 2150 transire,
1320 2082 1352 2137 ut
1375 2073 1427 2136 lux
1449 2091 1506 2153 per
1528 2073 1634 2154 globum

304 2182 430 2246 aqueum
454 2160 657 2317 “afflat
678 2172 781 2226 tautae
805 2163 952 2227 exilitatis
976 2183 1042 2226 esse
1059 2183 1185 2245 corpora
1206 2164 1404 2244 planetarum,
1428 2169 1463 2224 ut
1485 2161 1562 2225 nihil
1582 2162 1634 2224 effi⁴

305 2253 401 2327 (Νη
434 2272 489 2314 nec
512 2252 543 2315 S'
645 2273 773 2335 nuquam
802 2253 854 2315 ulli
881 2254 1083 2334 planetarum,
1116 2254 1166 2334 qui
1189 2273 1208 2314 a
1231 2252 1303 2315 Sole
1331 2258 1484 2327 movetur,
1518 2251 1556 2314 ab
1584 2249 1633 2312 alio

301 2330 424 2422 planeta
446 2343 478 2404 in
501 2342 631 2404 solidum
654 2343 804 2424 intercipi,
827 2343 1073 2424 quemadmodum
1095 2342 1208 2404 Telluri
1232 2342 1286 2404 Sol
1301 2363 1321 2403 a
1335 2342 1422 2403 Luna
1443 2338 1633 2422 nunquamiu

276 2486 279 2491 ,
303 2429 433 2493 solidum
460 2430 657 2511 intercipitur.
703 2433 782 2494 Nam
804 2432 862 2493 etsi
884 2433 987 2493 Lunae
1012 2432 1128 2513 quidem
1152 2439 1233 2493 totus
1256 2430 1311 2493 Sol
1333 2430 1451 2511 aliquot
1472 2428 1557 2492 horis
1582 2425 1632 2507 tesi

302 2526 415 2600 potest,
445 2527 480 2581 at
491 2521 579 2582 Luna
591 2541 652 2583 nou
671 2521 795 2584 libratur
810 2540 915 2583 versus
930 2521 1043 2595 Solem,
1067 2522 1121 2583 sed
1136 2539 1241 2582 versus
1257 2522 1390 2593 Terram,
1414 2517 1501 2598 cnjus
1524 2525 1632 2598 aspectu

302 2610 370 2689 ipsa
381 2608 509 2759 {privari
536 2628 684 2690 nunquam
714 2618 831 2690 potest,
863 2629 930 2673 cum
951 2611 1067 2672 Lunam
1099 2610 1177 2671 iuter
1208 2617 1240 2671 et
1261 2610 1412 2671 Tellurem
1442 2626 1551 2688 corpus
1575 2606 1632 2669 nul·

288 2697 385 2761 iun.
416 2698 514 2763 tersit

387 2784 505 2858 Quodsi
528 2795 629 2848 tamen
651 2786 740 2848 alicui
763 2788 880 2850 videtur
902 2785 1077 2866 plausibile,
1108 2785 1326 2867 transpositum
1352 2803 1556 2867 apogaeomm
1576 2803 1632 2848 esse

242 2931 249 2944 .
301 2883 558 2951 momentaneum,
591 2883 622 2937 et
645 2894 682 2937 ex
704 2876 761 2938 hac
788 2896 880 2939 causa
902 2875 1041 2955 eclipsati
1063 2875 1147 2938 Solis
1171 2875 1259 2938 oriri:
1292 2874 1376 2936 dicat
1402 2875 1444 2950 is,
1477 2873 1507 2937 si
1535 2874 1633 2955 placet,

301 2985 338 3029 ne
365 2964 486 3029 libratio
514 2966 569 3028 sub
590 2963 717 3045 eclipsin
745 2965 911 3045 interrupta
933 2965 1017 3037 (dum
1043 2964 1167 3046 planeta
1195 2963 1313 3026 interim
1337 2985 1356 3025 a
1377 2963 1451 3028 Sole
1480 2963 1634 3027 translatu

301 3062 350 3117 est
371 3053 403 3118 in
416 3055 508 3118 alium
522 3054 663 3135 angulum
676 3053 824 3136 aliamque
841 3055 905 3133 ejus
930 3054 1148 3126 fortitudinem)
1172 3053 1277 3134 eclipsi
1290 3053 1374 3115 finita
1387 3052 1522 3117 subitum
1535 3052 1633 3116 caleri·

300 3143 375 3209 tatis
396 3143 588 3206 intervallum
611 3142 765 3218 admittat,
798 3142 865 3204 ideo
889 3138 1077 3222 compensari
1098 3143 1175 3206 huuc
1205 3141 1307 3222 auguli
1334 3142 1445 3204 saltum
1476 3162 1496 3205 a
1523 3142 1634 3223 planeta

276 3234 386 3319 pipso,
419 3233 611 3296 inclinatione
634 3231 700 3293 axis
722 3231 778 3294 tali
802 3232 884 3294 iacta
913 3233 954 3293 ad
985 3232 1088 3295 Solem
1118 3239 1190 3311 post
1218 3231 1358 3312 eclipsin,
1391 3230 1491 3312 qualis
1518 3238 1584 3294 erat
1610 3231 1634 3293 iu

301 3316 594 3407 plincipioepliipsis.
634 3320 685 3383 Sic
709 3320 786 3382 euim
807 3320 988 3383 obtinebitur
1010 3321 1212 3402 transpositus
1227 3320 1422 3401 apheliomm,
1446 3320 1503 3383 sed
1525 3320 1633 3383 saltus·

302 3409 358 3475 fin
378 3406 497 3487 lanua,
513 3414 551 3472 οἱ·
567 3411 678 3471 durans
700 3409 835 3490 plurimis
858 3410 944 3472 annis
967 3410 1071 3472 eodem
1093 3410 1160 3471 loco
1183 3411 1237 3473 snb
1261 3408 1343 3483 finis,
1367 3407 1463 3471 donec
1486 3409 1549 3472 alia
1570 3428 1634 3472 con·

300 3494 404 3580 ungit
421 3497 562 3583 planetae
585 3498 752 3560 offuscatio.
788 3500 848 3561 llla
869 3517 939 3561 vero
962 3499 1043 3579 prior
1066 3517 1157 3560 causa
1178 3497 1424 3578 transpositionis
1447 3498 1632 3579 apheliomm,

282 3586 452 3659 sura-ei
471 3589 657 3652 aberratione
690 3585 859 3650 librationis
883 3609 901 3648 a
924 3587 1049 3650 circuitu
1078 3587 1133 3650 sub
1156 3588 1239 3663 lixis,
1272 3595 1394 3667 propter
1426 3586 1634 3668 elysomane

303 3677 483 3741 alterius'ab
499 3678 595 3740 altero
610 3694 728 3751 nexum,
743 3677 839 3756 magis
852 3684 936 3739 esset
949 3696 1002 3758 pro
1017 3676 1166 3759 aequabili
1180 3694 1380 3758 apogaeorum
1394 3677 1630 3758 transpositione

313 3780 322 3812 ‘-
350 3764 359 3785 '
389 3767 524 3848 Denique
543 3774 650 3829 neutra
671 3766 777 3827 harum
795 3785 951 3827 causamm
974 3767 1104 3839 valente,
1126 3766 1239 3828 habeat
1255 3785 1339 3828 meus
1354 3765 1480 3830 animali
1498 3767 1631 3831 imaum

278 3846 458 3951 'sacram
481 3875 556 3937 quae
577 3862 701 3937 praeest
723 3855 872 3916 constanti
887 3854 1044 3917 directioni
1058 3855 1125 3917 axis
1147 3855 1316 3934 magnetici,
1339 3855 1397 3917 hoc
1419 3855 1513 3918 mam
1527 3874 1629 3925 munus,

303 3943 549 4026 inserendique
573 3962 714 4007 successu
737 3944 911 4006 seculorum.
949 3946 993 4006 At
1014 3963 1068 4006 nec
1091 3945 1154 4006 ulla
1179 3944 1286 4006 harum
1310 3963 1470 4007 causarum
1489 3964 1546 4008 neo
1567 3945 1629 4008 adeo

303 4026 405 4119 menta
424 4033 465 4095 in·
484 4035 654 4097 universum
685 4041 784 4095 stante
816 4033 1039 4114 acquiescamus
1061 4033 1092 4095 iu
1114 4039 1238 4095 natura:
1273 4052 1438 4115 quaecum
1460 4034 1525 4098 alia
1545 4030 1627 4103 omnio

198 4136 199 4141 ’
234 4136 238 4143 ’
303 4120 448 4204 e'xpedtta
469 4123 562 4198 dedit,
587 4131 651 4186 tum
670 4122 760 4184 etiam
783 4129 881 4184 motus
895 4123 1079 4203 apheliomm
1102 4122 1281 4184 luculentam
1295 4123 1485 4188 occasionem
1504 4120 1624 4188 neuuilit
