3354 5504
668 309 808 378 aKsplsro
826 311 966 363 emendata
1427 281 1490 355 703

244 485 360 571 Siquis
378 508 450 551 vero
463 489 538 551 nolit
550 488 702 569 negligere
717 489 903 569 aequationis
916 495 1033 568 partem
1048 485 1173 548 alteram
1192 504 1210 544 a
1223 479 1362 563 Tyehone
1371 564 1377 579 ι
1386 480 1490 536 exter-

158 574 312 653 minatam,
336 577 363 641 is
386 577 479 640 adeat
491 576 713 640 Prutenicarum
730 578 848 639 modum
863 575 1047 659 aequationis
1069 575 1202 656 primurn.
1239 574 1315 636 Juni
1332 584 1410 629 curm
1433 579 1491 624 non

156 666 339 751 Tycbouico,
363 668 417 730 sed
438 666 622 730 Ptolemaiou
645 667 732 728 modo
755 666 904 746 aequabit
1245 690 1248 694 ·

245 790 303 842 Huc
320 805 396 856 usque
408 790 544 855 Keplcrus3
563 790 684 841 conclusio
701 790 825 839 literamm
844 791 869 838 in
887 790 1052 853 manuscripto
1065 786 1143 847 deest·
1169 785 1207 834 Ex
1220 762 1375 834 Hervsrti
1392 790 1491 842 respon·

156 862 235 919 dous,
253 861 277 912 d.
297 862 324 912 d.
341 858 384 912 20.
403 860 465 913 lios.
486 859 562 919 1001,
579 861 641 913 haec
659 868 756 910 tantm
775 861 807 911 ad
825 862 960 924 praemissa
977 861 1113 926 pertinent:
1141 856 1205 907 Deru
1222 854 1255 905 D.
1274 848 1427 918 Tengnagell
1443 845 1493 897 bsb

155 932 198 985 icb
210 936 302 1000 ldngst
317 932 476 999 guschrisben
493 934 543 982 und
561 948 645 999 stegen
664 933 810 998 Ergenzung
828 933 871 983 des
890 933 1008 997 Abgangs
1025 930 1091 980 dank
1108 936 1204 995 gesrgt
1455 991 1460 1005 ¹

246 1005 276 1055 lu
295 1006 446 1055 umorue
463 1006 576 1068 temporis
594 1006 740 1069 aequinoctii
759 1006 790 1055 sb
809 1005 957 1069 Albateguiu
975 1003 1095 1053 obremti
1113 999 1218 1051 nutele
1233 999 1280 1047 mir
1297 996 1348 1052 nit.
1366 993 1424 1043 dass
1441 990 1494 1043 such

155 1075 282 1129 Beiubcld
307 1077 383 1141 grint
404 1075 455 1127 und
477 1088 555 1126 anuos
580 1079 685 1140 tropicos
709 1090 751 1139 pro
774 1076 991 1139 aequinoctialibus
1014 1073 1156 1124 Ptolemaeo
1181 1071 1279 1120 ιιιὶιιιίι
1306 1077 1493 1147 angenornsnsu,

154 1150 204 1199 vie
221 1147 263 1199 icb
280 1146 346 1197 deun
363 1148 401 1197 ult
417 1151 505 1204 visre,
522 1149 568 1197 vie
586 1163 612 1197 es
629 1147 680 1196 sicb
698 1153 798 1196 sonsten
816 1147 983 1211 sertbeidigen
1000 1146 1081 1196 liessa
1110 1143 1163 1193 Das
1174 1154 1220 1192 son
1231 1140 1387 1191 Ptolemaeus
1398 1132 1495 1186 bearebt

154 1218 210 1271 siat
225 1218 280 1271 blus
297 1218 343 1269 sut
356 1218 398 1269 die
415 1231 507 1269 errores
525 1219 706 1283 ebmnologicos
723 1218 773 1268 und
792 1218 973 1269 observationes
990 1216 1101 1268 eruaimi
1120 1214 1232 1264 Minerva
1248 1213 1337 1262 iaetu.

245 1289 303 1340 Van
311 1290 437 1355 Hipparoh
453 1292 487 1340 ist
505 1290 551 1346 ..de
563 1290 730 1355 magnitudine
743 1291 818 1339 anni“
838 1290 918 1340 nicbts
929 1289 1078 1339 verbanden.
1105 1286 1159 1336 Das
1171 1300 1198 1335 so
1211 1298 1276 1335 anno
1289 1279 1331 1331 07.
1349 1294 1381 1331 sn
1391 1280 1494 1330 Florsnr

155 1360 278 1429 raging,
297 1374 361 1429 περι
379 1373 570 1429 φαινομένων,
588 1363 689 1411 istacin
708 1360 783 1410 Werk
800 1363 845 1411 uit

245 1430 296 1482 ltus
313 1432 353 1483 die
371 1433 542 1499 sagerebtekse
560 1433 710 1483 declaration
728 1447 801 1495 super
818 1431 912 1482 calculo
924 1428 1064 1495 Tyehonieo
1077 1429 1126 1479 und
1147 1428 1190 1479 der
1202 1425 1348 1492 Spbalmats
1365 1425 1398 1474 im
1410 1420 1495 1473 Druck

154 1502 217 1555 tirus
234 1502 277 1554 iclr
293 1503 358 1555 mich
375 1504 512 1555 bedantsn.
566 1498 569 1511 '

247 1574 344 1625 Deinde
361 1574 518 1631 Hervartur.
545 1591 586 1640 pro
613 1575 761 1624 transmissis
784 1573 884 1623 Tabulis
902 1572 1002 1637 Kepleri
1021 1571 1158 1621 Lunaribus
1183 1564 1250 1631 (dte
1274 1580 1348 1632 supra
1372 1578 1429 1630 pag.
1449 1560 1494 1624 ³0)

155 1647 253 1713 1111111
271 1658 361 1711 ηοω.
381 1646 462 1696 addit:
489 1647 537 1697 Die
556 1647 662 1697 Tabulas
680 1646 785 1695 habich
803 1659 848 1710 gar
865 1660 925 1710 geru
943 1644 1065 1709 garehsn.
1089 1642 1139 1692 und
1162 1641 1207 1690 hat
1229 1640 1272 1690 der
1289 1638 1354 1689 Hert
1371 1636 1418 1687 den
1437 1634 1494 1686 Stu-

156 1708 234 1769 diosis'
250 1716 393 1769 Mstbcseos
411 1718 497 1768 hieran
514 1718 648 1783 gerrisslicb
666 1719 706 1767 ein
728 1717 844 1766 sorderes
865 1716 1011 1766 Mneboinrn
1029 1714 1130 1779 gethan.
1165 1711 1207 1762 Da
1224 1713 1260 1762 sie
1278 1710 1331 1761 bles
1349 1706 1495 1771 temporales

156 1812 193 1824 -
211 1789 245 1840 ab
263 1802 330 1851 sung
349 1786 418 1838 tcto
429 1790 462 1839 ad
476 1786 543 1838 1800
559 1820 591 1829 -
609 1805 636 1839 ιο
654 1789 709 1838 sind
726 1790 762 1837 rie
779 1790 824 1836 mir
842 1803 873 1837 ιιι
892 1788 940 1837 den
958 1787 1131 1843 finsternissem
1150 1798 1177 1833 so
1195 1785 1262 1834 circs
1278 1788 1389 1845 tempera
1407 1776 1496 1828 christi

157 1868 184 1912 et
201 1867 264 1911 sate
275 1858 397 1910 Christum
414 1860 466 1911 siclt
484 1861 602 1926 begebeu.
621 1861 658 1910 als
676 1852 784 1909 'eichen
802 1858 842 1908 iob
860 1858 934 1909 allelu
952 1857 1122 1914 narbasanes,
1140 1855 1178 1904 nit
1195 1852 1339 1911 diensdlcbe
1357 1859 1414 1917 trag
1430 1863 1495 1915 serg,

156 1933 194 1984 sis
211 1945 289 1995 seyen
308 1931 341 1980 sd
358 1938 470 1995 tempora
485 1938 544 1982 ante
563 1931 684 1982 christum
701 1932 738 1980 nit
756 1945 787 1980 ru
804 1930 955 1980 errendnen.

198 1996 205 2009 ⁴
246 2001 292 2054 tob
308 2000 362 2055 batt
379 2002 443 2053 areb
464 2003 504 2052 tur
525 2006 627 2069 gavisa,
652 2004 709 2053 dass
734 2016 804 2051 'eun
823 2001 891 2052 diere
915 2000 1055 2051 dilucidatic
1078 1996 1216 2048 tabulam
1238 1994 1358 2063 gedruokt
1379 1990 1430 2043 und
1447 1991 1495 2043 deu

152 2073 382 2141 mammeas
396 2074 522 2140 beigefilgt
535 2075 642 2130 vdrdem
661 2088 687 2125 ιι
700 2073 779 2123 verde
792 2087 822 2122 su
836 2073 959 2123 bessersm
972 2070 1077 2136 Abgang
1089 2070 1132 2120 der
1143 2068 1389 2134 Progymnasmstum
1400 2062 1495 2114 dimet-
1528 2089 1531 2095 ·

151 2142 202 2197 rtet
218 2159 289 2208 seyu.
326 2143 370 2195 Iclr
388 2144 445 2194 rrolt
463 2147 527 2196 aucb
548 2148 585 2196 nit
608 2145 776 2201 unterlassen.
801 2144 923 2209 quondam
942 2141 1065 2206 'habenis
1081 2139 1200 2191 haeredes
1223 2139 1310 2190 desscn
1332 2151 1364 2187 ru
1381 2135 1495 2191 amnon.

152 2230 227 2267 'ann
244 2214 287 2266 icis
303 2219 405 2273 ιιιιιιι,
424 2218 468 2266 vie
485 2215 579 2267 solebas
597 2216 736 2282 gescbslren
754 2215 830 2273 rolle;
853 2215 917 2265 deun
936 2214 985 2272 ich,
1004 2227 1053 2264 ver
1070 2213 1106 2263 sie
1125 2208 1256 2279 eigentliob
1273 2223 1343 2279 regu,
1361 2207 1399 2262 nrt
1415 2206 1494 2261 vebs·

242 2286 300 2336 Von
319 2286 420 2352 tibrigeu
438 2287 502 2338 bleib
519 2287 559 2339 lob
578 2296 625 2339 etc.

243 2356 340 2408 Datum
357 2357 483 2409 Mtlnoben
502 2358 526 2409 d.
545 2357 569 2409 t.
588 2360 646 2411 Juni
667 2355 742 2411 1003.

242 2461 376 2528 Kspleri
394 2467 557 2543 responsionis
575 2464 610 2529 (d.
631 2467 655 2518 5.
668 2467 718 2518 Jul.
739 2463 819 2528 1003)
838 2466 960 2518 exordium
979 2466 1130 2518 exhibuimus
1148 2467 1203 2517 Vol.
1222 2466 1243 2525 Ι,
1262 2483 1285 2532 p.
1301 2463 1361 2516 tbb.
1390 2464 1496 2533 Reliqua

152 2544 217 2596 base
237 2551 313 2594 ms:
341 2536 375 2629 lp
391 2537 538 2616 prioribus
554 2538 649 2601 literis
666 2540 783 2614 scribis,
808 2541 864 2601 diu
873 2539 1029 2602 delituisse
1043 2538 1176 2601 Lunaria
1194 2557 1269 2614 mea,
1294 2539 1371 2619 qnod
1393 2537 1494 2612 miror,

153 2644 208 2689 nec
232 2624 342 2705 injuria
363 2624 477 2706 aliquid
501 2627 655 2707 suspicor;
687 2648 759 2708 rogo
784 2630 884 2710 itaque
907 2629 1049 2708 majorem
1078 2629 1110 2689 in
1137 2627 1270 2701 modum,
1301 2637 1335 2689 ut
1357 2646 1404 2689 me
1427 2645 1495 2689 oer-

152 2713 261 2777 ctorem
287 2714 381 2776 faciat
398 2714 440 2777 M.
456 2713 503 2790 Τ.,
526 2737 563 2778 an
588 2718 616 2778 in
641 2718 738 2779 lituris
762 2717 938 2798 quibusdam
962 2726 1108 2797 agnoscat
1126 2718 1169 2779 M.
1186 2718 1220 2779 Τ.
1245 2735 1342 2779 meam
1365 2735 1493 2779 manum.
1563 2772 1567 2781 ,

154 2801 247 2876 Quod
269 2803 381 2864 attinet
395 2803 532 2884 eclipses,
557 2825 613 2867 non
630 2807 886 2875 dissimulandum,
910 2805 1148 2885 compendiosius
1164 2824 1202 2867 ex
1218 2805 1330 2867 tabulis
1344 2805 1494 2886 'lyoboms

153 2891 284 2955 inveniri
299 2891 427 2954 Lunam
443 2893 563 2974 eclipsis
587 2895 715 2957 medium
738 2905 927 2965 momentum,
952 2897 980 2957 iu
995 2894 1151 2958 Solaribus
1175 2895 1303 2974 quidem,
1327 2893 1376 2954 ubi
1392 2893 1493 2975 Tyobo

153 2980 303 3044 admbee
325 2981 506 3062 triangulum
529 3003 613 3045 suum
636 2985 839 3061 rectilineum,
872 3003 910 3046 ex
941 2985 1016 3046 meis
1047 2983 1284 3064 compendiosius
1306 2981 1492 3063 procedetur.

151 3071 234 3135 Nam
257 3067 315 3130 etsi
339 3069 369 3130 in
392 3072 559 3133 universum
583 3073 613 3134 in
635 3074 691 3136 boc
714 3084 821 3155 reputo
844 3074 1047 3155 compendium
1072 3074 1186 3146 inesse,
1214 3072 1292 3153 quod
1315 3070 1440 3153 apogaei
1464 3080 1495 3134 et

152 3158 224 3222 nodi
243 3167 362 3221 motum
389 3160 427 3222 ab
458 3161 644 3241 aequinoctio
676 3164 823 3245 inquirere
853 3164 963 3236 doceo,
992 3163 1040 3224 hic
1068 3170 1168 3224 tamen
1196 3163 1302 3225 modus
1324 3160 1493 3224 necessario

151 3246 346 3330 particularis
370 3257 431 3321 est,
456 3252 533 3329 quod
557 3252 681 3315 oonsilio
705 3252 779 3325 ieci,
807 3260 841 3314 ut
862 3271 928 3315 cum
950 3251 1102 3335 Tycbonis
1124 3251 1293 3314 Lunaribus
1314 3251 1380 3330 pari
1401 3268 1494 3331 passn

152 3336 352 3399 ambularem.
391 3336 545 3409 Quomodo
569 3359 639 3401 vero
662 3341 784 3403 tabulae
808 3341 959 3423 Tycbonis
981 3342 1019 3402 ad
1043 3341 1167 3422 antiqua
1189 3349 1325 3421 tempora
1347 3339 1493 3422 quodam-

152 3426 245 3489 modo
268 3425 387 3504 possint
410 3429 642 3501 accommodari,
672 3429 830 3510 scripsisse
854 3449 899 3491 me
922 3430 1042 3493 memini
1064 3430 1216 3510 superiore
1238 3449 1325 3492 anno.
1370 3428 1418 3491 Ea
1440 3448 1493 3490 ae·

153 3513 356 3578 commodatio
380 3516 408 3577 in
430 3515 478 3577 his
501 3517 575 3578 meis
598 3518 719 3580 tabulis.
733 3519 786 3580 fiet
809 3521 963 3599 operosior
986 3529 1018 3582 et
1040 3519 1171 3600 requiret
1192 3518 1300 3592 multa,
1330 3518 1366 3581 de
1389 3516 1495 3600 quibus

152 3603 284 3668 nondum
300 3603 372 3666 certi
392 3613 461 3666 sont
476 3607 650 3682 astronomi,
672 3608 717 3668 ita
730 3608 924 3671 inhabiliores
944 3616 1014 3671 eunt
1027 3609 1084 3670 hae
1102 3628 1185 3670 meae
1209 3608 1245 3669 ad
1270 3607 1393 3689 antiqua
1414 3615 1494 3669 tem·

151 3710 248 3774 pora,
272 3711 360 3772 quam
382 3694 578 3776 Tychonicae.
624 3698 671 3758 Ac
694 3696 751 3758 etsi
776 3707 903 3778 possunt
925 3697 1158 3773 accommodari,
1182 3716 1240 3760 non
1263 3706 1362 3760 tamen
1385 3715 1494 3778 operae

152 3781 294 3953 1pffitttium.
340 3782 406 3862 Ego
429 3784 547 3864 quidem
570 3803 665 3847 meum
688 3780 845 3848 eoniilinm
869 3795 901 3850 et
930 3806 1014 3848 usum
1037 3805 1153 3849 omnem
1175 3787 1205 3849 iu
1227 3787 1414 3868 praelatione
1438 3805 1508 3875 ex-⁸

198 3887 277 3933 esur.
302 3901 344 3919 ν-
1485 3882 1490 3889 ’

245 3956 335 4033 Quod
364 3958 510 4023 haeredes
540 3962 650 4025 attinet
675 3959 883 4045 Tycbonicos,
915 3982 990 4026 unus
1019 3971 1068 4026 est
1096 3961 1193 4026 instar
1221 3963 1349 4028 omnium
1379 3964 1429 4026 Fr.
1453 3962 1493 4028 G.

152 4048 312 4130 liegnsgl,
343 4049 436 4113 nobili
463 4068 573 4131 genere
599 4050 800 4132 Westpbalus
832 4060 865 4115 et
893 4052 923 4114 in
952 4070 1097 4133 praesens
1124 4050 1293 4116 Οιιιιιιιι
1319 4051 1495 4134 Maiestatis
1569 4118 1573 4125 ,

150 4137 293 4209 minister
314 4138 437 4201 aulicus.
484 4139 717 4203 Mathematicus
745 4139 823 4204 enim
852 4161 910 4205 non
938 4141 1004 4204 vult
1031 4141 1142 4204 audire.
1188 4142 1271 4205 Nihil
1294 4140 1416 4205 honoris
1437 4141 1495 4204 bac

151 4227 370 4331 mentioneM.
395 4229 430 4289 T.
455 4227 581 4309 impono.
627 4230 706 4292 Volo
731 4238 763 4292 ut
789 4249 844 4312 pro
874 4249 956 4295 mero
984 4230 1108 4294 arbitrio
1131 4250 1186 4294 suo
1207 4230 1250 4295 M.
1275 4233 1309 4294 Τ.
1334 4239 1406 4312 agat
1428 4249 1494 4294 cnm

242 4404 291 4468 Ne
312 4424 385 4469 vero
408 4403 482 4469 nibil
504 4403 684 4488 seripserim,
706 4405 817 4469 addam
831 4406 1036 4488 compendium
1056 4407 1311 4489 expeditissimum
1333 4408 1494 4490 quaerendi
1539 4403 1547 4420 ‘

151 4494 183 4558 in
206 4491 368 4559 solaribus
393 4494 555 4576 eclipsibus
581 4497 754 4576 parallsxes
782 4495 958 4560 latitudinis.
1005 4498 1041 4559 In
1064 4494 1230 4578 Coperuico
1259 4505 1361 4562 exstat
1389 4497 1495 4560 tabula

150 4584 333 4665 angulorum
348 4584 503 4665 eclipticae
519 4602 584 4646 cnm
604 4584 774 4661 horizonte;
799 4586 943 4649 cum-hoo
966 4586 1057 4667 igitur
1079 4586 1187 4666 angulo
1210 4583 1367 4669 (tanquam
1391 4590 1514 4649 essent*

151 4672 267 4755 gradus
291 4672 458 4736 altitudinis
479 4672 576 4748 Solis)
598 4673 754 4756 ingredere
776 4674 910 4739 tabulam
928 4675 1155 4757 parallacticam
1169 4677 1319 4759 'lychonis
1342 4677 1397 4739 sub
1419 4692 1493 4738 con-

151 4762 287 4827 venienti
311 4762 398 4825 titolo
421 4762 708 4834 semidiametrorum
730 4765 858 4841 Terrae,
886 4773 919 4828 et
945 4784 1017 4831 area
1043 4765 1148 4837 statim
1175 4766 1296 4832 exhibet
1324 4765 1494 4851 parellarin

150 4850 327 4923 latitudiuis
347 4850 543 4925 perusinam.
647 4890 652 4897 ·
