3354 5504
157 272 222 343 192
636 274 676 329 Dc
698 274 806 328 Motibus
825 274 918 328 Stellae
935 275 1024 328 Mutia

154 456 257 521 thesin
278 475 351 519 vero
373 475 414 519 ea
437 479 467 531 a,
495 455 608 519 incidit
633 458 668 521 in
692 475 748 532 ro;
780 457 835 519 uli
862 457 963 530 ridet,
988 455 1073 538 quod
1092 462 1210 538 puncta
1232 478 1263 531 μ,
1287 480 1315 529 ν,
1343 457 1421 533 amm
1441 474 1508 534 ns

150 566 270 632 pamm
292 546 451 628 differam,
476 544 536 607 ilia
558 566 598 609 ea
620 553 638 607 d
659 548 737 610 haec
759 567 799 610 ea
821 570 841 608 a
863 549 1011 629 inspecta,
1036 547 1163 626 meando
1183 543 1313 628 planen
1335 549 1423 609 circa
1444 568 1507 631 ap-

153 637 245 700 aidaa
267 644 419 699 amamur.
466 636 511 697 Aa
531 655 640 699 verane
662 637 877 719 lonpitndinea
898 636 1020 698 acediae
1042 636 1119 697 hacc
1138 643 1257 717 puncta
1285 643 1407 700 mmm
1429 656 1452 698 a
1472 657 1508 700 oc

154 726 286 789 innam
308 723 515 799 condemn,
539 735 690 808 mantum
712 728 747 789 in
765 727 873 809 priori
894 728 1049 788 aeneam
1071 748 1089 784 o
1112 733 1141 788 et
1156 726 1186 786 Φ
1199 725 1368 800 dissident,
1395 734 1507 790 muni

154 835 214 896 que
237 817 343 877 omnia
372 835 467 898 mrum
494 818 640 897 monime
670 815 819 898 aequalia
842 824 871 878 et
902 815 1183 877 cenomaniam
1212 815 1337 878 omnino
1368 816 1504 879 eaedem

156 903 356 973 Continuatia
378 907 463 968 enim
484 908 534 977 dr,
559 927 596 967 aa
619 905 664 967 ud
687 910 872 969 concurrum
895 928 925 976 n,
948 913 978 966 et
1000 900 1047 976 ζλ,
1070 906 1112 979 βο
1126 905 1185 965 ad
1212 924 1398 968 concursum
1420 907 1456 968 in
1477 928 1505 985 p,

154 1001 247 1058 mura
275 997 361 1068 dne,
392 989 472 1074 ζρβ,
505 993 669 1079 trianpula
700 995 851 1080 aequalia
888 996 1002 1077 ubique
1039 992 1201 1076 tricante
1230 999 1305 1073 dyc,
1344 1001 1375 1057 et
1402 993 1507 1060 latera

154 1080 308 1147 mambrae
328 1081 496 1163 parallela
1357 1086 1361 1098 '

242 1174 287 1235 At
319 1172 389 1253 quia
420 1172 691 1235 demonstrationes
723 1174 780 1235 hae
811 1192 866 1253 per
888 1191 921 1235 se
944 1170 1020 1233 satis
1040 1178 1126 1232 emut
1139 1171 1301 1251 perplexae
1318 1191 1412 1252 neque
1429 1191 1505 1235 con-

156 1261 284 1337 sultum,
321 1271 356 1323 ut
387 1261 616 1327 coacervatione
645 1264 844 1346 epicyclorum
868 1273 899 1323 et
922 1261 1130 1343 epicycliorum
1154 1258 1427 1340 (lopemicauorum
1452 1281 1506 1324 seu

155 1351 383 1414 Braheanorum
405 1348 503 1433 magia
526 1350 732 1428 involvantur,
763 1354 830 1415 ideo
860 1352 890 1414 iu
915 1350 1109 1431 sequentibus
1134 1359 1165 1411 et
1188 1351 1264 1412 hanc
1289 1353 1415 1412 formam
1440 1349 1505 1414 Oo-

153 1441 345 1520 pemicanam
374 1460 428 1504 seu
451 1441 653 1524 'l'ychouicam
677 1444 790 1523 primae
813 1440 1023 1520 inaequalitati
1039 1439 1182 1501 tributam
1200 1440 1300 1503 valere
1310 1440 1505 1519 jubebimus:

154 1549 223 1590 uam
246 1531 315 1610 ipsa
338 1532 489 1604 secundae
513 1531 738 1611 inaequalitatis
761 1532 839 1594 ratio
863 1530 1072 1613 hypothesium
1096 1529 1256 1610 trigemina
1277 1530 1386 1611 ubique
1404 1531 1506 1592 lutura

155 1619 272 1681 abunde
296 1621 373 1681 satis
397 1622 483 1683 nohis
509 1621 662 1684 exhibebit
683 1623 879 1702 negotiorum.
926 1618 1075 1700 Quicquid
1095 1627 1197 1680 autem
1211 1637 1264 1699 per
1282 1620 1504 1682 Ptolemaicum

156 1717 334 1790 aequantem
368 1728 434 1772 cum
462 1712 632 1773 eccentrico
663 1710 978 1783 demonstraverimus,
1009 1710 1072 1790 jam
1105 1709 1210 1770 statim
1242 1710 1362 1790 postulo
1391 1717 1425 1770 ut
1447 1728 1502 1790 pro

156 1798 370 1861 demonstratis
408 1799 437 1860 in
472 1801 527 1861 hoc
565 1819 680 1882 quoque
713 1799 920 1881 Copemicano
953 1819 1006 1860 seu
1037 1798 1196 1860 Braheano
1220 1799 1410 1860 concentrico
1433 1818 1500 1861 curn

155 1888 270 1949 duobus
315 1888 459 1969 epicyclis
495 1890 557 1951 vele
580 1892 834 1973 eccentrepicyclo
872 1889 1051 1970 accipiatur:
1085 1906 1154 1949 nam
1184 1887 1349 1970 perexigua
1379 1889 1505 1951 inventa

157 1986 205 2037 est
230 1977 399 2040 differentia
422 1996 514 2058 supra
538 1999 605 2060 cap.
630 1981 686 2042 IV.

739 2212 924 2219 ——aana—

724 2389 844 2488 Caput
870 2389 931 2463 vl.

157 2546 215 2612 Dc
238 2549 483 2635 aequipollentia
514 2551 729 2633 hypothesium
757 2547 944 2624 Ptolemaei,
976 2548 1143 2631 Ucperrrici
1172 2556 1201 2610 et
1223 2546 1364 2621 Bralrei,
1394 2551 1505 2631 quibua

158 2639 417 2722 inaequalitatem
434 2639 638 2723 planetarum
659 2639 830 2702 recundam
862 2640 1129 2712 demonstrarunt,
1159 2639 1289 2719 etquid
1317 2639 1463 2721 sinpulae
1485 2659 1505 2700 a

159 2750 193 2793 ae
222 2731 305 2811 ipen
326 2731 488 2813 differam,
521 2731 647 2812 quando
671 2730 716 2791 ad
738 2736 942 2811 apparentem
965 2736 993 2790 et
1023 2729 1148 2808 quando
1178 2728 1224 2789 aa
1253 2730 1391 2791 medinm
1419 2727 1506 2792 Solia

615 2826 730 2881 niumm
753 2820 1039 2882 accommodantur.

245 2961 367 3022 Dictum
392 2968 439 3022 est
463 2962 606 3022 hactenus
631 2960 667 3020 de
683 2960 900 3040 hypothesibus
922 2961 1036 3040 primae
1057 2959 1244 3038 planetarum
1267 2957 1502 3039 inaequalitatis,

160 3071 235 3132 qnae
260 3049 437 3125 absolvitur,
464 3052 579 3130 quoties
603 3050 726 3129 planeta
744 3052 783 3112 ad
802 3052 881 3112 idem
901 3050 1017 3128 signum
1036 3048 1152 3109 zodiaci
1171 3048 1258 3109 redit,
1288 3049 1374 3110 Nunc
1389 3049 1503 3109 transi·

162 3161 226 3201 mus
251 3140 288 3200 ad
314 3141 441 3201 alteram
465 3140 725 3221 inaequalitatem,
750 3160 825 3222 quae
849 3159 907 3201 non
931 3140 961 3201 in
985 3138 1135 3200 constanti
1159 3137 1258 3218 aliquo
1283 3145 1314 3197 et
1336 3156 1394 3198 nno
1419 3137 1503 3216 signo

158 3229 284 3300 zodiaci,
310 3230 362 3290 sed
396 3229 424 3288 in
458 3230 665 3309 conjunctione
696 3231 743 3291 vel
772 3228 960 3309 oppositione
985 3227 1066 3290 Solis
1090 3246 1154 3287 cum
1177 3227 1302 3306 planeta
1324 3225 1501 3288 absolvitur.

156 3321 243 3381 Hanc
269 3317 360 3397 igitur
383 3317 575 3381 vehementer
598 3320 696 3380 mirati
721 3328 791 3381 sunt
813 3319 966 3380 homines:
991 3335 1169 3395 causamque
1190 3316 1267 3377 alius
1282 3315 1373 3377 aliam
1388 3316 1500 3389 attulit,

158 3429 216 3488 qua
240 3409 334 3482 fieret,
359 3416 392 3468 ut
415 3409 539 3486 planeta
558 3409 679 3488 junctus
703 3408 767 3470 Soli
789 3409 963 3470 redderetur
986 3407 1082 3480 velox,
1108 3405 1249 3479 directus,
1274 3406 1353 3466 altus
1378 3412 1409 3466 et
1423 3424 1497 3486 par·

158 3518 222 3564 rcus,
248 3506 280 3557 at
304 3517 319 3557 e
344 3496 465 3576 regione
490 3497 570 3559 Solis
595 3500 806 3577 retrogradus,
845 3497 964 3559 humilis
988 3506 1018 3558 et
1043 3513 1181 3574 maguus,
1206 3494 1391 3556 intermediis
1416 3503 1496 3556 tem-

157 3586 279 3668 poribus
303 3585 499 3647 stationarius
524 3597 555 3648 et
578 3588 744 3651 mediocria.

245 3675 348 3737 Latini
380 3684 520 3738 auctores
552 3677 612 3738 vim
643 3678 741 3739 inesse
772 3695 913 3738 censuere
937 3674 1018 3737 Solis
1047 3672 1219 3752 aspectibus
1243 3679 1274 3733 et
1297 3671 1409 3745 radiis,
1445 3693 1504 3753 qua

155 3766 296 3846 planetae
330 3765 423 3826 ceteri
456 3766 485 3827 in
521 3767 563 3828 rei
596 3768 724 3828 veritate
757 3766 996 3828 attraherentur:
1034 3782 1157 3845 quorum
1185 3762 1338 3823 sententia
1369 3761 1502 3823 numeris

155 3853 260 3936 nequit
284 3855 495 3925 demonstrari,
520 3875 611 3937 quare
636 3876 693 3918 non
718 3865 766 3917 est
780 3854 996 3917 astronomica:
1022 3854 1076 3915 sed
1090 3871 1145 3913 nec
1163 3850 1344 3925 verisimilis,
1368 3851 1502 3912 inventis

157 3945 235 4007 veris
260 3944 377 4006 causis:
403 3953 434 4006 et
456 3947 617 4007 manifeste
642 3946 730 4018 laisa,
755 3965 820 4007 cum
843 3944 992 4007 Saturnus
1015 3941 1351 4029 incipiatretrocedere
1374 3940 1405 4001 in
1425 3960 1503 4021 qua-

160 4034 246 4097 drato
262 4032 343 4095 Solis
364 4033 413 4094 vel
432 4036 521 4109 ultra,
543 4022 664 4116 'Jupiter
678 4037 707 4098 in
723 4036 811 4104 trino,
835 4036 918 4096 Mars
934 4031 962 4095 iu
977 4032 1125 4114 hiquintili
1144 4032 1191 4092 vel
1207 4028 1282 4094 mule
1293 4030 1501 4111 sesqnadrum,

159 4121 343 4187 inconstanti
367 4123 526 4186 intervallo
550 4145 662 4186 omnes.
1249 4120 1263 4133 ''

245 4211 439 4277 Ptolemaeus
464 4214 555 4291 dixit,
589 4215 655 4276 loco
678 4222 761 4276 certo
785 4212 886 4274 circuli
910 4212 1088 4301 planetarii,
1110 4208 1159 4289 qui
1182 4207 1293 4295 sufficit
1315 4206 1430 4287 primae
1454 4207 1503 4269 in·

158 4294 346 4385 aequalitati,
372 4301 461 4363 hrum
486 4323 553 4367 esse
578 4323 635 4366 non
659 4305 813 4385 planetam
837 4303 943 4381 ipsum,
968 4302 1021 4363 sed
1045 4304 1178 4362 cehtrum
1202 4276 1328 4378 esscycli
1347 4297 1504 4375 planetam

155 4394 183 4454 in
217 4410 273 4463 sua
309 4391 552 4454 circumferentia
582 4394 672 4455 fixum
704 4391 856 4466 vehentis,
890 4391 938 4472 qui
969 4390 1102 4451 vicissim
1125 4388 1252 4449 vehatur
1276 4408 1295 4448 a
1318 4385 1427 4447 circulo
1449 4387 1502 4448 illo

155 4484 298 4563 planetae
321 4478 467 4559 capitali:
493 4482 618 4543 formam
642 4492 740 4544 motus
764 4483 840 4543 hanc
863 4500 940 4551 esse,
964 4490 997 4542 ut
1020 4480 1047 4540 si
1068 4487 1203 4541 centrum
1225 4475 1351 4558 epicycli
1371 4476 1414 4537 sit
1437 4495 1473 4537 cu
1504 4497 1508 4509 ·

156 4571 239 4648 Sole,
264 4568 398 4653 planeta
429 4590 545 4652 quoque
574 4572 615 4631 sit
637 4573 665 4632 in
690 4571 814 4653 epicycli
837 4590 951 4632 summo
974 4573 1188 4647 moventurque
1212 4585 1277 4627 cum
1301 4563 1373 4627 Sole
1396 4494 1527 4633 versa

74 4670 102 4723 t!
156 4662 278 4742 plagam
300 4660 437 4735 eandem,
466 4658 537 4722 Sole
561 4681 581 4720 a
603 4668 705 4722 centro
731 4661 817 4741 hujus
840 4656 1147 4743 epicyelirecedeute
1178 4655 1325 4729 (velocior
1352 4652 1432 4716 enim
1456 4661 1504 4716 est

156 4751 240 4828 illo),-
276 4749 430 4830 plauetem
455 4748 545 4812 simul
574 4748 754 4813 descendere
778 4749 808 4812 in
831 4743 988 4833 epinyclo':
1018 4766 1083 4809 cum
1117 4753 1217 4807 autem
1249 4750 1348 4806 motus
1376 4743 1503 4826 epicycli

102 4923 107 4932 Ι
154 4840 196 4904 ait
218 4839 350 4904 velocior
372 4837 453 4901 circa
478 4857 563 4902 suum
587 4846 722 4902 centrum
745 4854 835 4941 quarp
851 4822 1071 4973 Qbeutri
1090 4837 1170 4901 circa
1187 4835 1320 4908 Terram,
1345 4830 1414 4895 hiuc
1428 4831 1501 4908 lieri,
