3354 5504
289 284 356 364 seo
538 307 543 317 ·
892 294 932 348 n·
953 290 1034 349 nm

290 475 447 538 retinenda
471 482 517 536 est
541 472 750 535 eccentricitas
773 470 872 547 4362,
896 484 928 536 et
951 474 1113 536 distantiae
1138 475 1178 536 ad
1201 495 1327 556 unguem
1349 476 1476 538 eaedem
1499 496 1520 538 a
1538 477 1630 551 Terra,

290 585 366 645 quas
399 565 510 644 reperit
532 563 667 625 Brahens
691 562 721 623 in
746 565 882 643 quadris,
917 565 1033 625 scilicet
1056 585 1075 624 a
1097 560 1140 628 59
1168 566 1198 627 in
1222 562 1264 628 54
1283 564 1393 628 semid
1421 565 1547 628 Terrae.
1591 566 1632 629 Sit

218 648 222 656 ’
290 655 382 734 igitur
398 653 457 714 ΑΗ
481 653 561 714 linea
582 659 679 714 motus
698 653 724 723 h
741 670 833 733 prope
859 653 931 724 veri,
946 662 976 714 et
992 653 1082 715 ΒΑΗ
1104 655 1231 734 angulus
1255 655 1425 717 anomaliae
1444 663 1630 737 coaequatae,

290 753 323 804 et
337 743 391 804 DF
391 743 421 803 Η
444 741 595 803 anomalia
618 742 756 815 eccentri,
783 741 934 821 quaeritur
947 742 1055 803 media.
1095 741 1212 814 Quodsi
1235 745 1361 823 simplex
1380 753 1466 806 esset
1488 745 1629 829 aequatio,

290 849 466 913 quaererem
487 849 588 893 aream
611 830 726 892 DFHA
749 848 802 909 per
828 841 931 911 partes
963 852 1033 893 snas
1056 831 1159 906 DHB,
1182 833 1279 895 ΗΒΑ.
1326 832 1389 896 Sed
1418 834 1490 913 quia
1524 834 1632 896 accedit

290 929 444 983 menstrua
473 919 632 998 aequatio,
666 920 748 980 illam
778 919 874 981 habeo
906 922 936 981 in
967 941 1038 981 area
1062 918 1148 981 CHA
1179 922 1347 1003 adjicienda
1370 918 1411 983 a'd
1433 921 1566 998 DFHA,
1594 924 1632 985 ita

288 1010 443 1073 conficitur
467 1007 618 1070 anomalia
639 1008 752 1080 media,
777 1011 962 1087 respondens
986 1012 1095 1091 angulo
1121 1010 1225 1086 ΒΑΗ,
1249 1031 1315 1073 cum
1346 1011 1426 1073 inter
1448 1012 1586 1091 apsidum
1605 1021 1632 1073 et

53 1116 60 1132 ·
179 1152 184 1163 .
288 1099 461 1180 copularum
485 1097 581 1158 lineas
606 1106 654 1158 est
678 1097 724 1157 hic
748 1099 876 1176 angulus
899 1098 992 1160 DAF.

375 1187 453 1250 Esto
476 1187 564 1250 Luua
586 1187 615 1247 in
639 1187 685 1262 K,
714 1186 816 1266 anguli
839 1187 940 1260 FAD,
964 1187 1054 1250 ΒΑΚ
1062 1207 1071 1263 ;
1107 1189 1300 1269 respondebit
1333 1189 1426 1270 igitur
1454 1198 1631 1270 coaequatae

289 1277 380 1340 DAK
402 1276 510 1350 media,
535 1275 702 1354 composita
726 1295 763 1335 ex
787 1275 867 1336 areis
892 1277 980 1339 ΑΒΚ
1003 1286 1033 1340 et
1056 1277 1154 1341 ACK.

375 1366 452 1427 Esto
474 1365 559 1426 Luna
582 1364 611 1426 in
628 1364 650 1437 l,
675 1364 791 1425 scilicet
810 1365 888 1427 inter
908 1366 1082 1454 perigaenm
1106 1365 1278 1428 solutumll
1301 1374 1332 1427 et
1355 1367 1531 1447 perigaenm
1553 1387 1631 1430 men-

225 1476 228 1485 ·
288 1466 402 1518 strnnm
427 1452 466 1527 G,
491 1455 593 1533 auguli
617 1453 709 1525 FAD,
737 1454 821 1516 DAI.
867 1455 925 1516 Hic
948 1465 1133 1536 coaequatae
1156 1457 1231 1519 DAI
1259 1455 1495 1536 (complemento
1519 1457 1630 1537 inquam

287 1547 351 1626 ejus
375 1545 413 1604 ad
437 1543 592 1614 circulum)
616 1543 779 1622 respondet
802 1544 951 1604 anomalia
974 1546 1072 1607 media
1094 1545 1209 1617 ADKI,
1234 1545 1281 1606 cni
1304 1554 1407 1606 tauma
1431 1545 1572 1609 ademtae
1593 1546 1630 1607 sit

254 1635 265 1700 ’,
287 1636 372 1696 valor
395 1651 483 1694 areae
505 1631 589 1695 Aul.
637 1632 729 1692 Porro
753 1632 897 1694 facillima
921 1642 969 1695 est
991 1635 1174 1715 computatio
1197 1635 1289 1696 etiam
1313 1624 1518 1713 hujus'areae
1539 1632 1628 1708 CKA,

287 1725 313 1786 si
337 1724 375 1783 ad
400 1721 499 1802 anguli
525 1719 615 1782 ΘΑΚ
639 1720 734 1783 sinum
768 1721 920 1783 addideris
943 1722 998 1786 BC
1029 1723 1057 1785 iu
1081 1722 1268 1785 semicirculo
1301 1725 1448 1803 apogaei.
1482 1724 1533 1787 vel
1562 1723 1628 1786 sab-

154 1879 159 1889 ,
286 1812 417 1875 traxeris
447 1812 476 1871 in
500 1809 652 1890 opposito,
685 1829 738 1889 pro
769 1810 927 1872 altitudine
953 1812 1039 1890 justa
1069 1812 1210 1892 trianguli
1234 1809 1337 1886 CKA,
1371 1813 1450 1874 banc
1481 1814 1512 1874 in
1541 1814 1629 1875 sinam

287 1898 496 1981 complementi
520 1901 614 1978 ipsius
638 1900 721 1961 FAD
746 1910 777 1960 et
800 1901 909 1961 factum
935 1900 964 1961 in
987 1900 1121 1963 valorem
1149 1901 1272 1964 maximi
1287 1902 1443 1980 trianguli
1468 1921 1560 1984 super
1580 1903 1628 1965 AB

287 1988 553 2070 multiplicaveris:
584 2009 657 2069 qnas
687 1989 948 2069 multiplicationes
971 1991 1046 2052 duas
1070 1990 1151 2052 tollit
1174 1989 1288 2053 additio
1317 1992 1405 2052 unica
1433 1991 1528 2054 trium
1550 1992 1627 2071 loga·

286 2080 474 2143 rithmorum.
1193 2137 1200 2150 ,
1568 2117 1575 2129 ·

368 2167 562 2250 ¹Variationis
586 2165 699 2228 calculo
723 2165 836 2227 servire
859 2156 964 2244 posset
985 2168 1033 2230 bic
1058 2168 1134 2230 idem
1159 2167 1297 2231 circellns
1319 2168 1384 2242 BL,
1409 2169 1471 2231 etsi
1495 2169 1629 2233 remotior

286 2268 335 2325 est
358 2280 376 2320 a
399 2257 498 2319 causis
521 2254 664 2336 physicis.
712 2254 814 2316 Posito
838 2255 930 2330 enim,
961 2257 1072 2320 lineam
1094 2266 1192 2320 motus
1214 2257 1241 2328 b
1266 2274 1358 2335 prope
1393 2259 1460 2320 veri
1483 2277 1552 2323 esse
1575 2256 1626 2321 sl>

289 2349 368 2422 (sine
392 2353 528 2427 respectu
553 2345 704 2425 apogaei),
730 2364 804 2424 quae
828 2353 911 2406 secet
934 2347 1084 2408 circellum
1109 2348 1139 2409 in
1161 2347 1205 2409 B:
1235 2345 1384 2427 quadrata
1408 2347 1529 2411 sinuum
1552 2365 1627 2410 com·

285 2439 501 2520 plementorom
534 2434 663 2496 omnium
695 2452 788 2513 usque
816 2433 854 2494 ad
885 2433 981 2497 sinum
1013 2434 1069 2498 CA
1104 2436 1132 2497 in
1166 2453 1310 2497 summam
1343 2424 1483 2499 redacti
1502 2426 1627 2516 iudicaot

286 2526 452 2608 portionem
481 2522 709 2585 accelerationis
737 2523 892 2583 addendae
923 2525 961 2586 ad
984 2524 1078 2588 DAF.
1123 2525 1181 2587 Hic
1209 2523 1246 2587 de
1277 2523 1438 2604 quadratis
1465 2525 1583 2589 sinuum
1602 2533 1629 2585 et

286 2634 402 2679 summa
425 2632 525 2676 eorum
549 2620 725 2675 monuerunt
747 2631 793 2673 me
817 2630 925 2674 causae
956 2613 1112 2696 physicae:
1145 2620 1179 2676 at
1201 2614 1325 2675 effectus
1348 2614 1379 2675 in
1399 2614 1504 2678 ‚forma
1527 2626 1576 2678 est
1594 2613 1628 2676 ad

286 2722 413 2784 unguem
437 2703 524 2777 idem,
548 2701 599 2783 qui
622 2701 735 2763 circelli
758 2701 953 2782 Tyuhoniani‚
977 2713 1059 2765 motu
1083 2702 1192 2784 duplici
1216 2702 1310 2782 ipsius
1339 2703 1509 2767 distantiae
1532 2704 1626 2767 Lunae

287 2794 410 2859 aSole.
457 2793 581 2864 Horum,
605 2791 739 2871 inquam,
770 2791 892 2852 dnomm
915 2791 1126 2872 principiorum
1156 2791 1379 2854 consociatione
1411 2793 1544 2856 efficitur
1564 2800 1626 2855 tau·

287 2884 425 2956 tundem‚
451 2891 592 2961 qnantum
616 2879 738 2943 circellu
759 2879 929 2960 Tychonico
953 2880 1123 2955 libratorio,
1154 2880 1232 2963 quod
1256 2881 1345 2942 valde
1368 2901 1418 2944 me
1443 2881 1626 2947 exhilaravit

287 2974 322 3036 Iu
345 2970 514 3053 quantitate
538 2969 634 3031 adhuc
653 2969 756 3031 differo
776 2989 795 3028 a
813 2969 963 3049 Tycbone,
987 2970 1044 3051 qui.
1057 2969 1255 3031 variationem
1279 2969 1352 3031 lacit
1370 2966 1441 3046 tt‘,
1464 2970 1627 3035 observarit

286 3070 393 3124 tamem
411 3050 560 3122 inteldnm
583 3054 647 3120 46¹.
693 3057 760 3138 Ego
784 3076 855 3119 vero
879 3064 905 3118 a·
920 3059 1013 3139 priori
1045 3059 1162 3121 invenio
1186 3056 1250 3132 51⁴,
1274 3069 1306 3119 et
1327 3068 1449 3123 tantum
1479 3060 1626 3143 postulant

285 3153 378 3227 stiam
397 3148 472 3230 justi
496 3146 667 3210 horarii'in-
681 3147 795 3225 copulis
818 3164 871 3226 pro
896 3148 1067 3228 eclipsibus,
1090 3166 1127 3209 ne
1151 3149 1323 3210 dotationes
1347 3149 1426 3212 liant
1448 3151 1568 3213 nimiae.

271 3266 274 3273 ·
376 3239 411 3301 In
433 3236 664 3318 Ephemeridum
687 3234 905 3314 prolegomenis
929 3256 986 3299 non
1011 3257 1127 3299 summa
1150 3237 1373 3317 quadratorum,
1399 3241 1456 3302 sed
1480 3240 1547 3322 ipso
1568 3239 1623 3300 sinn

288 3326 342 3391 ΒΟ
367 3327 484 3402 utebar,
508 3325 557 3387 nbi
581 3324 678 3387 defeci
702 3345 721 3385 a
744 3324 884 3406 'lychnus
909 3334 1051 3405 quantum
1075 3345 1151 3389 nunc
1174 3344 1291 3407 supero.

376 3417 485 3478 Moneo
509 3423 610 3476 autem
633 3414 738 3486 obiter,
763 3432 800 3475 nc
817 3414 1002 3476 frustraneas
1025 3413 1079 3477 tibi
1095 3415 1293 3495 cogitationes
1317 3415 1460 3493 excitem,
1485 3415 1625 3498 negotium

288 3505 463 3570 variationis
486 3497 647 3566 non'nnda
670 3501 822 3564 additione
845 3504 945 3583 perlici
974 3504 1214 3578 accelerationis,
1244 3503 1299 3565 ssd
1322 3504 1407 3584 prius
1432 3506 1548 3589 aliquid
1569 3522 1625 3566 esse

289 3586 521 3659 subtrahendum
546 3588 751 3673 aequabiliter.
789 3591 1013 3655 Subtrahuutur
1033 3593 1160 3673 singulis
1183 3593 1324 3674 gradibus
1348 3594 1520 3658 distantiae
1534 3595 1626 3659 Lunae

289 3707 308 3748 a
330 3685 403 3750 Sole
425 3703 517 3764 prope
541 3701 648 3756 verae,
672 3681 789 3743 scilicet
816 3681 844 3741 l‘
867 3676 995 3764 47“Ι,”;
1024 3683 1173 3745 adduntur
1205 3682 1357 3758 vicissim,
1381 3683 1414 3744 in
1437 3684 1510 3765 ipsa
1531 3683 1628 3764 copula

45 3853 54 3861 g
172 3774 189 3855 J
288 3774 321 3839 3‘
335 3767 444 3856 34²]st
467 3771 601 3852 praecise
625 3771 756 3852 duplum,
779 3769 847 3830 inde
871 3770 967 3834 minus
990 3779 1022 3833 et
1042 3771 1148 3847 minna
1171 3780 1259 3852 prout
1282 3772 1465 3837 decrescunt
1488 3774 1628 3863 quadrata

289 3865 422 3936 siuuum;
446 3863 539 3923 donec
563 3862 592 3922 in
609 3861 731 3943 quadris
753 3859 842 3939 plane
866 3859 938 3921 nihil
961 3860 1091 3923 additur.
1128 3861 1221 3943 Itain
1236 3859 1359 3942 quadris
1382 3881 1439 3943 pro
1458 3883 1521 3927 uuo
1542 3861 1626 3943 gradu

288 3952 408 4024 dist.)
440 3973 458 4013 a
486 3947 525 4027 Θ
555 3960 700 4031 aequatae
731 3948 777 4010 bis
818 3949 961 4010 sumenda
997 3958 1068 4013 suut
1102 3959 1225 4030 propter
1261 3949 1385 4013 tertiam
1422 3952 1627 4034 aequationem

279 4031 345 4107 '58‘
372 4034 449 4124 13²1,
459 4041 489 4113 “‚
513 4041 542 4101 in
567 4039 680 4119 copulis
703 4057 757 4118 pro
780 4056 839 4099 uno
862 4038 957 4116 gradu
984 4035 1018 4101 1⁰
1043 4039 1072 4101 l‘
1096 4036 1215 4121 dl¹l,“.

376 4129 436 4193 Sed
470 4130 559 4191 redeo
583 4130 619 4189 ad
652 4127 779 4207 priorem
814 4127 1021 4206 aequationem
1053 4136 1253 4202 menstruam,
1283 4126 1314 4189 in
1337 4146 1399 4208 qua
1421 4130 1532 4206 vides,
1560 4129 1626 4192 sill

289 4224 423 4284 centrum
448 4217 612 4283 ,eccentrici
636 4217 678 4278 sit
700 4216 729 4276 in
752 4216 779 4276 L
802 4216 850 4277 vel
873 4215 908 4287 P,
931 4226 1006 4297 pnta
1027 4216 1057 4279 in
1081 4217 1214 4296 copulis,
1237 4215 1316 4297 quod
1344 4225 1418 4281 tunc
1440 4219 1534 4283 Luna
1554 4217 1627 4282 iuli

253 4324 262 4341 ··
287 4309 401 4390 posita,
435 4306 575 4389 aequatio
599 4306 699 4385 optica
721 4304 763 4366 sit
786 4305 886 4366 futura
916 4306 1042 4385 angulus
1064 4306 1169 4374 ΒΗΑ,
1194 4307 1248 4368 sed
1269 4305 1396 4388 physica
1423 4327 1500 4389 pars
1522 4329 1625 4392 aequa-

287 4398 379 4460 tionis
409 4396 592 4460 desumenda
623 4396 664 4458 sit
696 4408 734 4454 ex
766 4413 837 4454 area
864 4393 952 4455 ΒΗΑ
983 4395 1030 4456 bis
1061 4403 1177 4469 sumta,
1208 4395 1301 4459 semel
1332 4412 1388 4477 pro
1407 4399 1627 4464 ‚comtitueuda

248 4519 256 4537 ·
287 4488 465 4569 aequatione
488 4484 711 4566 inaequalitatis
735 4484 866 4556 solutae,
890 4483 962 4544 item
985 4503 1039 4563 pro
1062 4484 1240 4564 aequatione
1263 4494 1436 4549 menstruae
1466 4487 1624 4571 inaequali·

286 4578 379 4638 tatis:
404 4577 473 4658 qnia
494 4572 548 4636 Bc
573 4584 642 4634 tunc
666 4572 839 4646 absumitur,
864 4572 988 4634 redacta
1010 4574 1040 4636 in
1059 4582 1205 4653 punctum
1229 4572 1269 4647 C,
1293 4582 1328 4636 nt
1349 4576 1623 4660 siutnmgntnrnn

211 4712 214 4724 .
286 4666 537 4746 aequaturiornm,
561 4662 646 4725 unius
669 4681 723 4742 pru
747 4660 860 4735 soluta,
886 4662 1011 4724 alterius
1034 4681 1089 4743 pro
1112 4670 1265 4726 menstrua
1295 4665 1498 4745 aequatione,
1530 4667 1622 4731 eadem

285 4754 369 4817 basis
392 4755 460 4817 AL.
507 4752 650 4815 Vicissim
673 4770 730 4831 quo
753 4769 855 4812 mense
879 4752 1057 4815 centrumB
1079 4751 1214 4815 venitin
1237 4753 1381 4834 quadrae,
1405 4755 1449 4818 ibi
1473 4756 1621 4838 perpendi·

241 4880 251 4903 .
286 4843 397 4905 calaris
420 4861 458 4904 ex
481 4852 584 4904 centro
607 4839 689 4903 cedit
707 4839 737 4901 iu
751 4841 780 4902 A
804 4847 939 4903 ceruum
953 4840 1074 4916 Terrae,
1097 4839 1198 4923 itaque
1210 4840 1263 4905 illo
1279 4859 1387 4906 meuse
1407 4846 1480 4921 (uel
1495 4844 1619 4931 maledie
