3354 5504
165 275 231 345 222
642 282 1023 339 maon-wirne·

165 458 252 538 idque
283 457 314 519 iu
343 470 407 530 aa,
437 482 528 543 qnare
559 463 598 524 ab
629 471 734 523 exortu
763 470 788 531 d
822 482 914 543 usque
945 464 975 524 in
1006 464 1103 542 psum
1133 460 1175 540 Θ
1200 471 1338 527 exortum
1359 466 1507 532 continuo

164 547 313 609 demescit
334 551 461 629 angulus
483 551 644 612 horizontis
667 571 733 613 curn
755 552 901 632 ecliptica
937 554 1042 631 ltaque
1063 552 1301 634 secundumcap.
1312 556 1372 618 IX.
1387 555 1508 619 Astro-

164 635 280 697 uomiae
303 633 431 716 Opticae
453 640 627 718 parallaxis,
651 640 677 700 si
700 659 758 720 qua
780 652 828 702 est
849 642 1031 714 latitudinis,
1054 640 1193 702 continue
1215 643 1335 704 asscit-
1380 643 1435 706 Ex
1454 645 1508 709 in-

164 736 315 786 cremento
339 744 408 788 vero
426 747 480 806 per
500 728 713 808 parallacticae
728 729 887 803 columnas,
911 749 928 789 e
949 731 1068 808 regione
1085 729 1210 791 initialis
1228 739 1260 790 et
1281 732 1383 794 finalis
1400 735 1507 814 anguli

165 813 409 966 ecliptiqbqqmcum
431 818 584 878 horizonte
614 818 765 897 quaesito,
786 819 976 898 cognoscitur
997 819 1027 879 in
1048 818 1146 880 boote
1168 819 1509 902 columnaeparallaxis

166 912 233 964 cta
311 900 320 913 '
376 905 457 967 ctis.

415 1065 587 1146 Sequitur
609 1067 726 1129 series
752 1085 908 1128 mearum
935 1066 1241 1128 obseruationum

250 1175 348 1237 Nocte
371 1171 449 1233 inter
473 1172 537 1232 dies
559 1170 645 1233 Joris
669 1184 701 1233 et
722 1172 863 1246 Veneris,
896 1173 944 1251 qui
975 1173 1056 1234 fuere
1085 1167 1152 1253 ¹²12,
1180 1173 1267 1234 Febr.
1290 1172 1413 1236 interea
1435 1175 1507 1240 dum

162 1265 276 1331 Corvus
307 1262 423 1324 coelum
451 1262 580 1330 mediat,
613 1271 680 1323 erat
710 1262 788 1323 inter
816 1270 841 1331 d
865 1270 897 1322 et
917 1259 1040 1342 Spicum
1060 1257 1100 1324 00
1120 1257 1188 1334 440,
1217 1261 1297 1323 inter
1318 1263 1452 1327 eundem
1474 1264 1508 1329 ct

162 1355 293 1416 Laucem
316 1351 436 1412 boream
463 1346 522 1411 170
542 1349 617 1424 410;
653 1352 732 1412 inter
758 1359 784 1420 ό
806 1360 839 1411 et
860 1352 1020 1412 Arcturum
1042 1345 1105 1412 200
1128 1345 1188 1412 130.
1234 1350 1278 1413 [A
1299 1359 1404 1414 autem
1426 1373 1502 1434 pro-

162 1443 282 1504 baretur
305 1449 489 1514 sextans,
513 1439 608 1500 mensi
630 1459 731 1500 snmus
754 1439 854 1513 etiam,
877 1440 956 1520 quod
973 1449 1023 1501 est
1044 1440 1121 1500 inter
1135 1439 1297 1501 Arcturum
1320 1448 1354 1502 et
1376 1438 1503 1522 Spicam

162 1529 222 1594 32·
243 1527 307 1603 57⁴,
331 1529 409 1608 qnod
431 1537 531 1588 tauwn
554 1527 656 1589 debuit
679 1549 747 1590 esse
770 1525 831 1591 330
854 1529 883 1591 10
906 1525 981 1602 4500,
1005 1538 1038 1589 ut
1052 1537 1145 1607 patet.
1169 1527 1197 1588 si
1210 1528 1345 1590 calculus
1359 1531 1506 1594 comula·

160 1631 209 1681 tur
239 1618 381 1679 adhibitis
409 1637 462 1678 sen
490 1617 713 1678 ascensionibus
743 1618 833 1679 rectis
855 1627 888 1678 et
910 1617 1158 1678 declinationibus
1189 1636 1243 1677 seu
1266 1617 1505 1694 longitudinibus

161 1721 192 1770 et
213 1707 432 1781 latitudinibus,
456 1724 532 1785 quas
549 1706 716 1786 assignarit
730 1704 832 1788 'lycho
846 1707 994 1768 sideribus
1011 1706 1093 1767 bisce
1108 1706 1184 1767 libro
1194 1706 1229 1767 -Ι,
1244 1706 1505 1787 Progymnasma·

158 1812 231 1859 tum.
276 1795 359 1875 Ergo
381 1795 544 1857 distantiae
566 1814 673 1856 meae
701 1797 829 1856 minores
847 1796 933 1874 justo
955 1796 1037 1856 inere
1060 1814 1113 1873 per
1133 1788 1229 1877 4³1,ss
1254 1795 1362 1875 quibus
1385 1798 1504 1860 correxi

53 1865 60 1877 ’
159 1896 184 1956 <5
208 1908 227 1947 a
249 1885 316 1946 lixis
339 1883 511 1955 distantias,
535 1895 568 1944 ut
591 1884 681 1946 luerit
703 1906 722 1946 a
744 1882 837 1964 Spica
858 1881 900 1947 90
919 1880 973 1947 480
995 1881 1070 1958 4500,
1095 1905 1114 1944 a
1138 1884 1241 1945 lance
1267 1879 1327 1945 170
1347 1880 1405 1948 45¹
1427 1882 1503 1962 4511,

159 1976 197 2037 ab
219 1977 349 2036 Arcturo
374 1969 435 2036 290
460 1972 509 2035 110
532 1969 607 2036 4500.
640 1972 646 1981 ’
1501 2022 1505 2027 .

246 2061 345 2125 Sumsi
378 2071 477 2122 autem
506 2071 538 2123 et
569 2062 757 2124 altitudinem
789 2071 814 2132 ό
845 2062 1040 2125 meridianam
1069 2080 1123 2139 per
1149 2059 1347 2140 quadrantem
1378 2058 1442 2126 320
1470 2058 1502 2128 40

159 2163 192 2213 et
209 2151 317 2234 Spicae
332 2147 393 2214 300
410 2148 476 2220 500,
499 2171 575 2231 quae
594 2171 659 2213 cum
673 2152 785 2213 babeat
799 2153 1026 2237 declinationem
1044 2146 1083 2215 9⁰
1097 2148 1140 2221 20,
1158 2149 1335 2232 relinquitur
1351 2159 1379 2222 d
1394 2148 1435 2215 70
1448 2147 1502 2217 480

160 2240 331 2304 declinatio.
378 2237 568 2302 Ostendebat
595 2251 696 2303 autem
719 2240 847 2302 altitudo
869 2241 989 2321 Spirae,
1015 2260 1074 2301 non
1098 2247 1147 2301 sat
1169 2239 1245 2299 bene
1267 2238 1381 2302 babere
1404 2259 1503 2304 memo

160 2329 417 2411 perpendiculum,
450 2349 519 2390 nam
550 2329 678 2391 altitudo
701 2330 855 2410 aquatoris
882 2331 987 2392 estin
1015 2349 1080 2391 meo
1110 2328 1175 2390 loco
1205 2323 1267 2390 300
1291 2324 1362 2403 540,
1399 2329 1502 2413 itaque

161 2418 324 2481 meridiana
337 2417 446 2496 Spicae
469 2415 530 2480 300
550 2416 615 2493 520,
638 2427 664 2489 d
686 2416 747 2483 320
767 2415 808 2481 60.
853 2419 902 2481 Ex
923 2419 1122 2480 declinatione
1144 2417 1234 2495 igitur
1256 2425 1282 2486 d
1304 2426 1338 2479 et
1355 2418 1504 2483 distanb'a

161 2529 181 2569 a
202 2508 261 2570 lixa
282 2507 393 2590 prodiit
415 2507 480 2587 ejus
503 2527 565 2569 asc.
589 2517 692 2570 recta:
751 2536 769 2572 a
788 2519 871 2591 Spica
925 2561 932 2574 .
974 2513 1046 2572 305·
1067 2514 1116 2573 570
1138 2513 1196 2571 3600

752 2617 770 2653 a
788 2599 880 2654 Lance
926 2640 933 2652 .
975 2594 1040 2652 306.
1089 2592 1184 2653 317.

714 2678 934 2752 ’‘ilideuenfis.
1013 2692 1040 2749 0.
1088 2692 1115 2750 5.
1136 2688 1185 2749 41.

748 2778 867 2832 Medium
884 2794 952 2848 ergo
974 2771 1040 2830 306.
1086 2769 1183 2830 026.

247 2866 326 2928 Nam
349 2873 449 2927 certus
471 2883 529 2926 non
551 2884 625 2940 snm,
651 2885 747 2926 annon
770 2866 875 2946 regula
895 2884 973 2936 mea,
995 2864 1093 2924 terrea
1115 2870 1147 2922 et
1168 2860 1338 2940 ponderosa
1360 2879 1429 2921 cum
1452 2862 1501 2936 sit,

162 2957 271 3037 impetu
304 2974 393 3016 ruens
424 2953 531 3015 solutis
563 2955 703 3016 trochleis
736 2970 768 3016 et
790 2955 957 3034 impingens
989 2952 1084 3033 (quod
1113 2951 1225 3011 lactum
1254 2949 1432 3029 aliquoties)
1455 2950 1501 3032 pie

161 3043 281 3108 nacidia
302 3044 368 3105 loco
391 3043 529 3116 moverit,
558 3062 633 3123 quae
656 3045 886 3106 suntluxatilia
908 3053 940 3104 et
961 3040 1125 3106 uemtilia.
1169 3038 1232 3100 Sed
1255 3056 1294 3098 ex
1315 3038 1375 3099 hac
1394 3057 1501 3103 ascen-

161 3134 245 3197 sione
276 3141 360 3196 recta
386 3133 511 3213 primum
544 3152 581 3195 ex
612 3133 718 3195 tabula
746 3132 894 3214 Tychonis
925 3131 1132 3193 ascensionum
1160 3134 1308 3189 rectarum
1333 3129 1502 3208 excerpitur

160 3222 295 3285 cooriens
317 3222 348 3282 iu
370 3223 500 3302 sphaera
515 3230 597 3284 recta
617 3218 679 3285 280
704 3220 733 3283 l‘
754 3222 797 3287 000
816 3233 874 3297 2,
888 3221 972 3300 cujus
986 3217 1146 3280 declinatio
1161 3235 1199 3278 ex
1213 3216 1274 3277 alia
1288 3216 1355 3296 eJ'us
1370 3217 1501 3280 auctoris

161 3312 266 3375 tabula
289 3319 336 3372 est
363 3308 421 3374 100
442 3307 496 3373 480
520 3309 594 3386 3000,
618 3319 643 3381 <5
666 3332 736 3374 vero
760 3307 894 3375 7⁰:18¹st
932 3309 1013 3389 Ergo
1036 3308 1124 3369 abest
1138 3305 1177 3366 ab
1193 3304 1333 3384 ecliptica
1353 3305 1406 3367 via
1423 3307 1501 3368 obli-

160 3422 220 3483 qua
250 3401 279 3462 in
311 3399 421 3461 circulo
449 3401 654 3463 declinationis
682 3421 736 3482 per
762 3398 802 3463 30
831 3399 863 3464 00
887 3396 961 3463 3000.
1008 3397 1144 3476 Angulus
1167 3413 1238 3456 vero
1262 3412 1352 3474 quem
1374 3394 1500 3458 circulus

161 3488 370 3561 declinationis
394 3489 467 3551 facit
489 3509 554 3552 cnm
582 3491 734 3570 ecliptica,
772 3510 809 3551 en
831 3487 973 3570 peculiari
996 3486 1100 3548 tabula
1122 3492 1170 3545 est
1193 3478 1254 3546 680
1275 3479 1347 3556 590,
1381 3484 1500 3565 ejusque

161 3579 409 3660 complementum
441 3573 502 3640 210
536 3579 574 3642 10.
619 3580 660 3642 Et
691 3581 721 3641 in
753 3599 821 3641 mea
851 3576 1048 3659 parallactica
1075 3574 1130 3634 sub
1162 3572 1250 3634 titulo
1283 3568 1337 3635 600
1382 3573 1499 3636 invenio

161 3668 321 3747 eregione
345 3662 406 3731 68⁰
432 3665 500 3731 59¹:
534 3665 588 3732 560
622 3669 675 3743 100;
706 3670 761 3730 sub
791 3667 854 3732 3000
878 3685 948 3727 vero
972 3664 1088 3743 inuenio
1112 3659 1185 3724 2800.
1230 3663 1276 3723 At
1298 3660 1370 3742 quia
1392 3681 1450 3742 ego
1473 3663 1501 3724 in
1541 3741 1543 3745 ι

160 3760 217 3821 bac
233 3758 418 3828 distantia&
433 3758 471 3819 ab
486 3758 624 3840 ecliptica
639 3760 741 3838 (quam
756 3758 874 3838 appello
888 3754 974 3817 basin
988 3751 1171 3825 latitudinis)
1185 3750 1281 3813 habeo
1296 3759 1344 3811 ter
1358 3745 1417 3825 60;
1433 3770 1501 3831 orgo

161 3847 239 3930 qnod
261 3847 398 3927 excerpsi
420 3848 475 3909 snb
499 3842 541 3910 60
559 3866 613 3926 per
633 3845 845 3927 3multiplic03
869 3843 968 3924 prodit
984 3842 1054 3904 mihi
1077 3839 1204 3902 latitudo
1225 3836 1264 3903 20
1290 3835 1345 3902 480
1369 3836 1448 3905 3100.
1461 3837 1500 3914 00)

159 3936 244 4000 Idem
267 3937 390 3999 labore
414 3935 533 4016 regione
557 3934 617 4000 210
643 3934 670 3998 10
694 3937 826 3998 ostendit
848 3933 928 4006 mibi,
951 3932 1021 4012 quid
1046 3932 1110 3992 loco
1135 3929 1277 3992 coorienti
1300 3928 1343 3990 sit
1364 3928 1499 3992 adimen-

159 4027 239 4101 dum,
262 4044 367 4105 nempe
396 4021 483 4088 1050
507 4022 560 4090 400.
598 4028 704 4106 Itaque
724 4033 749 4096 (ς
772 4026 853 4086 locus
877 4023 935 4084 erit
957 4017 1018 4084 260
1040 4017 1093 4083 560
1117 4029 1174 4092 α,
1199 4026 1344 4099 quantum
1358 4018 1500 4081 stiamex

159 4115 284 4188 calculo,
298 4115 382 4194 cujus
397 4114 453 4176 hoc
468 4135 556 4196 opere
572 4117 765 4178 fundamenta
783 4134 848 4176 suin
862 4111 1037 4186 traditurus,
1055 4108 1141 4170 elicio
1156 4107 1236 4169 intra
1246 4126 1335 4169 unum
1344 4107 1499 4171 minutum.

247 4204 297 4266 Ad
324 4204 506 4284 probandam
534 4225 604 4268 vero
629 4205 815 4267 latitudinem
840 4211 864 4273 ό
889 4200 1022 4262 consului
1046 4206 1077 4259 et
1099 4198 1274 4259 distantiam
1294 4195 1336 4264 ab
1359 4197 1499 4270 Arcturo,

158 4293 295 4357 adhibita
325 4292 432 4354 stellae
466 4294 648 4373 longitudine
681 4302 713 4353 et
743 4293 898 4355 latitudine
929 4309 966 4350 ex
995 4287 1134 4370 Tychone
1164 4296 1196 4348 et
1219 4287 1283 4347 loco
1308 4285 1500 4365 longitudinis

160 4383 268 4462 djarn
292 4383 428 4443 invento:
453 4391 541 4462 atque
565 4383 590 4442 is
613 4383 783 4463 reponebat,
800 4382 870 4443 ruilri
899 4379 975 4451 din
999 4378 1185 4439 latitudinem
1204 4370 1242 4437 20
1265 4369 1318 4438 470
1341 4368 1419 4439 4800.

159 4471 245 4535 Prius
268 4467 307 4533 20
328 4467 382 4534 480
405 4468 480 4534 3100.

248 4559 307 4622 Die
341 4555 868 4646 19129.Febctransposueramns
898 4555 1077 4637 pinacidinm
1103 4554 1312 4635 coepimusque
1342 4551 1498 4618 observare

160 4658 184 4720 d
214 4657 396 4728 surgentem·
447 4651 623 4712 Annotatae
655 4658 725 4711 sunt
755 4655 852 4727 autem
891 4647 956 4724 ejus
996 4644 1033 4706 ab
1061 4646 1191 4706 Arcturo
1225 4640 1390 4705 distantiae
1427 4644 1498 4705 bae:

159 4735 220 4804 290
243 4730 351 4822 2201,0,
370 4726 450 4811 240,
483 4734 547 4810 200,
570 4734 634 4799 220.
680 4732 758 4799 Puto
791 4756 845 4798 nos
878 4733 1028 4796 abundare
1059 4752 1118 4794 uno
1150 4733 1271 4795 denario
1302 4731 1498 4797 minutorum:

159 4847 228 4895 nam
252 4828 342 4892 flante
367 4835 459 4899 vento
480 4827 837 4943 tantummodo·carbone
861 4824 985 4886 ardente
1014 4823 1111 4883 lumen
1135 4823 1174 4884 ad
1197 4822 1361 4884 divisiones
1385 4824 1499 4887 lecera-
