3354 5504
646 336 648 343 Α
725 288 755 340 In
772 283 939 353 Hipparchum

317 465 539 529 Observatio
562 465 727 546 Eclipsis
749 467 870 529 Lunae
894 462 945 529 27.
970 466 1049 567 sing.
1073 464 1142 539 anni
1164 462 1349 529 Mucxvl.

246 595 276 648 ln
298 599 389 646 monte
408 591 524 662 Pesting
546 585 717 663 (Poest-ling)
739 592 845 645 dimidio
866 573 976 646 milliari
998 608 1016 644 a
1035 591 1102 645 Lina
1123 607 1217 644 versus
1239 589 1459 660 septentrionem
1478 590 1503 643 in

159 678 262 738 altum,
292 675 361 726 unde
389 672 485 741 pulsus
506 671 709 742 horologiorum
737 678 767 725 et
789 689 869 725 voces
890 671 1004 742 vigilum
1031 673 1195 725 urbanorum
1222 669 1432 735 exaudiuntur,
1459 687 1504 723 nec

159 757 245 809 minus
268 751 418 807 Otensheni
440 759 468 804 et
488 752 659 823 Wilderigae
682 746 865 823 (Wilhering)
886 751 1039 822 horologia.

247 836 388 887 Ilorauna
401 839 465 901 post
479 833 594 885 mediam
610 839 718 886 noctem
732 832 823 885 subito
838 837 902 885 sunt
911 839 989 885 ortae
1000 833 1095 886 nubes.
1119 831 1221 885 Umbra
1228 831 1257 885 in
1268 848 1375 885 summo
1385 829 1503 900 margine

159 932 254 986 parum
271 914 412 966 admodum
427 913 460 964 ad
476 912 613 965 sinistram
624 913 783 967 declinavit.
811 912 974 980 Principium
990 919 1052 965 erat
1072 911 1099 966 in
1120 911 1241 966 asimutb
1264 901 1291 971 J
1316 910 1432 965 fortuito
1446 928 1502 963 con·

160 998 256 1049 stituto
274 986 326 1047 22⁰
346 1000 376 1045 et
396 992 542 1045 altitudine
564 986 634 1053 287,
659 993 704 1045 vel
725 993 872 1049 correctius
895 985 955 1046 29⁰,
977 995 1025 1045 sed
1045 993 1106 1046 vide
1127 1010 1161 1045 ne
1181 991 1219 1046 sit
1241 992 1295 1045 boc
1323 991 1352 1044 iu
1376 990 1503 1060 superiori

160 1078 248 1129 latere
263 1072 379 1144 regulae
394 1072 501 1135 vitioso,
524 1089 572 1140 pro
595 1090 627 1124 eo
649 1072 719 1126 euim
740 1074 905 1143 sequendum
926 1080 1001 1125 esset
1020 1064 1146 1127 indicium
1163 1070 1301 1126 inferioris
1325 1071 1425 1125 lateris
1446 1064 1503 1123 26⁰:

160 1155 319 1226 principium
334 1153 386 1205 hoc
397 1159 571 1220 conspectum
585 1158 628 1206 est
642 1170 693 1222 per
707 1155 792 1205 nubes
807 1169 918 1221 sparsas
933 1160 962 1206 et
975 1152 1146 1205 dehiscentes
1161 1151 1318 1215 identidem,
1330 1151 1393 1203 vide
1409 1143 1504 1220 itaque,

159 1254 193 1289 ne
215 1235 298 1304 paulo
321 1232 394 1302 prius
416 1232 500 1285 fuerit
519 1249 621 1285 merum
642 1232 810 1302 principium.

247 1316 289 1366 Ad
311 1314 478 1381 probandum
499 1312 550 1365 hoc
571 1312 692 1366 azimuth
714 1314 847 1382 quodnam
869 1312 966 1375 fuerit,
997 1318 1082 1381 capta
1101 1317 1146 1364 est
1165 1310 1192 1363 in
1214 1328 1247 1363 eo
1269 1310 1392 1364 altitudo
1415 1310 1505 1380 capitis

160 1396 348 1449 Andromedae
370 1387 430 1448 70⁰,
455 1393 502 1444 sed
523 1409 628 1446 rursum
649 1398 717 1461 puto
738 1393 821 1445 tuisse
842 1391 990 1462 superioris
1012 1392 1108 1445 lateris
1132 1390 1274 1455 indicium,
1305 1392 1418 1461 quando
1439 1392 1506 1444 latus

159 1475 275 1544 regulae
301 1472 436 1526 inferioris
459 1472 622 1525 monstravit
646 1466 728 1530 titt..
770 1473 844 1526 Tunc
863 1474 944 1526 Luna
973 1473 1089 1525 nondum
1119 1470 1283 1545 dimidialin
1313 1472 1416 1524 umbra
1442 1478 1504 1524 erat.

160 1560 315 1623 Antequam
338 1553 385 1605 ala
398 1552 499 1621 Pegasi
521 1553 628 1606 veniret
648 1552 675 1605 iu
696 1552 721 1605 id
743 1552 873 1616 azimuth,
894 1554 991 1605 umbra
1011 1552 1066 1619 jam
1088 1554 1122 1606 ad
1144 1551 1274 1604 dextram
1295 1551 1462 1606 inclinabat
1476 1579 1506 1589 -

160 1637 215 1688 Ala
234 1633 337 1703 Pegasi
360 1632 385 1684 in
407 1632 455 1684 illo
477 1632 599 1685 azimuth
620 1631 717 1685 habult
741 1632 913 1686 altitudinem
935 1626 1023 1692 55¹t⁰
1051 1629 1131 1700 (cave
1154 1638 1187 1683 ut
1212 1647 1318 1700 supra,
1351 1648 1417 1684 nam
1445 1632 1505 1684 forte

160 1723 222 1769 erat
244 1709 347 1776 51¹i2‘),
370 1713 522 1765 Fomahant
543 1713 569 1765 in
591 1712 639 1765 illo
660 1712 782 1766 azimuth
802 1721 865 1765 erat
885 1714 946 1766 alta
959 1705 1001 1765 7⁰.
1017 1740 1052 1751 -
1071 1712 1136 1765 Cum
1151 1711 1249 1764 umbra
1262 1711 1425 1764 declinaret
1438 1710 1505 1781 qussi

161 1798 194 1849 ad
217 1790 233 1847 2
255 1793 409 1862 superiores
433 1792 461 1845 in
484 1808 569 1856 urna,
592 1799 653 1846 erat
676 1782 702 1852 J>
725 1794 751 1846 in
773 1793 911 1847 azimutho
933 1786 1037 1856 46¹l20,
1060 1792 1177 1845 altitudo
1196 1789 1245 1843 imi
1265 1791 1407 1863 marginis
1429 1782 1506 1850 2l¹h⁰

160 1874 258 1927 vitiose
280 1880 310 1926 et
330 1871 463 1942 superiori
484 1872 590 1935 latere,
617 1889 681 1926 vere
705 1871 781 1926 etin
804 1872 925 1927 inferiori
951 1864 1046 1933 17¹!st
1087 1870 1159 1926 Hinc
1174 1869 1236 1939 jam
1257 1870 1419 1926 discernere
1440 1872 1505 1939 coepi

161 1954 232 2009 inter
253 1952 379 2022 superius
399 1960 429 2004 et
449 1951 561 2006 inferius
583 1953 658 2006 latus
679 1953 802 2024 regnrlae.
836 1953 903 2007 Cum
920 1952 1011 2007 lucida
1028 1968 1094 2021 pars
1116 1957 1248 2021 vergeret
1267 1951 1298 2005 in
1319 1951 1426 2006 lineam
1446 1952 1505 2005 inter

93 2060 96 2071 ·
161 2038 229 2087 duas
257 2033 370 2086 lusionis
399 2041 429 2085 et
455 2049 514 2085 cum
544 2032 767 2103 perpendiculum
795 2050 830 2086 ex
852 2032 941 2102 poleri
962 2032 1107 2086 demissum
1127 2033 1240 2085 caderet
1262 2031 1396 2101 proxime
1416 2031 1504 2102 spiram

161 2114 318 2183 Serpentis,
341 2129 411 2183 quae
432 2119 476 2165 est
496 2126 591 2165 versus
613 2112 826 2183 quadrilaterum
848 2112 957 2167 minoris
979 2113 1082 2175 Ursae,
1111 2116 1173 2164 erat
1195 2111 1324 2166 asimuth
1344 2112 1444 2166 Lunae
1463 2099 1504 2164 50⁰

161 2196 249 2249 minus
274 2189 314 2253 Ἰ..
355 2192 601 2247 Azimuth.Lunae
623 2185 729 2257 51'i20,
752 2193 869 2247 altitudo
894 2189 952 2248 16⁰.
993 2194 1068 2247 'Iunc
1087 2192 1204 2245 nondum
1232 2192 1385 2245 occidebat
1408 2190 1504 2262 Aquila

49 2267 52 2273 ’
161 2277 236 2329 Tunc
257 2274 332 2327 linea
352 2290 402 2341 per
422 2263 448 2333 J)
471 2280 500 2325 et
527 2274 649 2328 umbram
679 2274 862 2328 contendebat
889 2273 973 2343 paulo
1001 2289 1085 2343 super
1111 2271 1285 2326 remotiorem
1310 2272 1419 2326 claram
1439 2270 1503 2343 quic»

162 2354 296 2426 quauguli
318 2353 344 2405 in
367 2358 421 2416 222,
443 2359 513 2422 puta
534 2351 683 2407 humerum.
712 2354 781 2407 Nam
802 2353 854 2407 hoc
871 2353 1105 2426 quinquangulum
1124 2352 1212 2405 habet
1228 2352 1445 2406 duos'humeros
1458 2354 1501 2411 Ξῖ,

163 2436 269 2488 oculum
290 2439 320 2486 et
340 2449 369 2486 os
390 2431 493 2503 Pegasi
515 2438 545 2486 et
570 2435 678 2488 oculum
705 2433 822 2504 equulei.
866 2434 918 2488 Hic
947 2442 976 2488 et
1005 2449 1091 2504 supra
1111 2431 1192 2486 Luna
1219 2438 1284 2486 erat
1312 2431 1501 2491 obscurissima

163 2513 298 2584 superfuit
318 2520 409 2566 tamma
429 2512 540 2583 aliquid.

250 2595 331 2667 Lupa
343 2599 404 2646 tota
418 2592 567 2647 rubicunda
575 2593 641 2656 fuit,
663 2595 710 2646 sed
725 2593 813 2664 magis
827 2610 910 2646 cornu
924 2593 1049 2663 superius
1064 2592 1152 2664 partis
1166 2591 1340 2646 constitutae
1362 2592 1391 2646 in
1411 2591 1500 2651 umbra

164 2677 234 2745 quod
256 2681 318 2728 erat
338 2675 373 2728 ad
394 2674 532 2729 sinistram
553 2690 638 2743 supra
658 2674 775 2727 lucidam
795 2672 959 2743 particulam
980 2674 1125 2728 residuam.
1215 2668 1218 2673 ’

248 2755 330 2808 Luna
350 2756 467 2807 nondum
488 2756 570 2822 plane
591 2753 724 2808 restituta
736 2754 835 2808 oceidit
848 2752 874 2806 in
889 2753 1009 2808 azimuth
1024 2747 1089 2809 74⁰³
1110 2747 1142 2811 Θ
1157 2750 1185 2805 iu
1199 2751 1326 2806 asimuth
1341 2745 1398 2806 75ο
1416 2750 1502 2806 habuit

164 2835 334 2890 altitudinem
359 2827 436 2896 1'l.⁰‚
470 2840 544 2886 certe
565 2842 709 2903 utrumque
738 2835 870 2888 luminare
897 2833 923 2886 iu
949 2833 1116 2888 semicirculo
1137 2830 1311 2887 meridionali
1331 2840 1405 2888 erat.
1442 2832 1501 2885 aru

164 2917 269 2986 quidem
290 2914 408 2985 suspicio
430 2914 547 2983 alicujus
569 2915 691 2969 defectus
712 2914 829 2977 residui,
861 2916 909 2966 sed
937 2915 1048 2985 cogita,
1080 2931 1116 2968 aa
1144 2913 1228 2967 merit
1252 2918 1365 2967 tantum
1386 2911 1498 2967 debilitas

163 2996 270 3050 luminis
291 3013 328 3048 ex
349 2995 399 3048 illa
419 3003 509 3063 parte.
1217 3060 1220 3067 Ι
1380 3058 1385 3065 ,

252 3077 344 3128 Causa
364 3075 486 3127 incertae
507 3073 707 3127 observationis
726 3073 779 3127 mis
798 3073 862 3126 ista.
900 3074 965 3126 Cum
985 3074 1112 3143 oppidum
1125 3073 1250 3128 Linsium
1264 3073 1408 3127 montibus
1420 3070 1500 3126 vicinis

163 3158 200 3209 sit
220 3156 470 3217 circumvallatum,
501 3171 596 3207 versus
627 3159 714 3207 ortum
743 3157 791 3207 das
819 3153 979 3217 hooheekh,
1010 3170 1105 3207 versus
1134 3169 1261 3207 occasum
1282 3154 1439 3225 Widnberg
1453 3150 1499 3206 ard

164 3237 191 3291 S.
207 3235 403 3306 hlartinsberg,
426 3235 453 3287 in
468 3235 545 3302 cujus
560 3235 630 3287 collo
651 3250 704 3287 arx
725 3232 860 3287 altissima
880 3250 984 3287 omnem
1005 3239 1179 3304 prospectum
1200 3233 1323 3304 eripiens
1344 3228 1501 3288 habitationi

164 3334 256 3371 meae:
286 3333 339 3385 ego
361 3322 393 3367 ut
413 3321 555 3383 utrumque
578 3314 711 3367 luminare
731 3314 759 3367 in
780 3314 921 3367 horizonte
941 3314 1077 3378 viderem,
1105 3329 1224 3384 vespera
1247 3316 1451 3384 praecedente,
1474 3316 1501 3365 ut

163 3397 277 3468 primum
299 3394 456 3448 serenitatis
478 3397 626 3448 duraturae
647 3394 713 3447 tides
730 3392 794 3447 mihi
815 3400 859 3447 est
879 3395 969 3457 facta,
991 3402 1073 3463 porta
1090 3393 1149 3462 jam
1166 3392 1226 3462 jam
1247 3395 1407 3449 claudenda
1425 3391 1499 3462 erupi.

165 3486 194 3530 et
214 3475 357 3530 comitibus
378 3476 483 3528 duobus
506 3474 617 3528 adscitis
638 3474 665 3527 in
693 3476 805 3545 arduum
831 3480 949 3527 montem
976 3486 1027 3544 per
1055 3474 1135 3528 unius
1162 3474 1248 3527 horae
1277 3475 1402 3544 spatium
1422 3472 1500 3528 enisus

164 3575 239 3618 sum,
270 3556 449 3609 instrumento
475 3554 623 3608 instructus
644 3572 697 3607 non
720 3555 860 3609 admodum
885 3556 1039 3618 commodo,
1071 3554 1250 3624 triangulum,
1266 3561 1332 3608 erat
1353 3550 1501 3609 azimuthali

164 3638 265 3690 circulo
285 3636 364 3689 unius
385 3635 461 3704 pedis
483 3635 615 3688 diametro
636 3633 807 3703 impositum,
833 3634 967 3688 lateribus
989 3635 1225 3704 complicatilibus.
1269 3635 1363 3689 Locum
1385 3637 1502 3689 observa·

165 3719 245 3771 tionis
267 3717 317 3768 sub
338 3716 381 3767 dio
402 3716 429 3768 in
450 3715 541 3768 novali
564 3731 671 3783 aspero.
701 3719 726 3766 A
740 3714 840 3768 rustico
862 3714 948 3768 vicino
967 3732 1018 3784 per
1035 3717 1148 3769 duarum
1168 3715 1300 3768 horarum
1321 3715 1440 3785 spatium
1460 3713 1501 3765 im·

163 3804 279 3867 portnue
301 3802 331 3848 et
349 3795 534 3848 indesinenter
554 3796 688 3864 pulsando
710 3796 781 3848 fores
802 3803 833 3847 et
858 3794 998 3850 clamando
1020 3796 1054 3848 ad
1080 3794 1163 3849 ravim
1191 3810 1292 3864 usqne,
1325 3796 1376 3849 vix
1401 3795 1502 3848 tandem

163 3895 213 3930 nec
234 3875 285 3928 nisi
307 3876 381 3945 prius
404 3875 559 3929 convocatis
581 3874 675 3928 vicinis
697 3875 732 3928 ab
753 3874 831 3927 unius
853 3881 936 3945 atque
951 3876 1065 3929 alterius
1080 3874 1161 3930 stadii
1182 3875 1336 3929 intervallo
1359 3874 1429 3941 (cum
1442 3890 1501 3928 nan·

83 3952 87 3967 '
163 3956 232 4010 oium
254 3957 323 4009 olam
344 3973 395 4025 per
408 3956 540 4024 posticum
556 3950 702 4019 emisisset)
724 3954 832 4008 admissi
851 3971 957 4022 sumus,-
979 3973 1029 4008 nec
1044 3955 1160 4026 amplius
1175 3954 1279 4025 aliquid
1294 3946 1500 4025 impetravimus

163 4054 242 4107 quam
264 4036 396 4105 tripedem
417 4042 541 4089 truncum
562 4037 673 4089 duorum
694 4036 792 4104 pedum
811 4034 964 4099 altitudine,
987 4035 1013 4100 in
1028 4053 1080 4106 quo
1099 4034 1268 4106 erigeremus
1289 4034 1501 4091 instnrmentnm.

252 4117 400 4170 Candelam
421 4121 471 4169 aut
490 4116 610 4177 faculam
631 4114 713 4169 nullis
739 4114 845 4168 omnino
873 4115 999 4185 precibus
1028 4113 1208 4178 extorsimus,
1239 4133 1290 4169 nec
1318 4116 1393 4188 ignis
1415 4131 1501 4170 wana·

163 4196 250 4259 dendi,
273 4197 338 4249 licet
359 4196 461 4249 eminus
483 4195 509 4248 in
531 4212 607 4266 agro,
631 4195 711 4265 copia
724 4195 801 4249 nobis
823 4194 905 4259 facta,
927 4202 1002 4251 metu
1016 4195 1256 4259 incendiariorum,
1277 4195 1376 4266 itaque
1391 4197 1501 4250 carbone

163 4279 277 4330 ardente
299 4283 377 4329 notas
400 4276 427 4328 in
448 4276 627 4331 instrumento
648 4274 840 4346 inquisivimus,
864 4276 991 4346 virgultis
1006 4282 1036 4330 et
1048 4276 1148 4331 assulis
1166 4294 1215 4344 pro
1234 4276 1340 4344 forcipe
1355 4293 1447 4331 sumus
1465 4272 1500 4328 usi

164 4358 190 4409 in
217 4357 445 4425 apprehendendo
475 4357 606 4420 carbone,
630 4357 745 4425 denique
767 4356 879 4424 supinus
899 4357 927 4408 in
948 4373 1017 4426 agro
1038 4362 1195 4425 prostratus
1216 4357 1326 4409 oculum
1347 4354 1500 4426 pinnaeidiit

164 4436 294 4505 supposui
321 4436 466 4506 notavique
497 4453 609 4490 cerussa
636 4435 843 4489 observationes
865 4437 891 4489 in
913 4453 1019 4507 papyro
1041 4437 1151 4490 humida
1172 4437 1206 4489 ob
1227 4452 1333 4500 rorem,
1362 4439 1398 4490 ad
1419 4438 1499 4490 lumen

162 4517 207 4568 rol
228 4518 323 4570 Lunae
345 4517 389 4569 rel
411 4516 543 4569 carbonis.

251 4598 316 4648 Cum
338 4597 375 4649 sit
396 4597 534 4650 anomalia
555 4588 581 4657 J)
605 4592 634 4649 6·
652 4587 684 4648 6⁰
702 4590 758 4658 422
781 4601 825 4648 est
845 4587 1091 4658 semidiameter)
1117 4589 1163 4650 17²
1178 4589 1218 4649 l“
1238 4597 1282 4649 vel
1305 4596 1393 4666 paulo
1414 4594 1498 4663 major.

163 4677 233 4730 Nam
255 4677 276 4728 si
298 4677 457 4730 diametrum
481 4677 507 4730 in
536 4692 663 4747 apogseo
692 4681 843 4731 statuerem
866 4674 912 4731 30‘
935 4673 1000 4740 30”,
1028 4685 1062 4732 ut
1088 4683 1153 4731 ante
1176 4692 1262 4730 annos
1288 4671 1344 4742 12,
1376 4679 1500 4748 perigaes

163 4757 286 4824 prodiret
306 4756 392 4824 major
407 4773 486 4827 quam
510 4755 556 4812 34‘
571 4753 626 4819 8“;
648 4757 759 4810 umbrae
775 4757 974 4813 semidiameter
989 4754 1036 4810 49‘
1046 4753 1095 4813 δ”.
1125 4757 1177 4810 Est
1191 4763 1285 4811 autem
1300 4764 1332 4811 et
1346 4757 1500 4812 distantias

164 4838 233 4889 nodo
255 4829 287 4891 5⁰
306 4833 353 4890 45‘
375 4839 519 4891 secuudum
540 4853 591 4903 me,
613 4843 642 4890 et
662 4837 779 4891 latitudo
801 4839 904 4910 angulo
923 4854 1023 4909 magno
1044 4833 1077 4894 5⁰
1097 4831 1145 4892 18‘
1166 4843 1210 4891 est
1232 4831 1282 4891 31‘
1297 4833 1369 4894 50¹2
1400 4838 1500 4893 smus
