<?xml version="1.0" encoding="UTF-8"?>
<!DOCTYPE html PUBLIC "-//W3C//DTD XHTML 1.0 Transitional//EN"
    "http://www.w3.org/TR/xhtml1/DTD/xhtml1-transitional.dtd">
<html xmlns="http://www.w3.org/1999/xhtml" xml:lang="en" lang="en">
 <head>
  <title>
</title>
<meta http-equiv="Content-Type" content="text/html;charset=utf-8" />
  <meta name='ocr-system' content='tesseract 3.04.00' />
  <meta name='ocr-capabilities' content='ocr_page ocr_carea ocr_par ocr_line ocrx_word'/>
</head>
<body>
  <div class='ocr_page' id='page_1' title='image "./joanniskepleria14frisgoog_0084.png"; bbox 0 0 3354 5504; ppageno 0'>
   <div class='ocr_carea' id='block_1_1' title="bbox 258 250 1189 331">
    <p class='ocr_par' dir='ltr' id='par_1_1' title="bbox 258 250 1189 331">
     <span class='ocr_line' id='line_1_1' title="bbox 258 250 1189 331; baseline 0.001 -28"><span class='ocrx_word' id='word_1_1' title='bbox 258 252 303 321; x_wconf 73' lang='grc'><strong>74</strong></span> <span class='ocrx_word' id='word_1_2' title='bbox 679 253 780 304; x_wconf 82' lang='lat' dir='ltr'><strong>Literae</strong></span> <span class='ocrx_word' id='word_1_3' title='bbox 797 250 899 316; x_wconf 78' lang='lat' dir='ltr'><strong>chIeri</strong></span> <span class='ocrx_word' id='word_1_4' title='bbox 918 251 1189 331; x_wconf 74' lang='lat' dir='ltr'><strong>aliorumque-mutuae</strong></span> 
     </span>
    </p>
   </div>
   <div class='ocr_carea' id='block_1_2' title="bbox 254 428 1605 695">
    <p class='ocr_par' dir='ltr' id='par_1_2' title="bbox 254 428 1605 695">
     <span class='ocr_line' id='line_1_2' title="bbox 255 428 1605 513; baseline -0.002 -17"><span class='ocrx_word' id='word_1_5' title='bbox 255 435 287 496; x_wconf 85' lang='lat' dir='ltr'><strong>io</strong></span> <span class='ocrx_word' id='word_1_6' title='bbox 306 433 439 497; x_wconf 71' lang='lat' dir='ltr'><strong>&#39;arcubus</strong></span> <span class='ocrx_word' id='word_1_7' title='bbox 462 431 530 493; x_wconf 88' lang='lat' dir='ltr'><strong>viae</strong></span> <span class='ocrx_word' id='word_1_8' title='bbox 554 449 626 493; x_wconf 90' lang='lat' dir='ltr'><strong>snae</strong></span> <span class='ocrx_word' id='word_1_9' title='bbox 651 431 837 513; x_wconf 88' lang='lat' dir='ltr'><strong>aequalibus.</strong></span> <span class='ocrx_word' id='word_1_10' title='bbox 876 428 976 500; x_wconf 83' lang='lat' dir='ltr'><strong>Quare</strong></span> <span class='ocrx_word' id='word_1_11' title='bbox 996 428 1049 491; x_wconf 91' lang='lat' dir='ltr'><strong>Sol</strong></span> <span class='ocrx_word' id='word_1_12' title='bbox 1073 429 1190 508; x_wconf 83' lang='lat' dir='ltr'><strong>longius</strong></span> <span class='ocrx_word' id='word_1_13' title='bbox 1214 446 1300 492; x_wconf 88' lang='lat' dir='ltr'><strong>vere</strong></span> <span class='ocrx_word' id='word_1_14' title='bbox 1318 429 1393 502; x_wconf 90' lang='lat' dir='ltr'><strong>(non</strong></span> <span class='ocrx_word' id='word_1_15' title='bbox 1408 432 1605 509; x_wconf 73' lang='lat' dir='ltr'>apparenter)</span> 
     </span>
     <span class='ocr_line' id='line_1_3' title="bbox 255 518 1605 603; baseline -0.004 -18"><span class='ocrx_word' id='word_1_16' title='bbox 255 523 286 585; x_wconf 90' lang='lat' dir='ltr'><strong>in</strong></span> <span class='ocrx_word' id='word_1_17' title='bbox 310 541 444 603; x_wconf 87' lang='lat' dir='ltr'><strong>apogaeo</strong></span> <span class='ocrx_word' id='word_1_18' title='bbox 469 528 601 583; x_wconf 89' lang='lat' dir='ltr'><strong>moratur</strong></span> <span class='ocrx_word' id='word_1_19' title='bbox 625 541 712 602; x_wconf 89' lang='lat' dir='ltr'><strong>quam</strong></span> <span class='ocrx_word' id='word_1_20' title='bbox 736 522 764 580; x_wconf 92' lang='lat' dir='ltr'><strong>iu</strong></span> <span class='ocrx_word' id='word_1_21' title='bbox 784 521 946 598; x_wconf 90' lang='lat' dir='ltr'><strong>perigaeo;</strong></span> <span class='ocrx_word' id='word_1_22' title='bbox 970 520 1009 579; x_wconf 92' lang='lat' dir='ltr'><strong>ad</strong></span> <span class='ocrx_word' id='word_1_23' title='bbox 1024 520 1246 597; x_wconf 88' lang='lat' dir='ltr'><strong>elongationem</strong></span> <span class='ocrx_word' id='word_1_24' title='bbox 1269 518 1360 599; x_wconf 85' lang='lat' dir='ltr'><strong>igitur</strong></span> <span class='ocrx_word' id='word_1_25' title='bbox 1383 518 1505 585; x_wconf 82' lang='lat' dir='ltr'><strong>virtutis</strong></span> <span class='ocrx_word' id='word_1_26' title='bbox 1529 536 1605 582; x_wconf 89' lang='lat' dir='ltr'><strong>oon-</strong></span> 
     </span>
     <span class='ocr_line' id='line_1_4' title="bbox 254 608 1172 695; baseline -0.008 -20"><span class='ocrx_word' id='word_1_27' title='bbox 254 613 350 690; x_wconf 84' lang='lat' dir='ltr'><strong>currit</strong></span> <span class='ocrx_word' id='word_1_28' title='bbox 372 612 499 695; x_wconf 84' lang='lat' dir='ltr'><strong>physica</strong></span> <span class='ocrx_word' id='word_1_29' title='bbox 521 620 552 671; x_wconf 93' lang='lat' dir='ltr'><strong>et</strong></span> <span class='ocrx_word' id='word_1_30' title='bbox 575 611 677 689; x_wconf 90' lang='lat' dir='ltr'><strong>optica</strong></span> <span class='ocrx_word' id='word_1_31' title='bbox 701 630 792 671; x_wconf 89' lang='lat' dir='ltr'><strong>causa</strong></span> <span class='ocrx_word' id='word_1_32' title='bbox 817 608 972 671; x_wconf 80' lang='lat' dir='ltr'>tarditatis</span> <span class='ocrx_word' id='word_1_33' title='bbox 996 617 1104 669; x_wconf 89' lang='lat' dir='ltr'><strong>motus.</strong></span> <span class='ocrx_word' id='word_1_34' title='bbox 1130 639 1172 651; x_wconf 90' lang='lat'><em>-</em></span> 
     </span>
    </p>
   </div>
   <div class='ocr_carea' id='block_1_3' title="bbox 253 713 1605 854">
    <p class='ocr_par' dir='ltr' id='par_1_3' title="bbox 253 713 1605 854">
     <span class='ocr_line' id='line_1_5' title="bbox 345 713 1605 783; baseline -0.004 -15"><span class='ocrx_word' id='word_1_35' title='bbox 345 716 416 769; x_wconf 83' lang='lat' dir='ltr'><strong>Haec</strong></span> <span class='ocrx_word' id='word_1_36' title='bbox 435 725 569 783; x_wconf 83' lang='lat' dir='ltr'><strong>sequnntur</strong></span> <span class='ocrx_word' id='word_1_37' title='bbox 586 718 756 781; x_wconf 74' lang='lat' dir='ltr'><strong>responsiones</strong></span> <span class='ocrx_word' id='word_1_38' title='bbox 774 715 875 778; x_wconf 87' lang='lat' dir='ltr'><strong>Kepleri</strong></span> <span class='ocrx_word' id='word_1_39' title='bbox 895 714 928 763; x_wconf 84' lang='lat' dir='ltr'><strong>ad</strong></span> <span class='ocrx_word' id='word_1_40' title='bbox 951 716 1108 778; x_wconf 79' lang='lat' dir='ltr'><strong>quaestiones</strong></span> <span class='ocrx_word' id='word_1_41' title='bbox 1126 715 1233 764; x_wconf 75' lang='lat' dir='ltr'>Fabricii</span> <span class='ocrx_word' id='word_1_42' title='bbox 1248 713 1444 770; x_wconf 59' lang='lat' dir='ltr'><strong>,dnnbsirnam</strong></span> <span class='ocrx_word' id='word_1_43' title='bbox 1463 728 1527 778; x_wconf 87' lang='lat' dir='ltr'><strong>quas</strong></span> <span class='ocrx_word' id='word_1_44' title='bbox 1544 713 1605 764; x_wconf 82' lang='lat' dir='ltr'><strong>locis</strong></span> 
     </span>
     <span class='ocr_line' id='line_1_6' title="bbox 253 783 1605 854; baseline -0.004 -11"><span class='ocrx_word' id='word_1_45' title='bbox 253 802 331 854; x_wconf 69' lang='lat' dir='ltr'><strong>supra</strong></span> <span class='ocrx_word' id='word_1_46' title='bbox 349 791 434 840; x_wconf 87' lang='lat' dir='ltr'><strong>citatis</strong></span> <span class='ocrx_word' id='word_1_47' title='bbox 452 790 604 840; x_wconf 78' lang='lat' dir='ltr'><strong>inseruimus</strong></span> <span class='ocrx_word' id='word_1_48' title='bbox 630 789 659 838; x_wconf 83' lang='lat' dir='ltr'><strong>In</strong></span> <span class='ocrx_word' id='word_1_49' title='bbox 677 789 726 838; x_wconf 84' lang='lat' dir='ltr'><strong>fine</strong></span> <span class='ocrx_word' id='word_1_50' title='bbox 745 787 864 852; x_wconf 85' lang='lat' dir='ltr'><strong>epistolae</strong></span> <span class='ocrx_word' id='word_1_51' title='bbox 882 785 945 835; x_wconf 89' lang='lat' dir='ltr'><strong>redit</strong></span> <span class='ocrx_word' id='word_1_52' title='bbox 962 786 1085 849; x_wconf 84' lang='lat' dir='ltr'><strong>Keplerus</strong></span> <span class='ocrx_word' id='word_1_53' title='bbox 1104 786 1137 836; x_wconf 89' lang='lat' dir='ltr'><strong>ad</strong></span> <span class='ocrx_word' id='word_1_54' title='bbox 1151 784 1269 841; x_wconf 83' lang='lat' dir='ltr'><strong>Martem.</strong></span> <span class='ocrx_word' id='word_1_55' title='bbox 1287 785 1325 834; x_wconf 85' lang='lat' dir='ltr'><strong>hir</strong></span> <span class='ocrx_word' id='word_1_56' title='bbox 1344 786 1455 835; x_wconf 76' lang='lat' dir='ltr'><strong>Fabricio</strong></span> <span class='ocrx_word' id='word_1_57' title='bbox 1475 783 1520 849; x_wconf 90' lang='lat' dir='ltr'><strong>(ut</strong></span> <span class='ocrx_word' id='word_1_58' title='bbox 1537 786 1605 850; x_wconf 71' lang='lat' dir='ltr'><strong>priua</strong></span> 
     </span>
    </p>
   </div>
   <div class='ocr_carea' id='block_1_4' title="bbox 147 855 1604 929">
    <p class='ocr_par' dir='ltr' id='par_1_4' title="bbox 147 855 1604 929">
     <span class='ocr_line' id='line_1_7' title="bbox 147 855 1604 929; baseline -0.005 -15"><span class='ocrx_word' id='word_1_59' title='bbox 147 902 150 907; x_wconf 85' lang='grc'>.</span> <span class='ocrx_word' id='word_1_60' title='bbox 256 860 371 929; x_wconf 80' lang='lat' dir='ltr'><strong>Magire)</strong></span> <span class='ocrx_word' id='word_1_61' title='bbox 389 862 511 912; x_wconf 86' lang='lat' dir='ltr'><strong>rationem</strong></span> <span class='ocrx_word' id='word_1_62' title='bbox 529 876 600 912; x_wconf 82' lang='lat' dir='ltr'><strong>suum</strong></span> <span class='ocrx_word' id='word_1_63' title='bbox 617 859 766 925; x_wconf 90' lang='lat' dir='ltr'><strong>procedendi</strong></span> <span class='ocrx_word' id='word_1_64' title='bbox 784 859 918 923; x_wconf 83' lang='lat' dir='ltr'><strong>explicans.</strong></span> <span class='ocrx_word' id='word_1_65' title='bbox 948 870 1022 922; x_wconf 87' lang='lat' dir='ltr'><strong>qnam</strong></span> <span class='ocrx_word' id='word_1_66' title='bbox 1040 865 1139 909; x_wconf 82' lang='lat' dir='ltr'><strong>secutus</strong></span> <span class='ocrx_word' id='word_1_67' title='bbox 1157 865 1196 907; x_wconf 88' lang='lat' dir='ltr'><strong>est</strong></span> <span class='ocrx_word' id='word_1_68' title='bbox 1214 856 1274 921; x_wconf 85' lang='lat' dir='ltr'><strong>Cap.</strong></span> <span class='ocrx_word' id='word_1_69' title='bbox 1294 856 1361 907; x_wconf 83' lang='lat' dir='ltr'>XVI.</span> <span class='ocrx_word' id='word_1_70' title='bbox 1382 864 1408 907; x_wconf 91' lang='lat' dir='ltr'><strong>et</strong></span> <span class='ocrx_word' id='word_1_71' title='bbox 1424 855 1503 907; x_wconf 82' lang='lat' dir='ltr'><strong>XLII.</strong></span> <span class='ocrx_word' id='word_1_72' title='bbox 1532 855 1604 906; x_wconf 80' lang='lat' dir='ltr'><strong>Corn·</strong></span> 
     </span>
    </p>
   </div>
   <div class='ocr_carea' id='block_1_5' title="bbox 212 928 1642 4857">
    <p class='ocr_par' dir='ltr' id='par_1_5' title="bbox 256 928 1603 1092">
     <span class='ocr_line' id='line_1_8' title="bbox 256 928 1603 1009; baseline -0.003 -15"><span class='ocrx_word' id='word_1_73' title='bbox 256 949 334 994; x_wconf 77' lang='lat' dir='ltr'><strong>mena</strong></span> <span class='ocrx_word' id='word_1_74' title='bbox 362 941 465 999; x_wconf 74' lang='lat' dir='ltr'><strong>Mnus:</strong></span> <span class='ocrx_word' id='word_1_75' title='bbox 812 929 882 992; x_wconf 88' lang='lat' dir='ltr'><strong>Jam</strong></span> <span class='ocrx_word' id='word_1_76' title='bbox 914 947 1039 1008; x_wconf 89' lang='lat' dir='ltr'><strong>ponam,</strong></span> <span class='ocrx_word' id='word_1_77' title='bbox 1073 948 1148 1009; x_wconf 90' lang='lat' dir='ltr'><strong>quae</strong></span> <span class='ocrx_word' id='word_1_78' title='bbox 1179 929 1237 991; x_wconf 94' lang='lat' dir='ltr'><strong>duo</strong></span> <span class='ocrx_word' id='word_1_79' title='bbox 1270 928 1361 991; x_wconf 89' lang='lat' dir='ltr'><strong>toties</strong></span> <span class='ocrx_word' id='word_1_80' title='bbox 1390 949 1409 991; x_wconf 93' lang='lat' dir='ltr'><strong>a</strong></span> <span class='ocrx_word' id='word_1_81' title='bbox 1435 948 1483 991; x_wconf 90' lang='lat' dir='ltr'><strong>me</strong></span> <span class='ocrx_word' id='word_1_82' title='bbox 1511 928 1603 1009; x_wconf 89' lang='lat' dir='ltr'><strong>petis.</strong></span> 
     </span>
     <span class='ocr_line' id='line_1_9' title="bbox 633 1016 1603 1092; baseline -0.002 -11"><span class='ocrx_word' id='word_1_83' title='bbox 633 1020 637 1027; x_wconf 85' lang='lat'>&#39;</span> <span class='ocrx_word' id='word_1_84' title='bbox 734 1019 784 1082; x_wconf 85' lang='lat' dir='ltr'><strong>Sit</strong></span> <span class='ocrx_word' id='word_1_85' title='bbox 807 1021 838 1081; x_wconf 81' lang='lat' dir='ltr'><strong>A·</strong></span> <span class='ocrx_word' id='word_1_86' title='bbox 860 1017 924 1091; x_wconf 90' lang='lat' dir='ltr'><strong>Sol,</strong></span> <span class='ocrx_word' id='word_1_87' title='bbox 947 1019 973 1079; x_wconf 95' lang='lat' dir='ltr'>B</span> <span class='ocrx_word' id='word_1_88' title='bbox 998 1026 1133 1081; x_wconf 90' lang='lat' dir='ltr'><strong>centrum</strong></span> <span class='ocrx_word' id='word_1_89' title='bbox 1156 1018 1315 1080; x_wconf 87' lang='lat' dir='ltr'><strong>ecceutrici</strong></span> <span class='ocrx_word' id='word_1_90' title='bbox 1336 1017 1454 1092; x_wconf 88' lang='lat' dir='ltr'><strong>Martis,</strong></span> <span class='ocrx_word' id='word_1_91' title='bbox 1481 1016 1505 1081; x_wconf 79' lang='grc' dir='ltr'>Ο</span> <span class='ocrx_word' id='word_1_92' title='bbox 1530 1037 1603 1079; x_wconf 90' lang='lat' dir='ltr'><strong>ceu-</strong></span> 
     </span>
    </p>

    <p class='ocr_par' dir='ltr' id='par_1_6' title="bbox 735 1105 1605 1189">
     <span class='ocr_line' id='line_1_10' title="bbox 735 1105 1605 1189; baseline -0.002 -20"><span class='ocrx_word' id='word_1_93' title='bbox 735 1117 813 1170; x_wconf 90' lang='lat' dir='ltr'><strong>trum</strong></span> <span class='ocrx_word' id='word_1_94' title='bbox 837 1108 1004 1189; x_wconf 80' lang='lat' dir='ltr'><strong>aequantia,</strong></span> <span class='ocrx_word' id='word_1_95' title='bbox 1028 1105 1100 1182; x_wconf 84' lang='lat' dir='ltr'><strong>AG,</strong></span> <span class='ocrx_word' id='word_1_96' title='bbox 1124 1109 1188 1183; x_wconf 87' lang='lat' dir='ltr'><strong>AF,</strong></span> <span class='ocrx_word' id='word_1_97' title='bbox 1214 1109 1279 1182; x_wconf 88' lang='lat' dir='ltr'><strong>AE,</strong></span> <span class='ocrx_word' id='word_1_98' title='bbox 1306 1106 1363 1168; x_wconf 84' lang='lat' dir='ltr'><strong>AD</strong></span> <span class='ocrx_word' id='word_1_99' title='bbox 1387 1115 1514 1188; x_wconf 87' lang='lat' dir='ltr'><strong>quatuor</strong></span> <span class='ocrx_word' id='word_1_100' title='bbox 1536 1107 1605 1169; x_wconf 85' lang='lat' dir='ltr'><strong>loca</strong></span> 
     </span>
    </p>

    <p class='ocr_par' dir='ltr' id='par_1_7' title="bbox 732 1195 1602 1278">
     <span class='ocr_line' id='line_1_11' title="bbox 732 1195 1602 1278; baseline 0.001 -20"><span class='ocrx_word' id='word_1_101' title='bbox 732 1197 843 1259; x_wconf 86' lang='lat' dir='ltr'><strong>Martis</strong></span> <span class='ocrx_word' id='word_1_102' title='bbox 866 1197 895 1257; x_wconf 90' lang='lat' dir='ltr'><strong>in</strong></span> <span class='ocrx_word' id='word_1_103' title='bbox 920 1206 1047 1276; x_wconf 92' lang='lat' dir='ltr'><strong>quatuor</strong></span> <span class='ocrx_word' id='word_1_104' title='bbox 1070 1196 1305 1278; x_wconf 87' lang='lat' dir='ltr'><strong>oppositionibus</strong></span> <span class='ocrx_word' id='word_1_105' title='bbox 1329 1216 1396 1258; x_wconf 89' lang='lat' dir='ltr'><strong>cum</strong></span> <span class='ocrx_word' id='word_1_106' title='bbox 1416 1195 1487 1259; x_wconf 88' lang='lat' dir='ltr'><strong>Sole</strong></span> <span class='ocrx_word' id='word_1_107' title='bbox 1512 1195 1602 1259; x_wconf 86' lang='lat' dir='ltr'><strong>veris.</strong></span> 
     </span>
    </p>

    <p class='ocr_par' dir='ltr' id='par_1_8' title="bbox 730 1285 1604 1369">
     <span class='ocr_line' id='line_1_12' title="bbox 730 1285 1604 1369; baseline -0.001 -22"><span class='ocrx_word' id='word_1_108' title='bbox 730 1286 779 1347; x_wconf 84' lang='lat' dir='ltr'><strong>Ex</strong></span> <span class='ocrx_word' id='word_1_109' title='bbox 803 1286 910 1366; x_wconf 92' lang='lat' dir='ltr'><strong>quibus</strong></span> <span class='ocrx_word' id='word_1_110' title='bbox 935 1287 1043 1349; x_wconf 88' lang='lat' dir='ltr'><strong>dantur</strong></span> <span class='ocrx_word' id='word_1_111' title='bbox 1067 1287 1167 1367; x_wconf 88' lang='lat' dir='ltr'><strong>anguli</strong></span> <span class='ocrx_word' id='word_1_112' title='bbox 1192 1287 1232 1348; x_wconf 92' lang='lat' dir='ltr'><strong>ad</strong></span> <span class='ocrx_word' id='word_1_113' title='bbox 1254 1287 1292 1348; x_wconf 82' lang='lat' dir='ltr'><strong>A.</strong></span> <span class='ocrx_word' id='word_1_114' title='bbox 1334 1285 1446 1365; x_wconf 86' lang='lat' dir='ltr'><strong>Anguli</strong></span> <span class='ocrx_word' id='word_1_115' title='bbox 1469 1302 1540 1347; x_wconf 87' lang='lat' dir='ltr'><strong>vero</strong></span> <span class='ocrx_word' id='word_1_116' title='bbox 1564 1285 1604 1369; x_wconf 85' lang='lat' dir='ltr'><strong>ad</strong></span> 
     </span>
    </p>

    <p class='ocr_par' dir='ltr' id='par_1_9' title="bbox 731 1373 1602 1455">
     <span class='ocr_line' id='line_1_13' title="bbox 731 1373 1602 1455; baseline 0 -18"><span class='ocrx_word' id='word_1_117' title='bbox 731 1373 755 1437; x_wconf 83' lang='lat' dir='ltr'>C</span> <span class='ocrx_word' id='word_1_118' title='bbox 781 1376 891 1455; x_wconf 88' lang='lat' dir='ltr'><strong>dautur</strong></span> <span class='ocrx_word' id='word_1_119' title='bbox 916 1394 953 1437; x_wconf 86' lang='lat' dir='ltr'><strong>ex</strong></span> <span class='ocrx_word' id='word_1_120' title='bbox 975 1384 1079 1439; x_wconf 92' lang='lat' dir='ltr'><strong>mutua</strong></span> <span class='ocrx_word' id='word_1_121' title='bbox 1106 1375 1287 1438; x_wconf 79' lang='lat' dir='ltr'><strong>tractatione</strong></span> <span class='ocrx_word' id='word_1_122' title='bbox 1321 1383 1448 1455; x_wconf 90' lang='lat' dir='ltr'><strong>quatuor</strong></span> <span class='ocrx_word' id='word_1_123' title='bbox 1476 1391 1602 1437; x_wconf 86' lang='lat' dir='ltr'><strong>anoma-</strong></span> 
     </span>
    </p>

    <p class='ocr_par' dir='ltr' id='par_1_10' title="bbox 730 1464 1603 1546">
     <span class='ocr_line' id='line_1_14' title="bbox 730 1464 1603 1546; baseline 0 -20"><span class='ocrx_word' id='word_1_124' title='bbox 730 1465 836 1527; x_wconf 91' lang='lat' dir='ltr'><strong>liarum</strong></span> <span class='ocrx_word' id='word_1_125' title='bbox 861 1484 1000 1528; x_wconf 89' lang='lat' dir='ltr'><strong>verarum</strong></span> <span class='ocrx_word' id='word_1_126' title='bbox 1032 1465 1229 1545; x_wconf 89' lang='lat' dir='ltr'><strong>simplicium,</strong></span> <span class='ocrx_word' id='word_1_127' title='bbox 1262 1464 1446 1544; x_wconf 87' lang='lat' dir='ltr'><strong>temporibus</strong></span> <span class='ocrx_word' id='word_1_128' title='bbox 1473 1482 1603 1546; x_wconf 86' lang='lat' dir='ltr'><strong>respon·</strong></span> 
     </span>
    </p>

    <p class='ocr_par' dir='ltr' id='par_1_11' title="bbox 732 1554 1605 1631">
     <span class='ocr_line' id='line_1_15' title="bbox 732 1554 1605 1631; baseline -0.001 -15"><span class='ocrx_word' id='word_1_129' title='bbox 732 1554 875 1631; x_wconf 90' lang='lat' dir='ltr'><strong>dentium,</strong></span> <span class='ocrx_word' id='word_1_130' title='bbox 900 1555 959 1616; x_wconf 83' lang='lat' dir='ltr'><strong>etei</strong></span> <span class='ocrx_word' id='word_1_131' title='bbox 982 1555 1078 1618; x_wconf 86' lang='lat' dir='ltr'><strong>falsus</strong></span> <span class='ocrx_word' id='word_1_132' title='bbox 1102 1554 1143 1617; x_wconf 88' lang='lat' dir='ltr'><strong>sit</strong></span> <span class='ocrx_word' id='word_1_133' title='bbox 1165 1555 1248 1616; x_wconf 91' lang='lat' dir='ltr'><strong>hisce</strong></span> <span class='ocrx_word' id='word_1_134' title='bbox 1272 1554 1382 1616; x_wconf 90' lang='lat' dir='ltr'><strong>seculis</strong></span> <span class='ocrx_word' id='word_1_135' title='bbox 1405 1562 1505 1616; x_wconf 88' lang='lat' dir='ltr'><strong>motus</strong></span> <span class='ocrx_word' id='word_1_136' title='bbox 1527 1573 1605 1616; x_wconf 91' lang='lat' dir='ltr'><strong>ano-</strong></span> 
     </span>
    </p>

    <p class='ocr_par' dir='ltr' id='par_1_12' title="bbox 519 1643 1604 1735">
     <span class='ocr_line' id='line_1_16' title="bbox 519 1643 1604 1735; baseline 0.001 -32"><span class='ocrx_word' id='word_1_137' title='bbox 519 1695 523 1703; x_wconf 90' lang='lat'>.</span> <span class='ocrx_word' id='word_1_138' title='bbox 611 1669 629 1735; x_wconf 44' lang='grc' dir='ltr'>ζ</span> <span class='ocrx_word' id='word_1_139' title='bbox 733 1643 859 1720; x_wconf 83' lang='lat' dir='ltr'><strong>malias,</strong></span> <span class='ocrx_word' id='word_1_140' title='bbox 891 1645 978 1706; x_wconf 93' lang='lat' dir='ltr'><strong>modo</strong></span> <span class='ocrx_word' id='word_1_141' title='bbox 1007 1664 1077 1707; x_wconf 90' lang='lat' dir='ltr'><strong>vere</strong></span> <span class='ocrx_word' id='word_1_142' title='bbox 1101 1652 1236 1717; x_wconf 89' lang='lat' dir='ltr'><strong>constet,</strong></span> <span class='ocrx_word' id='word_1_143' title='bbox 1265 1652 1298 1706; x_wconf 91' lang='lat' dir='ltr'><strong>ut</strong></span> <span class='ocrx_word' id='word_1_144' title='bbox 1322 1652 1443 1706; x_wconf 91' lang='lat' dir='ltr'><strong>constat</strong></span> <span class='ocrx_word' id='word_1_145' title='bbox 1473 1643 1604 1725; x_wconf 88' lang='lat' dir='ltr'><strong>quidem,</strong></span> 
     </span>
    </p>

    <p class='ocr_par' dir='ltr' id='par_1_13' title="bbox 503 1732 1605 1814">
     <span class='ocr_line' id='line_1_17' title="bbox 503 1732 1605 1814; baseline -0.002 -19"><span class='ocrx_word' id='word_1_146' title='bbox 503 1752 511 1767; x_wconf 64' lang='lat'><strong>⁴¹</strong></span> <span class='ocrx_word' id='word_1_147' title='bbox 591 1737 645 1771; x_wconf 50' lang='lat' dir='ltr'><strong>“ss*</strong></span> <span class='ocrx_word' id='word_1_148' title='bbox 680 1752 699 1807; x_wconf 74' lang='lat' dir='ltr'><strong>q</strong></span> <span class='ocrx_word' id='word_1_149' title='bbox 733 1733 886 1795; x_wconf 84' lang='lat' dir='ltr'><strong>restitutio</strong></span> <span class='ocrx_word' id='word_1_150' title='bbox 909 1733 1028 1813; x_wconf 87' lang='lat' dir='ltr'><strong>integra</strong></span> <span class='ocrx_word' id='word_1_151' title='bbox 1051 1753 1139 1814; x_wconf 91' lang='lat' dir='ltr'><strong>quam</strong></span> <span class='ocrx_word' id='word_1_152' title='bbox 1167 1733 1310 1812; x_wconf 81' lang='lat' dir='ltr'><strong>proxime.</strong></span> <span class='ocrx_word' id='word_1_153' title='bbox 1356 1733 1412 1794; x_wconf 87' lang='lat' dir='ltr'><strong>His</strong></span> <span class='ocrx_word' id='word_1_154' title='bbox 1437 1732 1516 1795; x_wconf 88' lang='lat' dir='ltr'><strong>datis</strong></span> <span class='ocrx_word' id='word_1_155' title='bbox 1539 1733 1605 1813; x_wconf 89' lang='lat' dir='ltr'><strong>pri-.</strong></span> 
     </span>
    </p>

    <p class='ocr_par' dir='ltr' id='par_1_14' title="bbox 733 1821 1605 1905">
     <span class='ocr_line' id='line_1_18' title="bbox 733 1821 1605 1905; baseline 0 -21"><span class='ocrx_word' id='word_1_156' title='bbox 733 1842 812 1884; x_wconf 92' lang='lat' dir='ltr'><strong>mum</strong></span> <span class='ocrx_word' id='word_1_157' title='bbox 835 1840 912 1902; x_wconf 89' lang='lat' dir='ltr'><strong>poue</strong></span> <span class='ocrx_word' id='word_1_158' title='bbox 943 1823 1074 1905; x_wconf 89' lang='lat' dir='ltr'><strong>aliquam</strong></span> <span class='ocrx_word' id='word_1_159' title='bbox 1104 1822 1284 1885; x_wconf 84' lang='lat' dir='ltr'><strong>anomaliam</strong></span> <span class='ocrx_word' id='word_1_160' title='bbox 1311 1841 1364 1902; x_wconf 90' lang='lat' dir='ltr'><strong>pro</strong></span> <span class='ocrx_word' id='word_1_161' title='bbox 1388 1841 1477 1901; x_wconf 84' lang='lat' dir='ltr'><strong>vera,</strong></span> <span class='ocrx_word' id='word_1_162' title='bbox 1507 1830 1540 1883; x_wconf 91' lang='lat' dir='ltr'><strong>et</strong></span> <span class='ocrx_word' id='word_1_163' title='bbox 1563 1821 1605 1884; x_wconf 85' lang='lat' dir='ltr'><strong>sit</strong></span> 
     </span>
    </p>

    <p class='ocr_par' dir='ltr' id='par_1_15' title="bbox 735 1911 1606 1993">
     <span class='ocr_line' id='line_1_19' title="bbox 735 1911 1606 1993; baseline -0.001 -19"><span class='ocrx_word' id='word_1_164' title='bbox 735 1913 788 1974; x_wconf 91' lang='lat' dir='ltr'><strong>illa</strong></span> <span class='ocrx_word' id='word_1_165' title='bbox 811 1931 892 1986; x_wconf 89' lang='lat' dir='ltr'><strong>vera,</strong></span> <span class='ocrx_word' id='word_1_166' title='bbox 918 1930 1005 1991; x_wconf 91' lang='lat' dir='ltr'><strong>quam</strong></span> <span class='ocrx_word' id='word_1_167' title='bbox 1030 1913 1105 1974; x_wconf 89' lang='lat' dir='ltr'><strong>dant</strong></span> <span class='ocrx_word' id='word_1_168' title='bbox 1128 1913 1257 1975; x_wconf 86' lang='lat' dir='ltr'><strong>usitatae</strong></span> <span class='ocrx_word' id='word_1_169' title='bbox 1287 1911 1427 1986; x_wconf 89' lang='lat' dir='ltr'><strong>tabulae;</strong></span> <span class='ocrx_word' id='word_1_170' title='bbox 1455 1918 1606 1993; x_wconf 87' lang='lat' dir='ltr'><strong>ponuntur</strong></span> 
     </span>
    </p>

    <p class='ocr_par' dir='ltr' id='par_1_16' title="bbox 481 1996 1605 2094">
     <span class='ocr_line' id='line_1_20' title="bbox 481 1996 1605 2094; baseline -0.003 -29"><span class='ocrx_word' id='word_1_171' title='bbox 481 2048 494 2094; x_wconf 86' lang='lat'>1</span> <span class='ocrx_word' id='word_1_172' title='bbox 530 2039 552 2081; x_wconf 57' lang='grc' dir='ltr'><strong><em>Β</em></strong></span> <span class='ocrx_word' id='word_1_173' title='bbox 736 2020 807 2081; x_wconf 86' lang='lat' dir='ltr'><strong>ergo</strong></span> <span class='ocrx_word' id='word_1_174' title='bbox 832 2001 932 2080; x_wconf 89' lang='lat' dir='ltr'><strong>anguli</strong></span> <span class='ocrx_word' id='word_1_175' title='bbox 955 1999 1054 2076; x_wconf 83' lang='lat' dir='ltr'>HCF,</span> <span class='ocrx_word' id='word_1_176' title='bbox 1077 1999 1179 2076; x_wconf 82' lang='lat' dir='ltr'>HCG,</span> <span class='ocrx_word' id='word_1_177' title='bbox 1204 1998 1300 2075; x_wconf 82' lang='lat' dir='ltr'>HGD,</span> <span class='ocrx_word' id='word_1_178' title='bbox 1325 1996 1419 2063; x_wconf 80' lang='lat' dir='ltr'><strong>HGE.</strong></span> <span class='ocrx_word' id='word_1_179' title='bbox 1465 1998 1605 2065; x_wconf 89' lang='lat' dir='ltr'><strong>Secundo</strong></span> 
     </span>
    </p>

    <p class='ocr_par' dir='ltr' id='par_1_17' title="bbox 733 2088 1603 2173">
     <span class='ocr_line' id='line_1_21' title="bbox 733 2088 1603 2173; baseline 0.001 -23"><span class='ocrx_word' id='word_1_180' title='bbox 733 2096 809 2173; x_wconf 82' lang='lat' dir='ltr'><strong>p&#39;one</strong></span> <span class='ocrx_word' id='word_1_181' title='bbox 847 2091 968 2169; x_wconf 88' lang='lat' dir='ltr'><strong>aliquod</strong></span> <span class='ocrx_word' id='word_1_182' title='bbox 1007 2110 1172 2170; x_wconf 83' lang='lat' dir='ltr'><strong>apogaeum</strong></span> <span class='ocrx_word' id='word_1_183' title='bbox 1205 2110 1259 2152; x_wconf 87' lang='lat' dir='ltr'><strong>seu</strong></span> <span class='ocrx_word' id='word_1_184' title='bbox 1295 2090 1395 2171; x_wconf 91' lang='lat' dir='ltr'><strong>potius</strong></span> <span class='ocrx_word' id='word_1_185' title='bbox 1436 2088 1603 2170; x_wconf 88' lang='lat' dir='ltr'><strong>aphelium;</strong></span> 
     </span>
    </p>

    <p class='ocr_par' dir='ltr' id='par_1_18' title="bbox 212 2172 1642 4857">
     <span class='ocr_line' id='line_1_22' title="bbox 258 2172 1603 2259; baseline -0.001 -18"><span class='ocrx_word' id='word_1_186' title='bbox 258 2183 387 2259; x_wconf 80' lang='lat' dir='ltr'><strong>ponatur</strong></span> <span class='ocrx_word' id='word_1_187' title='bbox 409 2173 447 2246; x_wconf 81' lang='lat' dir='ltr'><strong>id,</strong></span> <span class='ocrx_word' id='word_1_188' title='bbox 463 2173 571 2256; x_wconf 81' lang='lat' dir='ltr'><strong>primo,</strong></span> <span class='ocrx_word' id='word_1_189' title='bbox 606 2172 685 2254; x_wconf 76' lang='lat' dir='ltr'><strong>quod</strong></span> <span class='ocrx_word' id='word_1_190' title='bbox 714 2181 790 2242; x_wconf 88' lang='lat' dir='ltr'><strong>dant</strong></span> <span class='ocrx_word' id='word_1_191' title='bbox 820 2199 923 2241; x_wconf 87' lang='lat' dir='ltr'><strong>omues</strong></span> <span class='ocrx_word' id='word_1_192' title='bbox 955 2181 1088 2242; x_wconf 88' lang='lat' dir='ltr'><strong>tabulae.</strong></span> <span class='ocrx_word' id='word_1_193' title='bbox 1135 2179 1171 2242; x_wconf 91' lang='lat' dir='ltr'><strong>Io</strong></span> <span class='ocrx_word' id='word_1_194' title='bbox 1200 2179 1359 2259; x_wconf 82' lang='lat' dir='ltr'><strong>triangulis</strong></span> <span class='ocrx_word' id='word_1_195' title='bbox 1389 2178 1481 2257; x_wconf 86' lang='lat' dir='ltr'><strong>igitur</strong></span> <span class='ocrx_word' id='word_1_196' title='bbox 1502 2179 1539 2252; x_wconf 83' lang='lat' dir='ltr'><strong>F,</strong></span> <span class='ocrx_word' id='word_1_197' title='bbox 1564 2177 1603 2253; x_wconf 88' lang='lat' dir='ltr'><strong>G,</strong></span> 
     </span>
     <span class='ocr_line' id='line_1_23' title="bbox 258 2260 1605 2348; baseline 0.001 -19"><span class='ocrx_word' id='word_1_198' title='bbox 258 2266 298 2340; x_wconf 92' lang='lat' dir='ltr'><strong>D,</strong></span> <span class='ocrx_word' id='word_1_199' title='bbox 321 2265 351 2326; x_wconf 77' lang='grc' dir='ltr'>Ε</span> <span class='ocrx_word' id='word_1_200' title='bbox 370 2281 460 2345; x_wconf 76' lang='lat' dir='ltr'><strong>super</strong></span> <span class='ocrx_word' id='word_1_201' title='bbox 483 2263 630 2326; x_wconf 81' lang='lat' dir='ltr'><strong>communi</strong></span> <span class='ocrx_word' id='word_1_202' title='bbox 654 2260 708 2324; x_wconf 77' lang='lat' dir='ltr'><strong>AC</strong></span> <span class='ocrx_word' id='word_1_203' title='bbox 738 2269 890 2332; x_wconf 88' lang='lat' dir='ltr'><strong>stantibus</strong></span> <span class='ocrx_word' id='word_1_204' title='bbox 924 2269 1033 2330; x_wconf 87' lang='lat' dir='ltr'><strong>dantur</strong></span> <span class='ocrx_word' id='word_1_205' title='bbox 1061 2288 1163 2341; x_wconf 85' lang='lat' dir='ltr'><strong>omues</strong></span> <span class='ocrx_word' id='word_1_206' title='bbox 1192 2267 1314 2348; x_wconf 80' lang='lat' dir='ltr'><strong>auguli3</strong></span> <span class='ocrx_word' id='word_1_207' title='bbox 1348 2288 1467 2330; x_wconf 85' lang='lat' dir='ltr'><strong>assume</strong></span> <span class='ocrx_word' id='word_1_208' title='bbox 1490 2266 1549 2331; x_wconf 78' lang='lat' dir='ltr'><strong>Ac</strong></span> <span class='ocrx_word' id='word_1_209' title='bbox 1572 2268 1605 2331; x_wconf 90' lang='lat' dir='ltr'><strong>in</strong></span> 
     </span>
     <span class='ocr_line' id='line_1_24' title="bbox 259 2354 1605 2439; baseline 0.003 -23"><span class='ocrx_word' id='word_1_210' title='bbox 259 2373 431 2436; x_wconf 89' lang='lat' dir='ltr'><strong>quacunque</strong></span> <span class='ocrx_word' id='word_1_211' title='bbox 454 2372 603 2428; x_wconf 83' lang='lat' dir='ltr'><strong>mensura,</strong></span> <span class='ocrx_word' id='word_1_212' title='bbox 626 2358 701 2431; x_wconf 84' lang='lat' dir='ltr'><strong>puta</strong></span> <span class='ocrx_word' id='word_1_213' title='bbox 727 2354 865 2433; x_wconf 81' lang='lat'>100000,</span> <span class='ocrx_word' id='word_1_214' title='bbox 891 2367 924 2420; x_wconf 90' lang='lat' dir='ltr'><strong>et</strong></span> <span class='ocrx_word' id='word_1_215' title='bbox 946 2367 1086 2439; x_wconf 90' lang='lat' dir='ltr'><strong>computa</strong></span> <span class='ocrx_word' id='word_1_216' title='bbox 1108 2359 1207 2420; x_wconf 88' lang='lat' dir='ltr'><strong>latera</strong></span> <span class='ocrx_word' id='word_1_217' title='bbox 1230 2359 1295 2432; x_wconf 83' lang='lat' dir='ltr'><strong>AF,</strong></span> <span class='ocrx_word' id='word_1_218' title='bbox 1319 2358 1387 2433; x_wconf 86' lang='lat' dir='ltr'><strong>AE,</strong></span> <span class='ocrx_word' id='word_1_219' title='bbox 1402 2358 1473 2431; x_wconf 88' lang='lat' dir='ltr'><strong>AD,</strong></span> <span class='ocrx_word' id='word_1_220' title='bbox 1490 2355 1550 2420; x_wconf 79' lang='lat' dir='ltr'><strong>AG</strong></span> <span class='ocrx_word' id='word_1_221' title='bbox 1573 2357 1605 2420; x_wconf 90' lang='lat' dir='ltr'><strong>in</strong></span> 
     </span>
     <span class='ocr_line' id='line_1_25' title="bbox 258 2440 1604 2527; baseline 0.001 -22"><span class='ocrx_word' id='word_1_222' title='bbox 258 2443 451 2527; x_wconf 89' lang='lat' dir='ltr'><strong>proportione</strong></span> <span class='ocrx_word' id='word_1_223' title='bbox 484 2440 549 2504; x_wconf 81' lang='lat' dir='ltr'><strong>Ae.</strong></span> <span class='ocrx_word' id='word_1_224' title='bbox 596 2442 699 2505; x_wconf 89' lang='lat' dir='ltr'><strong>Habes</strong></span> <span class='ocrx_word' id='word_1_225' title='bbox 731 2447 883 2527; x_wconf 69' lang='lat' dir='ltr'><strong>mergula</strong></span> <span class='ocrx_word' id='word_1_226' title='bbox 905 2446 1006 2522; x_wconf 82' lang='grc' dir='ltr'><strong>ΒΑΕ,</strong></span> <span class='ocrx_word' id='word_1_227' title='bbox 1031 2447 1136 2523; x_wconf 83' lang='lat' dir='ltr'>DAG,</span> <span class='ocrx_word' id='word_1_228' title='bbox 1163 2446 1258 2517; x_wconf 83' lang='lat' dir='ltr'><strong>GAF.</strong></span> <span class='ocrx_word' id='word_1_229' title='bbox 1282 2447 1383 2523; x_wconf 84' lang='lat' dir='ltr'><strong>FAE,</strong></span> <span class='ocrx_word' id='word_1_230' title='bbox 1416 2447 1445 2509; x_wconf 92' lang='lat' dir='ltr'><strong>in</strong></span> <span class='ocrx_word' id='word_1_231' title='bbox 1477 2445 1604 2527; x_wconf 87' lang='lat' dir='ltr'><strong>singulis</strong></span> 
     </span>
     <span class='ocr_line' id='line_1_26' title="bbox 259 2533 1604 2618; baseline 0.001 -22"><span class='ocrx_word' id='word_1_232' title='bbox 259 2534 317 2596; x_wconf 93' lang='lat' dir='ltr'><strong>duo</strong></span> <span class='ocrx_word' id='word_1_233' title='bbox 339 2534 437 2595; x_wconf 88' lang='lat' dir='ltr'><strong>latera</strong></span> <span class='ocrx_word' id='word_1_234' title='bbox 460 2551 525 2594; x_wconf 89' lang='lat' dir='ltr'><strong>cum</strong></span> <span class='ocrx_word' id='word_1_235' title='bbox 550 2534 783 2611; x_wconf 91' lang='lat' dir='ltr'><strong>comprehenso;</strong></span> <span class='ocrx_word' id='word_1_236' title='bbox 817 2555 926 2617; x_wconf 89' lang='lat' dir='ltr'><strong>quaere</strong></span> <span class='ocrx_word' id='word_1_237' title='bbox 950 2556 1021 2616; x_wconf 90' lang='lat' dir='ltr'><strong>ergo</strong></span> <span class='ocrx_word' id='word_1_238' title='bbox 1050 2546 1081 2597; x_wconf 92' lang='lat' dir='ltr'><strong>et</strong></span> <span class='ocrx_word' id='word_1_239' title='bbox 1105 2537 1230 2618; x_wconf 84' lang='lat' dir='ltr'><strong>angulos</strong></span> <span class='ocrx_word' id='word_1_240' title='bbox 1260 2537 1297 2596; x_wconf 92' lang='lat' dir='ltr'><strong>ad</strong></span> <span class='ocrx_word' id='word_1_241' title='bbox 1325 2535 1427 2599; x_wconf 87' lang='lat' dir='ltr'><strong>bases.</strong></span> <span class='ocrx_word' id='word_1_242' title='bbox 1475 2533 1604 2606; x_wconf 84' lang='lat' dir='ltr'><strong>Quando</strong></span> 
     </span>
     <span class='ocr_line' id='line_1_27' title="bbox 212 2619 1603 2706; baseline 0.001 -21"><span class='ocrx_word' id='word_1_243' title='bbox 212 2650 216 2663; x_wconf 93' lang='lat'><em>·</em></span> <span class='ocrx_word' id='word_1_244' title='bbox 258 2641 329 2703; x_wconf 88' lang='lat' dir='ltr'><strong>crgo</strong></span> <span class='ocrx_word' id='word_1_245' title='bbox 353 2619 559 2702; x_wconf 82' lang='lat' dir='ltr'><strong>composueris¹</strong></span> <span class='ocrx_word' id='word_1_246' title='bbox 577 2620 672 2698; x_wconf 68' lang='grc' dir='ltr'><strong>ΑΓΘ,</strong></span> <span class='ocrx_word' id='word_1_247' title='bbox 697 2627 790 2699; x_wconf 76' lang='lat' dir='ltr'><strong>AFE,</strong></span> <span class='ocrx_word' id='word_1_248' title='bbox 813 2626 887 2687; x_wconf 91' lang='lat' dir='ltr'><strong>item</strong></span> <span class='ocrx_word' id='word_1_249' title='bbox 910 2624 1007 2700; x_wconf 75' lang='grc' dir='ltr'><strong>ΑΒΕ,</strong></span> <span class='ocrx_word' id='word_1_250' title='bbox 1031 2623 1132 2701; x_wconf 86' lang='lat' dir='ltr'>ADG,</span> <span class='ocrx_word' id='word_1_251' title='bbox 1157 2627 1269 2688; x_wconf 89' lang='lat' dir='ltr'><strong>debent</strong></span> <span class='ocrx_word' id='word_1_252' title='bbox 1292 2625 1321 2703; x_wconf 84' lang='lat' dir='ltr'><strong>hi</strong></span> <span class='ocrx_word' id='word_1_253' title='bbox 1346 2625 1403 2687; x_wconf 91' lang='lat' dir='ltr'><strong>duo</strong></span> <span class='ocrx_word' id='word_1_254' title='bbox 1428 2624 1559 2706; x_wconf 87' lang='lat' dir='ltr'><strong>oppositi</strong></span> <span class='ocrx_word' id='word_1_255' title='bbox 1573 2623 1603 2685; x_wconf 91' lang='lat' dir='ltr'><strong>D</strong></span> 
     </span>
     <span class='ocr_line' id='line_1_28' title="bbox 258 2708 1605 2796; baseline 0.002 -24"><span class='ocrx_word' id='word_1_256' title='bbox 258 2720 290 2774; x_wconf 89' lang='lat' dir='ltr'><strong>et</strong></span> <span class='ocrx_word' id='word_1_257' title='bbox 307 2711 378 2774; x_wconf 89' lang='lat' dir='ltr'><strong>Fin</strong></span> <span class='ocrx_word' id='word_1_258' title='bbox 403 2710 605 2793; x_wconf 84' lang='lat' dir='ltr'><strong>quadrilatero</strong></span> <span class='ocrx_word' id='word_1_259' title='bbox 624 2711 653 2773; x_wconf 94' lang='lat' dir='ltr'><strong>in</strong></span> <span class='ocrx_word' id='word_1_260' title='bbox 668 2714 779 2777; x_wconf 87' lang='lat' dir='ltr'><strong>circuio</strong></span> <span class='ocrx_word' id='word_1_261' title='bbox 798 2715 920 2795; x_wconf 79' lang='lat' dir='ltr'><strong>aequari</strong></span> <span class='ocrx_word' id='word_1_262' title='bbox 944 2708 1079 2777; x_wconf 80' lang='lat' dir='ltr'><strong>2iectis.</strong></span> <span class='ocrx_word' id='word_1_263' title='bbox 1119 2714 1152 2777; x_wconf 92' lang='lat' dir='ltr'><strong>Si</strong></span> <span class='ocrx_word' id='word_1_264' title='bbox 1173 2734 1231 2776; x_wconf 93' lang='lat' dir='ltr'><strong>non</strong></span> <span class='ocrx_word' id='word_1_265' title='bbox 1256 2725 1431 2796; x_wconf 88' lang='lat' dir='ltr'><strong>aequantur,</strong></span> <span class='ocrx_word' id='word_1_266' title='bbox 1457 2714 1605 2776; x_wconf 89' lang='lat' dir='ltr'><strong>mutanda</strong></span> 
     </span>
     <span class='ocr_line' id='line_1_29' title="bbox 259 2799 1604 2885; baseline 0.001 -22"><span class='ocrx_word' id='word_1_267' title='bbox 259 2808 307 2863; x_wconf 85' lang='lat' dir='ltr'><strong>eat</strong></span> <span class='ocrx_word' id='word_1_268' title='bbox 338 2799 448 2880; x_wconf 88' lang='lat' dir='ltr'><strong>positio</strong></span> <span class='ocrx_word' id='word_1_269' title='bbox 478 2800 627 2879; x_wconf 84' lang='lat' dir='ltr'><strong>posterior</strong></span> <span class='ocrx_word' id='word_1_270' title='bbox 659 2805 802 2884; x_wconf 86' lang='lat' dir='ltr'><strong>apogaei‚</strong></span> <span class='ocrx_word' id='word_1_271' title='bbox 836 2812 956 2865; x_wconf 86' lang='lat' dir='ltr'><strong>retenta</strong></span> <span class='ocrx_word' id='word_1_272' title='bbox 987 2803 1138 2883; x_wconf 88' lang='lat' dir='ltr'><strong>positione</strong></span> <span class='ocrx_word' id='word_1_273' title='bbox 1165 2803 1257 2885; x_wconf 89' lang='lat' dir='ltr'><strong>priori</strong></span> <span class='ocrx_word' id='word_1_274' title='bbox 1289 2802 1477 2881; x_wconf 81' lang='lat' dir='ltr'><strong>anomaliae,</strong></span> <span class='ocrx_word' id='word_1_275' title='bbox 1513 2804 1604 2885; x_wconf 88' lang='lat' dir='ltr'><strong>idque</strong></span> 
     </span>
     <span class='ocr_line' id='line_1_30' title="bbox 258 2889 1602 2974; baseline 0.001 -21"><span class='ocrx_word' id='word_1_276' title='bbox 258 2889 426 2953; x_wconf 82' lang='lat' dir='ltr'><strong>iaciendum</strong></span> <span class='ocrx_word' id='word_1_277' title='bbox 445 2889 544 2964; x_wconf 87' lang='lat' dir='ltr'><strong>toties,</strong></span> <span class='ocrx_word' id='word_1_278' title='bbox 571 2889 664 2954; x_wconf 92' lang='lat' dir='ltr'><strong>donec</strong></span> <span class='ocrx_word' id='word_1_279' title='bbox 678 2894 739 2955; x_wconf 91' lang='lat' dir='ltr'><strong>bini</strong></span> <span class='ocrx_word' id='word_1_280' title='bbox 754 2893 885 2973; x_wconf 88' lang='lat' dir='ltr'><strong>oppositi</strong></span> <span class='ocrx_word' id='word_1_281' title='bbox 900 2893 929 2954; x_wconf 91' lang='lat' dir='ltr'><strong>iu</strong></span> <span class='ocrx_word' id='word_1_282' title='bbox 945 2890 1149 2973; x_wconf 87' lang='lat' dir='ltr'><strong>quadrilatero</strong></span> <span class='ocrx_word' id='word_1_283' title='bbox 1173 2904 1340 2974; x_wconf 88' lang='lat' dir='ltr'><strong>aequantur</strong></span> <span class='ocrx_word' id='word_1_284' title='bbox 1358 2894 1474 2956; x_wconf 90' lang='lat' dir='ltr'><strong>duobus</strong></span> <span class='ocrx_word' id='word_1_285' title='bbox 1493 2894 1602 2968; x_wconf 81' lang='lat' dir='ltr'><strong>r&#39;ectia3</strong></span> 
     </span>
     <span class='ocr_line' id='line_1_31' title="bbox 259 2979 1642 3063; baseline 0.001 -20"><span class='ocrx_word' id='word_1_286' title='bbox 259 2989 291 3043; x_wconf 88' lang='lat' dir='ltr'><strong>et</strong></span> <span class='ocrx_word' id='word_1_287' title='bbox 313 2988 383 3041; x_wconf 88' lang='lat' dir='ltr'><strong>tunc</strong></span> <span class='ocrx_word' id='word_1_288' title='bbox 407 2979 483 3054; x_wconf 88' lang='lat' dir='ltr'><strong>scio,</strong></span> <span class='ocrx_word' id='word_1_289' title='bbox 516 2979 595 3059; x_wconf 92' lang='lat' dir='ltr'><strong>quod</strong></span> <span class='ocrx_word' id='word_1_290' title='bbox 623 2982 732 3061; x_wconf 90' lang='lat' dir='ltr'><strong>positio</strong></span> <span class='ocrx_word' id='word_1_291' title='bbox 757 2983 883 3063; x_wconf 86' lang='lat' dir='ltr'><strong>apogaei</strong></span> <span class='ocrx_word' id='word_1_292' title='bbox 916 2982 1031 3061; x_wconf 88' lang='lat' dir='ltr'><strong>(posita</strong></span> <span class='ocrx_word' id='word_1_293' title='bbox 1055 2985 1110 3044; x_wconf 90' lang='lat' dir='ltr'><strong>hac</strong></span> <span class='ocrx_word' id='word_1_294' title='bbox 1135 2983 1286 3045; x_wconf 90' lang='lat' dir='ltr'><strong>anomalia</strong></span> <span class='ocrx_word' id='word_1_295' title='bbox 1317 2983 1431 3056; x_wconf 86' lang='lat' dir='ltr'><strong>media)</strong></span> <span class='ocrx_word' id='word_1_296' title='bbox 1455 3002 1528 3045; x_wconf 85' lang='lat' dir='ltr'><strong>vera</strong></span> <span class='ocrx_word' id='word_1_297' title='bbox 1552 2983 1603 3045; x_wconf 83' lang='lat' dir='ltr'><strong>sit</strong></span> <span class='ocrx_word' id='word_1_298' title='bbox 1637 3047 1642 3053; x_wconf 77' lang='grc'><strong>,</strong></span> 
     </span>
     <span class='ocr_line' id='line_1_32' title="bbox 258 3067 1607 3153; baseline 0 -21"><span class='ocrx_word' id='word_1_299' title='bbox 258 3068 351 3133; x_wconf 90' lang='lat' dir='ltr'><strong>Nulla</strong></span> <span class='ocrx_word' id='word_1_300' title='bbox 374 3077 439 3130; x_wconf 89' lang='lat' dir='ltr'><strong>arte</strong></span> <span class='ocrx_word' id='word_1_301' title='bbox 464 3067 575 3143; x_wconf 84' lang='lat' dir='ltr'><strong>scitur,</strong></span> <span class='ocrx_word' id='word_1_302' title='bbox 607 3069 684 3130; x_wconf 91' lang='lat' dir='ltr'><strong>sitne</strong></span> <span class='ocrx_word' id='word_1_303' title='bbox 717 3071 964 3152; x_wconf 86' lang='lat' dir='ltr'><strong>progrediendum</strong></span> <span class='ocrx_word' id='word_1_304' title='bbox 989 3091 1026 3132; x_wconf 90' lang='lat' dir='ltr'><strong>au</strong></span> <span class='ocrx_word' id='word_1_305' title='bbox 1051 3073 1277 3151; x_wconf 86' lang='lat' dir='ltr'><strong>regrediendum</strong></span> <span class='ocrx_word' id='word_1_306' title='bbox 1309 3092 1458 3152; x_wconf 87' lang='lat' dir='ltr'><strong>apogaeo,</strong></span> <span class='ocrx_word' id='word_1_307' title='bbox 1484 3078 1607 3153; x_wconf 85' lang='lat' dir='ltr'><strong>oportet</strong></span> 
     </span>
     <span class='ocr_line' id='line_1_33' title="bbox 258 3157 1604 3243; baseline 0.001 -23"><span class='ocrx_word' id='word_1_308' title='bbox 258 3158 421 3240; x_wconf 85' lang='lat' dir='ltr'><strong>periculum</strong></span> <span class='ocrx_word' id='word_1_309' title='bbox 445 3157 555 3218; x_wconf 86' lang='lat' dir='ltr'><strong>facere.</strong></span> <span class='ocrx_word' id='word_1_310' title='bbox 602 3158 702 3222; x_wconf 86' lang='lat' dir='ltr'><strong>Semel</strong></span> <span class='ocrx_word' id='word_1_311' title='bbox 726 3171 826 3222; x_wconf 91' lang='lat' dir='ltr'><strong>autem</strong></span> <span class='ocrx_word' id='word_1_312' title='bbox 855 3161 1063 3222; x_wconf 79' lang='lat' dir='ltr'><strong>animadverso</strong></span> <span class='ocrx_word' id='word_1_313' title='bbox 1093 3161 1163 3240; x_wconf 91' lang='lat' dir='ltr'><strong>quid</strong></span> <span class='ocrx_word' id='word_1_314' title='bbox 1190 3162 1362 3240; x_wconf 84' lang='lat' dir='ltr'><strong>proficiatur</strong></span> <span class='ocrx_word' id='word_1_315' title='bbox 1384 3162 1413 3222; x_wconf 91' lang='lat' dir='ltr'><strong>iu</strong></span> <span class='ocrx_word' id='word_1_316' title='bbox 1438 3161 1604 3243; x_wconf 81' lang='lat' dir='ltr'><strong>sequendis</strong></span> 
     </span>
     <span class='ocr_line' id='line_1_34' title="bbox 260 3245 1604 3330; baseline 0 -19"><span class='ocrx_word' id='word_1_317' title='bbox 260 3246 374 3311; x_wconf 91' lang='lat' dir='ltr'><strong>duobus</strong></span> <span class='ocrx_word' id='word_1_318' title='bbox 398 3245 544 3328; x_wconf 87' lang='lat' dir='ltr'><strong>oppositis</strong></span> <span class='ocrx_word' id='word_1_319' title='bbox 569 3249 763 3327; x_wconf 89' lang='lat' dir='ltr'><strong>quadrilateri</strong></span> <span class='ocrx_word' id='word_1_320' title='bbox 785 3269 851 3312; x_wconf 91' lang='lat' dir='ltr'><strong>cum</strong></span> <span class='ocrx_word' id='word_1_321' title='bbox 865 3247 885 3311; x_wconf 83' lang='lat'><strong>2</strong></span> <span class='ocrx_word' id='word_1_322' title='bbox 900 3250 1009 3323; x_wconf 87' lang='lat' dir='ltr'><strong>rectis,</strong></span> <span class='ocrx_word' id='word_1_323' title='bbox 1040 3250 1064 3311; x_wconf 88' lang='lat' dir='ltr'><strong>si</strong></span> <span class='ocrx_word' id='word_1_324' title='bbox 1079 3251 1304 3330; x_wconf 86' lang='lat' dir='ltr'><strong>progrediamur</strong></span> <span class='ocrx_word' id='word_1_325' title='bbox 1327 3251 1375 3313; x_wconf 89' lang='lat' dir='ltr'><strong>vel</strong></span> <span class='ocrx_word' id='word_1_326' title='bbox 1390 3251 1604 3330; x_wconf 84' lang='lat' dir='ltr'><strong>regrediamur,</strong></span> 
     </span>
     <span class='ocr_line' id='line_1_35' title="bbox 260 3335 1605 3423; baseline 0.001 -23"><span class='ocrx_word' id='word_1_327' title='bbox 260 3347 291 3400; x_wconf 88' lang='lat' dir='ltr'><strong>et</strong></span> <span class='ocrx_word' id='word_1_328' title='bbox 314 3344 457 3418; x_wconf 90' lang='lat' dir='ltr'><strong>quantum</strong></span> <span class='ocrx_word' id='word_1_329' title='bbox 481 3335 587 3410; x_wconf 87' lang='lat' dir='ltr'><strong>etiam,</strong></span> <span class='ocrx_word' id='word_1_330' title='bbox 613 3337 678 3423; x_wconf 85' lang='lat' dir='ltr'><strong>jam</strong></span> <span class='ocrx_word' id='word_1_331' title='bbox 703 3339 788 3401; x_wconf 90' lang='lat' dir='ltr'><strong>nobis</strong></span> <span class='ocrx_word' id='word_1_332' title='bbox 813 3339 982 3400; x_wconf 90' lang='lat' dir='ltr'><strong>suntoculi</strong></span> <span class='ocrx_word' id='word_1_333' title='bbox 1011 3340 1108 3418; x_wconf 89' lang='lat' dir='ltr'><strong>aperti</strong></span> <span class='ocrx_word' id='word_1_334' title='bbox 1132 3340 1170 3400; x_wconf 91' lang='lat' dir='ltr'><strong>ad</strong></span> <span class='ocrx_word' id='word_1_335' title='bbox 1192 3340 1455 3421; x_wconf 81' lang='lat' dir='ltr'><strong>proportionaliter</strong></span> <span class='ocrx_word' id='word_1_336' title='bbox 1487 3358 1605 3421; x_wconf 89' lang='lat' dir='ltr'><strong>semper</strong></span> 
     </span>
     <span class='ocr_line' id='line_1_36' title="bbox 259 3425 1606 3509; baseline 0.002 -21"><span class='ocrx_word' id='word_1_337' title='bbox 259 3427 382 3507; x_wconf 89' lang='lat' dir='ltr'><strong>propius</strong></span> <span class='ocrx_word' id='word_1_338' title='bbox 406 3426 619 3488; x_wconf 88' lang='lat' dir='ltr'><strong>accedendum.</strong></span> <span class='ocrx_word' id='word_1_339' title='bbox 667 3425 793 3497; x_wconf 89' lang='lat' dir='ltr'><strong>Quando</strong></span> <span class='ocrx_word' id='word_1_340' title='bbox 819 3447 890 3508; x_wconf 87' lang='lat' dir='ltr'><strong>ergo</strong></span> <span class='ocrx_word' id='word_1_341' title='bbox 913 3427 995 3501; x_wconf 89' lang='lat' dir='ltr'><strong>F,D</strong></span> <span class='ocrx_word' id='word_1_342' title='bbox 1021 3428 1078 3489; x_wconf 91' lang='lat' dir='ltr'><strong>duo</strong></span> <span class='ocrx_word' id='word_1_343' title='bbox 1102 3429 1178 3490; x_wconf 87' lang='lat' dir='ltr'><strong>recti</strong></span> <span class='ocrx_word' id='word_1_344' title='bbox 1201 3439 1280 3504; x_wconf 89' lang='lat' dir='ltr'><strong>sunt,</strong></span> <span class='ocrx_word' id='word_1_345' title='bbox 1306 3431 1334 3491; x_wconf 91' lang='lat' dir='ltr'><strong>h.</strong></span> <span class='ocrx_word' id='word_1_346' title='bbox 1359 3449 1385 3492; x_wconf 92' lang='lat' dir='ltr'><strong>e.</strong></span> <span class='ocrx_word' id='word_1_347' title='bbox 1410 3430 1606 3509; x_wconf 88' lang='lat' dir='ltr'><strong>quandoper</strong></span> 
     </span>
     <span class='ocr_line' id='line_1_37' title="bbox 260 3513 1604 3599; baseline 0.001 -21"><span class='ocrx_word' id='word_1_348' title='bbox 260 3516 421 3578; x_wconf 87' lang='lat' dir='ltr'><strong>motionem</strong></span> <span class='ocrx_word' id='word_1_349' title='bbox 445 3524 475 3575; x_wconf 91' lang='lat' dir='ltr'><strong>et</strong></span> <span class='ocrx_word' id='word_1_350' title='bbox 499 3513 696 3578; x_wconf 82' lang='lat' dir='ltr'><strong>variationem</strong></span> <span class='ocrx_word' id='word_1_351' title='bbox 720 3518 845 3598; x_wconf 86' lang='lat' dir='ltr'><strong>apogaei</strong></span> <span class='ocrx_word' id='word_1_352' title='bbox 869 3517 908 3590; x_wconf 93' lang='lat' dir='ltr'><strong>D,</strong></span> <span class='ocrx_word' id='word_1_353' title='bbox 926 3516 964 3592; x_wconf 86' lang='lat' dir='ltr'><strong>E,</strong></span> <span class='ocrx_word' id='word_1_354' title='bbox 978 3518 1012 3590; x_wconf 86' lang='lat' dir='ltr'><strong>F,</strong></span> <span class='ocrx_word' id='word_1_355' title='bbox 1029 3515 1060 3577; x_wconf 88' lang='lat' dir='ltr'><strong>G</strong></span> <span class='ocrx_word' id='word_1_356' title='bbox 1084 3518 1220 3579; x_wconf 90' lang='lat' dir='ltr'><strong>acumina</strong></span> <span class='ocrx_word' id='word_1_357' title='bbox 1243 3520 1417 3599; x_wconf 86' lang='lat' dir='ltr'><strong>angulorum</strong></span> <span class='ocrx_word' id='word_1_358' title='bbox 1441 3518 1469 3580; x_wconf 91' lang='lat' dir='ltr'><strong>in</strong></span> <span class='ocrx_word' id='word_1_359' title='bbox 1494 3517 1604 3582; x_wconf 87' lang='lat' dir='ltr'><strong>circulo</strong></span> 
     </span>
     <span class='ocr_line' id='line_1_38' title="bbox 261 3603 1604 3687; baseline 0.001 -20"><span class='ocrx_word' id='word_1_360' title='bbox 261 3606 373 3668; x_wconf 84' lang='lat' dir='ltr'><strong>luerint</strong></span> <span class='ocrx_word' id='word_1_361' title='bbox 395 3611 486 3678; x_wconf 88' lang='lat' dir='ltr'><strong>recte,</strong></span> <span class='ocrx_word' id='word_1_362' title='bbox 507 3603 572 3681; x_wconf 88' lang='lat' dir='ltr'><strong>jam</strong></span> <span class='ocrx_word' id='word_1_363' title='bbox 596 3607 795 3669; x_wconf 89' lang='lat' dir='ltr'><strong>accedendum</strong></span> <span class='ocrx_word' id='word_1_364' title='bbox 820 3604 878 3667; x_wconf 91' lang='lat' dir='ltr'><strong>erit</strong></span> <span class='ocrx_word' id='word_1_365' title='bbox 901 3605 940 3666; x_wconf 88' lang='lat' dir='ltr'><strong>ad</strong></span> <span class='ocrx_word' id='word_1_366' title='bbox 962 3606 1148 3685; x_wconf 90' lang='lat' dir='ltr'><strong>probandam</strong></span> <span class='ocrx_word' id='word_1_367' title='bbox 1171 3607 1301 3685; x_wconf 90' lang='lat' dir='ltr'><strong>priorem</strong></span> <span class='ocrx_word' id='word_1_368' title='bbox 1323 3608 1503 3687; x_wconf 89' lang='lat' dir='ltr'><strong>positionem</strong></span> <span class='ocrx_word' id='word_1_369' title='bbox 1527 3627 1604 3670; x_wconf 90' lang='lat' dir='ltr'><strong>ano-</strong></span> 
     </span>
     <span class='ocr_line' id='line_1_39' title="bbox 261 3692 1605 3772; baseline 0.001 -16"><span class='ocrx_word' id='word_1_370' title='bbox 261 3694 371 3756; x_wconf 88' lang='lat' dir='ltr'><strong>maliae</strong></span> <span class='ocrx_word' id='word_1_371' title='bbox 395 3692 549 3772; x_wconf 89' lang='lat' dir='ltr'><strong>simplicis,</strong></span> <span class='ocrx_word' id='word_1_372' title='bbox 574 3713 682 3755; x_wconf 90' lang='lat' dir='ltr'><strong>verane</strong></span> <span class='ocrx_word' id='word_1_373' title='bbox 707 3695 797 3757; x_wconf 87' lang='lat' dir='ltr'><strong>fuerit</strong></span> <span class='ocrx_word' id='word_1_374' title='bbox 820 3716 858 3756; x_wconf 86' lang='lat' dir='ltr'><strong>au</strong></span> <span class='ocrx_word' id='word_1_375' title='bbox 874 3696 961 3769; x_wconf 83' lang='lat' dir='ltr'><strong>falsa,</strong></span> <span class='ocrx_word' id='word_1_376' title='bbox 986 3695 1015 3755; x_wconf 92' lang='lat' dir='ltr'><strong>in</strong></span> <span class='ocrx_word' id='word_1_377' title='bbox 1031 3696 1107 3757; x_wconf 90' lang='lat' dir='ltr'><strong>huuc</strong></span> <span class='ocrx_word' id='word_1_378' title='bbox 1132 3697 1269 3758; x_wconf 90' lang='lat' dir='ltr'><strong>modum:</strong></span> <span class='ocrx_word' id='word_1_379' title='bbox 1294 3697 1323 3758; x_wconf 90' lang='lat' dir='ltr'><strong>in</strong></span> <span class='ocrx_word' id='word_1_380' title='bbox 1338 3701 1374 3765; x_wconf 79' lang='grc' dir='ltr'>Δ</span> <span class='ocrx_word' id='word_1_381' title='bbox 1390 3696 1472 3758; x_wconf 83' lang='lat' dir='ltr'><strong>GFE</strong></span> <span class='ocrx_word' id='word_1_382' title='bbox 1496 3697 1605 3759; x_wconf 90' lang='lat' dir='ltr'><strong>dantur</strong></span> 
     </span>
     <span class='ocr_line' id='line_1_40' title="bbox 260 3782 1606 3867; baseline 0.001 -21"><span class='ocrx_word' id='word_1_383' title='bbox 260 3785 359 3846; x_wconf 89' lang='lat' dir='ltr'><strong>latera</strong></span> <span class='ocrx_word' id='word_1_384' title='bbox 381 3802 448 3844; x_wconf 91' lang='lat' dir='ltr'><strong>cum</strong></span> <span class='ocrx_word' id='word_1_385' title='bbox 470 3783 684 3862; x_wconf 90' lang='lat' dir='ltr'><strong>comprehenso</strong></span> <span class='ocrx_word' id='word_1_386' title='bbox 707 3785 742 3859; x_wconf 86' lang='lat' dir='ltr'><strong>F,</strong></span> <span class='ocrx_word' id='word_1_387' title='bbox 767 3803 876 3864; x_wconf 88' lang='lat' dir='ltr'><strong>quaere</strong></span> <span class='ocrx_word' id='word_1_388' title='bbox 901 3784 985 3845; x_wconf 86' lang='lat' dir='ltr'><strong>basin</strong></span> <span class='ocrx_word' id='word_1_389' title='bbox 1011 3782 1067 3844; x_wconf 85' lang='lat' dir='ltr'><strong>GE</strong></span> <span class='ocrx_word' id='word_1_390' title='bbox 1091 3805 1159 3846; x_wconf 88' lang='lat' dir='ltr'><strong>curu</strong></span> <span class='ocrx_word' id='word_1_391' title='bbox 1181 3786 1297 3866; x_wconf 84' lang='lat' dir='ltr'><strong>angulis</strong></span> <span class='ocrx_word' id='word_1_392' title='bbox 1321 3785 1549 3867; x_wconf 87' lang='lat' dir='ltr'><strong>adjacentibus;</strong></span> <span class='ocrx_word' id='word_1_393' title='bbox 1574 3795 1606 3847; x_wconf 93' lang='lat' dir='ltr'><strong>et</strong></span> 
     </span>
     <span class='ocr_line' id='line_1_41' title="bbox 262 3870 1604 3954; baseline 0.001 -19"><span class='ocrx_word' id='word_1_394' title='bbox 262 3892 328 3935; x_wconf 91' lang='lat' dir='ltr'><strong>cum</strong></span> <span class='ocrx_word' id='word_1_395' title='bbox 351 3872 428 3941; x_wconf 89' lang='lat' dir='ltr'><strong>scis,</strong></span> <span class='ocrx_word' id='word_1_396' title='bbox 453 3871 532 3954; x_wconf 92' lang='lat' dir='ltr'><strong>quod</strong></span> <span class='ocrx_word' id='word_1_397' title='bbox 556 3870 640 3934; x_wconf 86' lang='lat' dir='ltr'><strong>GBE</strong></span> <span class='ocrx_word' id='word_1_398' title='bbox 663 3872 711 3940; x_wconf 77' lang='lat' dir='ltr'><strong>sit,</strong></span> <span class='ocrx_word' id='word_1_399' title='bbox 727 3874 833 3954; x_wconf 87' lang='lat' dir='ltr'><strong>duplus</strong></span> <span class='ocrx_word' id='word_1_400' title='bbox 857 3874 896 3934; x_wconf 90' lang='lat' dir='ltr'><strong>ad</strong></span> <span class='ocrx_word' id='word_1_401' title='bbox 921 3871 1020 3948; x_wconf 79' lang='lat' dir='ltr'><strong>GFE,</strong></span> <span class='ocrx_word' id='word_1_402' title='bbox 1046 3875 1117 3953; x_wconf 90' lang='lat' dir='ltr'><strong>quia</strong></span> <span class='ocrx_word' id='word_1_403' title='bbox 1139 3874 1169 3935; x_wconf 90' lang='lat' dir='ltr'><strong>iu</strong></span> <span class='ocrx_word' id='word_1_404' title='bbox 1193 3883 1314 3944; x_wconf 90' lang='lat' dir='ltr'><strong>centro,</strong></span> <span class='ocrx_word' id='word_1_405' title='bbox 1346 3895 1417 3954; x_wconf 91' lang='lat' dir='ltr'><strong>ergo</strong></span> <span class='ocrx_word' id='word_1_406' title='bbox 1441 3875 1552 3938; x_wconf 90' lang='lat' dir='ltr'><strong>dautur</strong></span> <span class='ocrx_word' id='word_1_407' title='bbox 1575 3875 1604 3936; x_wconf 92' lang='lat' dir='ltr'><strong>in</strong></span> 
     </span>
     <span class='ocr_line' id='line_1_42' title="bbox 261 3960 1603 4045; baseline 0.001 -20"><span class='ocrx_word' id='word_1_408' title='bbox 261 3960 361 4039; x_wconf 80' lang='lat' dir='ltr'><strong>GBE,</strong></span> <span class='ocrx_word' id='word_1_409' title='bbox 386 3962 542 4024; x_wconf 81' lang='lat' dir='ltr'><strong>exlatere</strong></span> <span class='ocrx_word' id='word_1_410' title='bbox 571 3970 603 4023; x_wconf 90' lang='lat' dir='ltr'><strong>et</strong></span> <span class='ocrx_word' id='word_1_411' title='bbox 631 3963 750 4042; x_wconf 89' lang='lat' dir='ltr'><strong>angulis</strong></span> <span class='ocrx_word' id='word_1_412' title='bbox 778 3982 846 4024; x_wconf 91' lang='lat' dir='ltr'><strong>crus</strong></span> <span class='ocrx_word' id='word_1_413' title='bbox 878 3961 933 4023; x_wconf 91' lang='lat' dir='ltr'><strong>GB</strong></span> <span class='ocrx_word' id='word_1_414' title='bbox 958 3962 1004 4022; x_wconf 85' lang='lat' dir='ltr'><strong>vel</strong></span> <span class='ocrx_word' id='word_1_415' title='bbox 1028 3962 1081 4024; x_wconf 84' lang='lat' dir='ltr'><strong>BE</strong></span> <span class='ocrx_word' id='word_1_416' title='bbox 1106 3963 1243 4043; x_wconf 91' lang='lat' dir='ltr'><strong>aequalia</strong></span> <span class='ocrx_word' id='word_1_417' title='bbox 1266 3964 1295 4025; x_wconf 93' lang='lat' dir='ltr'><strong>in</strong></span> <span class='ocrx_word' id='word_1_418' title='bbox 1319 3965 1511 4045; x_wconf 87' lang='lat' dir='ltr'><strong>proportione</strong></span> <span class='ocrx_word' id='word_1_419' title='bbox 1536 3963 1603 4038; x_wconf 81' lang='lat' dir='ltr'><strong>Ao,</strong></span> 
     </span>
     <span class='ocr_line' id='line_1_43' title="bbox 262 4032 1605 4134; baseline 0.001 -21"><span class='ocrx_word' id='word_1_420' title='bbox 262 4053 339 4133; x_wconf 89' lang='lat' dir='ltr'><strong>quod</strong></span> <span class='ocrx_word' id='word_1_421' title='bbox 363 4071 459 4114; x_wconf 76' lang='lat' dir='ltr'><strong>serva.</strong></span> <span class='ocrx_word' id='word_1_422' title='bbox 506 4049 634 4112; x_wconf 87' lang='lat' dir='ltr'><strong>Rursum</strong></span> <span class='ocrx_word' id='word_1_423' title='bbox 659 4052 687 4112; x_wconf 92' lang='lat' dir='ltr'><strong>in</strong></span> <span class='ocrx_word' id='word_1_424' title='bbox 713 4056 748 4120; x_wconf 76' lang='grc' dir='ltr'>Δ</span> <span class='ocrx_word' id='word_1_425' title='bbox 774 4048 861 4112; x_wconf 86' lang='lat' dir='ltr'><strong>GAE</strong></span> <span class='ocrx_word' id='word_1_426' title='bbox 885 4071 921 4111; x_wconf 82' lang='lat' dir='ltr'><strong>ex</strong></span> <span class='ocrx_word' id='word_1_427' title='bbox 947 4032 1031 4112; x_wconf 79' lang='lat' dir='ltr'><strong>GAi</strong></span> <span class='ocrx_word' id='word_1_428' title='bbox 1054 4062 1085 4112; x_wconf 90' lang='lat' dir='ltr'><strong>et</strong></span> <span class='ocrx_word' id='word_1_429' title='bbox 1108 4052 1190 4113; x_wconf 65' lang='grc' dir='ltr'><strong>ΒΑΕ</strong></span> <span class='ocrx_word' id='word_1_430' title='bbox 1222 4053 1332 4133; x_wconf 86' lang='lat' dir='ltr'><strong>junctis</strong></span> <span class='ocrx_word' id='word_1_431' title='bbox 1366 4055 1456 4116; x_wconf 91' lang='lat' dir='ltr'><strong>datur</strong></span> <span class='ocrx_word' id='word_1_432' title='bbox 1478 4054 1605 4134; x_wconf 83' lang='lat' dir='ltr'><strong>angulus</strong></span> 
     </span>
     <span class='ocr_line' id='line_1_44' title="bbox 261 4138 1604 4225; baseline -0.001 -19"><span class='ocrx_word' id='word_1_433' title='bbox 261 4139 359 4212; x_wconf 87' lang='lat' dir='ltr'>GAE,</span> <span class='ocrx_word' id='word_1_434' title='bbox 382 4149 415 4202; x_wconf 90' lang='lat' dir='ltr'><strong>et</strong></span> <span class='ocrx_word' id='word_1_435' title='bbox 439 4142 536 4202; x_wconf 86' lang='lat' dir='ltr'><strong>latera</strong></span> <span class='ocrx_word' id='word_1_436' title='bbox 551 4140 615 4214; x_wconf 83' lang='grc' dir='ltr'><strong>ΑΕ,</strong></span> <span class='ocrx_word' id='word_1_437' title='bbox 633 4139 695 4202; x_wconf 87' lang='lat' dir='ltr'><strong>AG</strong></span> <span class='ocrx_word' id='word_1_438' title='bbox 719 4140 886 4215; x_wconf 88' lang='lat' dir='ltr'><strong>dabantur;</strong></span> <span class='ocrx_word' id='word_1_439' title='bbox 911 4142 998 4207; x_wconf 89' lang='lat' dir='ltr'><strong>ruodo</strong></span> <span class='ocrx_word' id='word_1_440' title='bbox 1024 4148 1054 4201; x_wconf 87' lang='lat' dir='ltr'><strong>et</strong></span> <span class='ocrx_word' id='word_1_441' title='bbox 1071 4138 1127 4202; x_wconf 84' lang='lat' dir='ltr'><strong>GE</strong></span> <span class='ocrx_word' id='word_1_442' title='bbox 1152 4141 1288 4217; x_wconf 89' lang='lat' dir='ltr'><strong>dabatur,</strong></span> <span class='ocrx_word' id='word_1_443' title='bbox 1313 4143 1484 4224; x_wconf 89' lang='lat' dir='ltr'><strong>poterisque</strong></span> <span class='ocrx_word' id='word_1_444' title='bbox 1508 4162 1604 4225; x_wconf 85' lang='lat' dir='ltr'><strong>quae-</strong></span> 
     </span>
     <span class='ocr_line' id='line_1_45' title="bbox 260 4228 1603 4313; baseline -0.002 -18"><span class='ocrx_word' id='word_1_445' title='bbox 260 4251 327 4295; x_wconf 88' lang='lat' dir='ltr'><strong>rere</strong></span> <span class='ocrx_word' id='word_1_446' title='bbox 351 4238 474 4313; x_wconf 88' lang='lat' dir='ltr'><strong>propter</strong></span> <span class='ocrx_word' id='word_1_447' title='bbox 496 4248 672 4290; x_wconf 82' lang='lat' dir='ltr'><strong>consensum</strong></span> <span class='ocrx_word' id='word_1_448' title='bbox 697 4250 734 4291; x_wconf 86' lang='lat' dir='ltr'><strong>ex</strong></span> <span class='ocrx_word' id='word_1_449' title='bbox 759 4228 828 4308; x_wconf 84' lang='lat' dir='ltr'><strong>GA,</strong></span> <span class='ocrx_word' id='word_1_450' title='bbox 844 4228 910 4292; x_wconf 85' lang='grc' dir='ltr'><strong>ΑΕ.</strong></span> <span class='ocrx_word' id='word_1_451' title='bbox 948 4229 1065 4290; x_wconf 89' lang='lat' dir='ltr'><strong>Dantur</strong></span> <span class='ocrx_word' id='word_1_452' title='bbox 1088 4229 1155 4291; x_wconf 90' lang='lat' dir='ltr'><strong>hinc</strong></span> <span class='ocrx_word' id='word_1_453' title='bbox 1180 4241 1210 4293; x_wconf 89' lang='lat' dir='ltr'><strong>et</strong></span> <span class='ocrx_word' id='word_1_454' title='bbox 1233 4230 1331 4305; x_wconf 74' lang='grc' dir='ltr'><strong>ΑΘΕ,</strong></span> <span class='ocrx_word' id='word_1_455' title='bbox 1357 4242 1389 4293; x_wconf 88' lang='lat' dir='ltr'><strong>et</strong></span> <span class='ocrx_word' id='word_1_456' title='bbox 1411 4232 1493 4312; x_wconf 88' lang='lat' dir='ltr'><strong>prius</strong></span> <span class='ocrx_word' id='word_1_457' title='bbox 1507 4230 1603 4306; x_wconf 83' lang='lat' dir='ltr'>BGE,</span> 
     </span>
     <span class='ocr_line' id='line_1_46' title="bbox 259 4310 1604 4403; baseline -0.001 -19"><span class='ocrx_word' id='word_1_458' title='bbox 259 4322 386 4403; x_wconf 87' lang='lat' dir='ltr'><strong>junctim</strong></span> <span class='ocrx_word' id='word_1_459' title='bbox 410 4310 590 4398; x_wconf 71' lang='lat' dir='ltr'><strong>ergo&#39;BGA</strong></span> <span class='ocrx_word' id='word_1_460' title='bbox 616 4320 734 4396; x_wconf 86' lang='lat' dir='ltr'><strong>(potest</strong></span> <span class='ocrx_word' id='word_1_461' title='bbox 766 4339 832 4380; x_wconf 88' lang='lat' dir='ltr'><strong>esse</strong></span> <span class='ocrx_word' id='word_1_462' title='bbox 864 4339 972 4390; x_wconf 81' lang='lat' dir='ltr'><strong>casus,</strong></span> <span class='ocrx_word' id='word_1_463' title='bbox 1004 4327 1037 4378; x_wconf 86' lang='lat' dir='ltr'><strong>ut</strong></span> <span class='ocrx_word' id='word_1_464' title='bbox 1069 4321 1263 4382; x_wconf 87' lang='lat' dir='ltr'><strong>subtrahendi</strong></span> <span class='ocrx_word' id='word_1_465' title='bbox 1295 4315 1420 4394; x_wconf 83' lang='lat' dir='ltr'><strong>siut¹¹).</strong></span> <span class='ocrx_word' id='word_1_466' title='bbox 1467 4322 1550 4400; x_wconf 83' lang='lat' dir='ltr'><strong>Ergo</strong></span> <span class='ocrx_word' id='word_1_467' title='bbox 1573 4321 1604 4382; x_wconf 91' lang='lat' dir='ltr'><strong>iu</strong></span> 
     </span>
     <span class='ocr_line' id='line_1_47' title="bbox 260 4401 1604 4488; baseline -0.001 -15"><span class='ocrx_word' id='word_1_468' title='bbox 260 4409 393 4481; x_wconf 68' lang='lat' dir='ltr'>ABGA</span> <span class='ocrx_word' id='word_1_469' title='bbox 412 4410 521 4471; x_wconf 88' lang='lat' dir='ltr'><strong>dantur</strong></span> <span class='ocrx_word' id='word_1_470' title='bbox 534 4404 602 4481; x_wconf 86' lang='lat' dir='ltr'><strong>BG,</strong></span> <span class='ocrx_word' id='word_1_471' title='bbox 620 4406 689 4480; x_wconf 86' lang='lat' dir='ltr'><strong>GA,</strong></span> <span class='ocrx_word' id='word_1_472' title='bbox 709 4401 855 4482; x_wconf 69' lang='lat' dir='ltr'>ABGA,</span> <span class='ocrx_word' id='word_1_473' title='bbox 877 4408 1029 4488; x_wconf 89' lang='lat' dir='ltr'><strong>quaeritur</strong></span> <span class='ocrx_word' id='word_1_474' title='bbox 1043 4409 1108 4484; x_wconf 71' lang='lat' dir='ltr'><strong>BA,</strong></span> <span class='ocrx_word' id='word_1_475' title='bbox 1129 4419 1160 4470; x_wconf 88' lang='lat' dir='ltr'><strong>et</strong></span> <span class='ocrx_word' id='word_1_476' title='bbox 1175 4409 1271 4473; x_wconf 85' lang='lat' dir='ltr'><strong>GAB.</strong></span> <span class='ocrx_word' id='word_1_477' title='bbox 1310 4411 1483 4472; x_wconf 89' lang='lat' dir='ltr'><strong>Ponebatnr</strong></span> <span class='ocrx_word' id='word_1_478' title='bbox 1502 4414 1604 4472; x_wconf 83' lang='lat' dir='ltr'><strong>autem</strong></span> 
     </span>
     <span class='ocr_line' id='line_1_48' title="bbox 261 4495 1604 4582; baseline -0.003 -17"><span class='ocrx_word' id='word_1_479' title='bbox 261 4508 292 4565; x_wconf 88' lang='lat' dir='ltr'><strong>et</strong></span> <span class='ocrx_word' id='word_1_480' title='bbox 309 4497 519 4561; x_wconf 84' lang='lat' dir='ltr'><strong>verificabatur</strong></span> <span class='ocrx_word' id='word_1_481' title='bbox 532 4496 615 4575; x_wconf 91' lang='lat' dir='ltr'><strong>prius</strong></span> <span class='ocrx_word' id='word_1_482' title='bbox 635 4495 737 4571; x_wconf 61' lang='lat' dir='ltr'><strong>Gelo·</strong></span> <span class='ocrx_word' id='word_1_483' title='bbox 749 4497 839 4559; x_wconf 87' lang='lat' dir='ltr'><strong>GAH</strong></span> <span class='ocrx_word' id='word_1_484' title='bbox 853 4516 890 4558; x_wconf 81' lang='lat' dir='ltr'><strong>ex</strong></span> <span class='ocrx_word' id='word_1_485' title='bbox 903 4515 1046 4577; x_wconf 86' lang='lat' dir='ltr'><strong>apogaeo‚</strong></span> <span class='ocrx_word' id='word_1_486' title='bbox 1065 4509 1110 4560; x_wconf 86' lang='lat' dir='ltr'><strong>est</strong></span> <span class='ocrx_word' id='word_1_487' title='bbox 1126 4519 1153 4561; x_wconf 94' lang='lat' dir='ltr'><strong>n.</strong></span> <span class='ocrx_word' id='word_1_488' title='bbox 1168 4500 1317 4561; x_wconf 88' lang='lat' dir='ltr'><strong>anomalia</strong></span> <span class='ocrx_word' id='word_1_489' title='bbox 1332 4509 1499 4579; x_wconf 86' lang='lat' dir='ltr'><strong>coaequata</strong></span> <span class='ocrx_word' id='word_1_490' title='bbox 1517 4501 1604 4582; x_wconf 89' lang='lat' dir='ltr'><strong>hujus</strong></span> 
     </span>
     <span class='ocr_line' id='line_1_49' title="bbox 259 4585 1602 4672; baseline -0.001 -18"><span class='ocrx_word' id='word_1_491' title='bbox 259 4591 329 4654; x_wconf 90' lang='lat' dir='ltr'><strong>loci.</strong></span> <span class='ocrx_word' id='word_1_492' title='bbox 368 4588 402 4651; x_wconf 86' lang='lat' dir='ltr'><strong>Si</strong></span> <span class='ocrx_word' id='word_1_493' title='bbox 425 4606 497 4667; x_wconf 88' lang='lat' dir='ltr'><strong>ergo</strong></span> <span class='ocrx_word' id='word_1_494' title='bbox 520 4585 608 4647; x_wconf 86' lang='lat' dir='ltr'><strong>EAH</strong></span> <span class='ocrx_word' id='word_1_495' title='bbox 631 4593 662 4646; x_wconf 90' lang='lat' dir='ltr'><strong>et</strong></span> <span class='ocrx_word' id='word_1_496' title='bbox 684 4586 767 4648; x_wconf 85' lang='lat' dir='ltr'><strong>EAB</strong></span> <span class='ocrx_word' id='word_1_497' title='bbox 794 4588 944 4668; x_wconf 88' lang='lat' dir='ltr'><strong>aequales,</strong></span> <span class='ocrx_word' id='word_1_498' title='bbox 969 4586 1124 4648; x_wconf 87' lang='lat' dir='ltr'><strong>verificata</strong></span> <span class='ocrx_word' id='word_1_499' title='bbox 1146 4599 1193 4650; x_wconf 87' lang='lat' dir='ltr'><strong>est</strong></span> <span class='ocrx_word' id='word_1_500' title='bbox 1217 4588 1325 4669; x_wconf 83' lang='lat' dir='ltr'><strong>positio</strong></span> <span class='ocrx_word' id='word_1_501' title='bbox 1348 4589 1446 4669; x_wconf 90' lang='lat' dir='ltr'><strong>prima</strong></span> <span class='ocrx_word' id='word_1_502' title='bbox 1469 4608 1602 4672; x_wconf 84' lang='lat' dir='ltr'><strong>qucque;</strong></span> 
     </span>
     <span class='ocr_line' id='line_1_50' title="bbox 262 4673 1603 4758; baseline -0.002 -16"><span class='ocrx_word' id='word_1_503' title='bbox 262 4680 359 4742; x_wconf 83' lang='lat' dir='ltr'><strong>etsie</strong></span> <span class='ocrx_word' id='word_1_504' title='bbox 381 4696 479 4758; x_wconf 87' lang='lat' dir='ltr'><strong>porro.</strong></span> <span class='ocrx_word' id='word_1_505' title='bbox 527 4673 709 4749; x_wconf 79' lang='lat' dir='ltr'><strong>Sirmium,</strong></span> <span class='ocrx_word' id='word_1_506' title='bbox 735 4694 752 4736; x_wconf 95' lang='lat' dir='ltr'><strong>o</strong></span> <span class='ocrx_word' id='word_1_507' title='bbox 776 4676 941 4756; x_wconf 88' lang='lat' dir='ltr'><strong>improbum</strong></span> <span class='ocrx_word' id='word_1_508' title='bbox 964 4676 1110 4751; x_wconf 89' lang='lat' dir='ltr'><strong>laborem,</strong></span> <span class='ocrx_word' id='word_1_509' title='bbox 1135 4686 1205 4739; x_wconf 88' lang='lat' dir='ltr'><strong>tnnc</strong></span> <span class='ocrx_word' id='word_1_510' title='bbox 1229 4687 1348 4757; x_wconf 87' lang='lat' dir='ltr'><strong>oportet</strong></span> <span class='ocrx_word' id='word_1_511' title='bbox 1371 4699 1480 4742; x_wconf 86' lang='lat' dir='ltr'><strong>novam</strong></span> <span class='ocrx_word' id='word_1_512' title='bbox 1504 4682 1603 4743; x_wconf 85' lang='lat' dir='ltr'><strong>iacere</strong></span> 
     </span>
     <span class='ocr_line' id='line_1_51' title="bbox 260 4763 1603 4857; baseline 0.001 -24"><span class='ocrx_word' id='word_1_513' title='bbox 260 4767 441 4857; x_wconf 83' lang='lat' dir='ltr'><strong>positionem</strong></span> <span class='ocrx_word' id='word_1_514' title='bbox 456 4766 511 4829; x_wconf 78' lang='lat' dir='ltr'><strong>dcc.</strong></span> <span class='ocrx_word' id='word_1_515' title='bbox 528 4795 569 4808; x_wconf 92' lang='lat'>-</span> <span class='ocrx_word' id='word_1_516' title='bbox 593 4763 652 4827; x_wconf 88' lang='lat' dir='ltr'><strong>Ubi</strong></span> <span class='ocrx_word' id='word_1_517' title='bbox 666 4782 721 4846; x_wconf 88' lang='lat' dir='ltr'><strong>per</strong></span> <span class='ocrx_word' id='word_1_518' title='bbox 740 4767 901 4829; x_wconf 85' lang='lat' dir='ltr'><strong>secundam</strong></span> <span class='ocrx_word' id='word_1_519' title='bbox 923 4766 1102 4848; x_wconf 88' lang='lat' dir='ltr'><strong>positionem</strong></span> <span class='ocrx_word' id='word_1_520' title='bbox 1125 4767 1232 4830; x_wconf 88' lang='lat' dir='ltr'><strong>iterum</strong></span> <span class='ocrx_word' id='word_1_521' title='bbox 1248 4767 1389 4832; x_wconf 85' lang='lat' dir='ltr'><strong>adfinem</strong></span> <span class='ocrx_word' id='word_1_522' title='bbox 1404 4777 1452 4832; x_wconf 87' lang='lat' dir='ltr'><strong>est</strong></span> <span class='ocrx_word' id='word_1_523' title='bbox 1470 4778 1603 4849; x_wconf 74' lang='lat' dir='ltr'><strong>centurn,</strong></span> 
     </span>
    </p>
   </div>
   <div class='ocr_carea' id='block_1_6' title="bbox 0 0 1683 5504">
    <p class='ocr_par' dir='ltr' id='par_1_19' title="bbox 0 0 1683 5504">
     <span class='ocr_line' id='line_1_52' title="bbox 0 0 1683 5504; baseline 0 0"><span class='ocrx_word' id='word_1_524' title='bbox 0 0 1683 5504; x_wconf 95' lang='lat' dir='ltr'><strong> </strong></span> 
     </span>
    </p>
   </div>
  </div>
 </body>
</html>
