3354 5504
158 278 224 351 Μ
523 285 564 338 Do
580 284 689 339 Motibus
707 284 800 339 Stellas
817 282 914 339 uuas.
950 284 1012 338 Pan
1030 283 1156 340 smus

159 461 249 525 heile
268 462 380 545 possit,
403 483 470 528 oum
493 463 719 561 ohservationes
742 474 905 549 usurpatae
927 485 987 529 non
1006 466 1142 530 insidant
1156 465 1187 530 in
1201 464 1326 550 apsidas
1340 419 1373 529 et
1387 469 1511 548 quum

159 558 344 636 octavusque
366 560 542 636 temporum.

546 783 749 851 Conclusio
781 788 964 851 secundae
994 787 1123 869 partis.

249 911 406 975 Hactenus
432 910 536 994 itaque
566 912 705 976 traducta
728 911 786 975 fnit
806 911 984 994 hypothesis
1006 911 1122 994 primae
1144 911 1354 995 inaequalitati
1378 910 1511 976 servieus

161 999 207 1075 (in
221 1021 280 1083 qua
292 1001 412 1064 Braheo
430 1020 497 1064 eum
513 1000 681 1082 Gopemioo
701 1002 856 1080 convenit;
879 1002 997 1084 utrique
1011 1020 1084 1063 vero
1100 1001 1235 1064 nonnihil
1250 1002 1281 1064 in
1297 1003 1395 1065 forma
1408 997 1511 1155 aa

161 1091 277 1152 iemaeo
291 1091 488 1167 dissentiunt)
506 1091 636 1154 emedio
652 1099 735 1154 motu
745 1091 838 1166 Solis,
857 1110 944 1173 quem
960 1109 1064 1154 omnes
1077 1097 1142 1154 tres
1155 1098 1295 1154 auctores
1314 1089 1428 1154 adhibu

162 1179 201 1242 ad
224 1187 418 1261 apparentem
439 1186 552 1244 motum
575 1180 667 1245 Solis.
706 1181 823 1244 Deinde
846 1188 999 1243 ostensum
1023 1187 1081 1255 est,
1105 1179 1169 1242 sive
1187 1187 1384 1262 apparentem
1398 1182 1511 1244 hrotam

162 1269 246 1332 Solis
275 1274 308 1333 et
332 1268 515 1353 hypothesin
542 1289 610 1350 esp.
633 1270 721 1334 XVL
749 1271 904 1332 inventam
931 1288 1105 1351 sequamur,
1143 1270 1208 1331 sive
1240 1270 1370 1333 mediu'm
1401 1275 1511 1333 motum

163 1357 249 1423 Solis
274 1364 309 1423 et
327 1358 510 1443 hypothesin
534 1378 598 1441 cap.
623 1360 711 1423 VIII.
734 1379 773 1422 ex
795 1359 985 1422 restitutione
1007 1358 1121 1421 Brahei
1143 1359 1348 1440 propositam,
1376 1360 1511 1442 utrinque

162 1445 248 1531 sequi
269 1446 366 1513 falsus
388 1447 551 1513 distantias
573 1449 714 1529 planetae
739 1471 758 1511 a
780 1440 1511 1528 censo'seu801is(copemicoetssraheo)seu

164 1536 267 1601 mundi
281 1536 496 1614 (Ptolemaeo).
529 1539 636 1620 Itaque
659 1559 735 1622 quae
757 1538 841 1619 prins
858 1538 1123 1601 aedificaveramus
1139 1556 1177 1600 ex
1191 1538 1359 1602 observatis
1375 1537 1511 1602 Bruma

163 1624 221 1703 nis,
243 1627 395 1707 posterius
417 1646 457 1689 ex
478 1626 549 1690 aliis
571 1627 705 1708 ejusdem
728 1629 899 1691 observatis
920 1645 1038 1690 rursum
1060 1625 1279 1691 destruximus:
1303 1628 1384 1710 quod
1406 1644 1511 1691 umes

166 1714 248 1779 sario
270 1716 357 1779 nohis
380 1716 516 1798 contigit,
539 1718 708 1797 probabilia
729 1717 874 1781 nonnulla
896 1716 950 1780 sed
971 1735 1005 1779 re
1028 1733 1101 1780 vera
1123 1717 1203 1780 falsa
1226 1716 1412 1791 (imitatione
1431 1716 1511 1799 prio·

162 1823 228 1868 rum
251 1805 414 1881 artificum)
437 1804 559 1869 secutis.

253 1895 404 1958 Tantum
432 1894 574 1977 quidem
606 1916 737 1978 operae
767 1897 891 1959 datum
914 1900 974 1957 est
999 1894 1207 1957 imitationi
1239 1893 1321 1957 huic
1354 1892 1511 1974 priorum

164 1982 364 2060 artificum,
389 2004 457 2065 qua
480 1986 674 2049 secundam
695 1986 787 2050 hano
803 1983 1155 2051 Commentariorum
1168 1992 1311 2064 partem
1325 1980 1510 2048 oonaludo'.
