3354 5504
175 322 241 403 '094
325 380 342 401 ,
715 332 983 385 nazarenos

176 514 367 577 Ptolemaeus
390 512 465 573 illud
488 511 705 592 aequinoctium
729 514 921 584 autumnale,
953 511 1031 592 quod
1054 509 1181 588 contigit
1203 507 1256 572 32.
1281 510 1395 572 tertiae
1419 508 1518 590 Calip-

175 604 280 685 picae,
303 602 351 663 die
374 598 405 662 2.
429 598 661 680 Epagomenon,
685 603 819 664 conterat
843 602 872 662 iu
899 597 971 663 178.
995 599 1100 661 mortis
1122 598 1310 673 Alexandri,
1334 619 1405 661 cnm
1427 608 1520 660 tamen

176 692 216 754 ad
239 689 446 769 complendum
474 688 533 752 177
558 691 596 750 ab
620 691 735 769 epocha
762 688 811 752 12.
835 691 913 751 Nov.
939 697 1132 768 superessent
1154 688 1213 748 duo
1235 708 1314 768 pene
1338 689 1419 749 dies.
1461 688 1519 751 Nec

175 792 278 862 potest
309 778 390 852 dici,
423 780 544 838 vernale
576 779 791 858 praecessisse.
843 780 924 841 Nam
953 779 1022 856 quia
1052 777 1122 837 anni
1149 775 1300 856 Caiippici
1333 776 1521 856 incipiunta

177 869 328 942 solstitio,
358 866 387 927 iu
411 886 447 928 eo
471 868 563 945 igitur
585 886 663 928 auno
686 869 840 948 praecedit
862 867 1051 927 autumnale:
1081 880 1237 945 utrumque
1262 876 1366 926 autem
1390 867 1521 946 assignat

177 958 273 1021 eidem
296 952 349 1019 32.
366 975 454 1018 auno.
491 956 557 1018 Hoc
575 976 663 1017 nuum
679 968 737 1019 est.
771 957 886 1019 Deinde
910 956 937 1017 si
956 956 1031 1016 haec
1045 955 1089 1015 ita
1106 954 1250 1028 habeant,
1273 956 1414 1037 equid·
1427 956 1520 1017 Alba·

177 1048 297 1127 teguius
319 1044 351 1106 in
379 1044 540 1107 intervallo
568 1045 646 1106 inter
669 1046 874 1106 Ptolemaeum
904 1058 936 1104 et
962 1064 996 1104 se
1025 1042 1182 1105 erraverit.
1226 1045 1427 1105 Ptolemaeus
1448 1044 1521 1105 euim

178 1154 287 1197 annum
300 1133 508 1197 Nabonassari
523 1134 626 1206 tradit,
640 1134 844 1214 Albategnius
856 1135 877 1197 J
880 1135 1009 1195 ulianum
1023 1151 1077 1193 seu
1090 1131 1238 1212 tropicum
1253 1133 1411 1213 intelligit.
1442 1131 1523 1205 Quos

176 1224 268 1307 igitur
281 1223 333 1284 ille
344 1218 409 1285 743
418 1232 581 1301 computat,
596 1223 639 1282 illi
656 1243 687 1283 re
702 1242 773 1284 vera
784 1220 848 1286 744
859 1233 938 1286 sunt
962 1221 997 1282 ld
1012 1221 1090 1282 euim
1099 1222 1344 1284 animadvertens
1356 1222 1523 1302 Buutingus

177 1312 281 1376 nescio
303 1310 374 1392 quid
397 1309 481 1372 dicit.
520 1308 581 1371 Sed
605 1329 643 1370 ex
666 1311 731 1390 ejus
750 1310 1022 1393 computationibus
1045 1313 1119 1391 (qua
1133 1329 1166 1371 re
1184 1311 1256 1373 mni
1277 1320 1443 1391 pergratus
1464 1313 1524 1384 est)

178 1408 322 1482 apparet,
351 1398 550 1460 Beiuholdum
572 1400 757 1479 Albategnio
780 1401 841 1461 vim
863 1400 992 1473 secisse,
1020 1400 1106 1480 quasi
1132 1396 1216 1462 1206
1244 1409 1276 1460 et
1303 1396 1390 1463 1194
1412 1400 1524 1463 intelli-

178 1490 266 1571 gendi
289 1500 393 1550 esseut
417 1487 472 1548 hoc
496 1489 561 1549 loco
585 1489 622 1548 de
646 1489 825 1571 Aegyptiis:
858 1508 924 1550 cnm
947 1497 1047 1549 tamen
1072 1508 1108 1548 eo
1131 1488 1198 1567 ipso
1221 1509 1301 1550 anno
1322 1488 1449 1551 Juliauo
1471 1508 1524 1550 nou

178 1577 368 1660 Aegyptiace
396 1576 522 1656 eclipsin
551 1578 697 1638 collocet:
732 1597 808 1658 quae
841 1576 998 1645 character
1026 1584 1074 1637 est
1101 1577 1307 1639 irrefutabilis.
1353 1578 1442 1639 Haec
1463 1597 1525 1639 mea

178 1666 337 1731 ratiocinia
356 1665 383 1727 si
402 1665 589 1727 admittenda
603 1685 720 1741 censes;
742 1677 870 1746 possunt
892 1667 922 1728 io
945 1667 1076 1727 futurum
1099 1685 1167 1727 esse
1184 1667 1283 1729 utilia.
1318 1667 1405 1730 Anni
1427 1675 1524 1729 tamen

179 1756 333 1839 quaodtas
355 1772 414 1816 nou
437 1754 533 1815 multo
560 1753 661 1833 prodit
688 1755 758 1816 alia.
805 1754 1008 1835 Albateguius
1035 1754 1114 1816 euim
1140 1755 1232 1816 babet
1255 1756 1285 1816 b.
1309 1754 1341 1819 5.
1365 1752 1422 1819 46‘
1445 1752 1524 1829 24”;

179 1852 332 1908 correctus
355 1842 384 1904 b.
408 1840 440 1906 5.
464 1839 519 1906 tb‘
542 1839 619 1917 56¹2
642 1843 739 1905 adhuc
763 1843 881 1905 brevior
903 1864 956 1924 per
978 1841 1042 1906 28¹0
1066 1843 1167 1905 borae.

267 1933 316 1997 De
342 1932 422 1994 aeris
450 1932 599 2012 Alpbousi
632 1933 749 2011 gratias
781 1952 839 2013 ago
870 1934 947 2014 quod
976 1932 1128 1994 monuisti
1177 1932 1258 1996 Nam
1286 1934 1316 1994 in
1348 1935 1389 1995 iis
1418 1933 1523 1996 tabulis

179 2040 284 2105 parurn
300 2031 439 2083 versatus
454 2040 531 2093 sum,
555 2038 622 2082 cum
643 2021 676 2083 id
700 2042 756 2083 non
782 2026 859 2082 terat
881 2041 975 2095 usus;
999 2021 1073 2083 illud
1093 2043 1113 2081 a
1127 2022 1269 2104 Tpcbone
1293 2023 1395 2085 solum
1417 2022 1521 2094 audivi,

178 2110 378 2176 consulendas
402 2110 472 2172 olim
494 2110 575 2181 illas,
598 2129 674 2191 quae
698 2111 918 2191 aequinoctium
939 2111 1106 2190 praebeant
1126 2130 1181 2172 suo
1199 2112 1353 2190 Alphonsi
1375 2121 1521 2195 tempore;

179 2219 238 2263 non
261 2219 295 2263 se
318 2199 465 2272 dubitare,
489 2198 557 2278 quin
579 2199 798 2279 aequinoctium
811 2199 1039 2261 observaverint
1062 2200 1147 2281 eique
1168 2199 1290 2261 tabulas
1314 2211 1521 2281 superstruxe-

179 2290 249 2352 rint.
285 2288 332 2350 De
355 2299 455 2349 cetero
478 2305 537 2348 non
560 2287 654 2348 molta
678 2288 760 2349 lacta
782 2298 830 2349 est
852 2308 962 2371 earum,
977 2288 1098 2351 mentio.
1141 2288 1297 2351 Leovitius
1321 2291 1413 2353 nobis
1434 2290 1520 2351 vicen

180 2397 282 2440 earum
305 2375 458 2454 supplevit
479 2384 512 2436 ut
534 2375 701 2454 plurimum.
745 2376 825 2438 lllud
849 2377 878 2439 in
901 2396 1011 2457 genere
1034 2377 1148 2440 monuit
1169 2378 1373 2454 Reinboldus,
1394 2380 1454 2442 line
1474 2398 1520 2438 ca-

180 2485 290 2530 nonum
317 2482 404 2526 aeras
426 2463 576 2544 Alpbousi
605 2485 624 2526 a
653 2484 725 2526 vera
757 2466 883 2527 historia
915 2467 1016 2529 multis
1049 2466 1078 2527 in
1110 2467 1247 2546 partibus
1275 2469 1440 2547 plurimum
1465 2468 1520 2528 dis

183 2572 317 2617 creare.

234 2573 412 2709 pCeterum
441 2640 472 2703 io
504 2641 698 2722 sequentibus
729 2641 886 2704 ridiculum
917 2643 989 2704 mihi
1019 2642 1171 2723 negotium
1199 2644 1325 2706 exhibet
1351 2643 1520 2725 Magnitudo

183 2730 267 2807 Tua,
291 2732 360 2793 dum
383 2749 430 2793 me
449 2730 535 2810 jubet
558 2729 705 2811 principia
727 2730 897 2792 defendere.
934 2732 1060 2813 Scilicet
1081 2750 1185 2795 omues
1199 2732 1370 2796 Ptolemaei
1389 2731 1520 2797 ethal·

183 2820 325 2885 dacorum
347 2818 572 2882 observationes
596 2828 685 2881 eruut
706 2819 827 2894 dubiae,
856 2820 882 2881 si
905 2818 1050 2890 eviceris,
1082 2821 1225 2901 quosdam
1247 2822 1416 2886 historicos
1437 2840 1520 2886 anuos

182 2898 287 2993 regunt
314 2909 369 2971 sub
397 2908 503 2990 quibus
535 2908 733 2970 observarunt
760 2909 848 2970 aliter
871 2928 1035 2971 numerare.
1082 2908 1171 2983 Scio,
1202 2930 1261 2973 uon
1283 2920 1317 2974 te
1339 2913 1387 2976 ita
1408 2912 1517 2982 notite,

184 3002 237 3064 sod
260 2999 319 3061 mei
342 2998 477 3059 motandi
501 2998 600 3077 gratia
624 2997 773 3070 scribere;
797 2997 851 3058 sed
873 2998 942 3078 quia
962 3017 1138 3078 responsum
1161 3018 1268 3078 urges.
1290 3001 1459 3082 parendum
1478 3006 1518 3061 est

183 3097 325 3169 tanquam
348 3085 378 3147 iu
401 3104 433 3147 re
456 3085 545 3147 seria.
590 3085 698 3147 Dicam
719 3085 845 3164 primurn
868 3104 922 3165 pro
944 3087 1142 3162 astronomia,
1171 3088 1278 3150 deinde
1302 3108 1359 3170 pro
1382 3088 1515 3153 historiis

184 3176 371 3258 Quamquam
399 3193 453 3255 pro
482 3177 668 3236 astronomia
694 3192 784 3252 supra
813 3174 894 3249 dixi,
927 3195 993 3238 curn
1024 3175 1108 3237 illam
1136 3186 1216 3238 tuam
1248 3178 1469 3242 dubitationem
1487 3175 1518 3236 de

185 3262 404 3346 antiquissimis
427 3261 597 3324 monarchis
620 3272 691 3325 ante
713 3262 917 3325 Alexandrum
939 3272 1104 3343 tangerem.
1141 3314 1149 3333 .

273 3353 331 3415 Hic
358 3353 423 3433 jam
454 3352 549 3413 multo
582 3351 751 3433 aequiorem
782 3352 879 3414 habeo
911 3372 1041 3414 causam.
1088 3352 1187 3433 Supra
1214 3355 1254 3416 de
1287 3375 1402 3438 mmo
1430 3356 1516 3435 aliquo

187 3462 331 3506 sonorum
354 3459 476 3503 numero
501 3441 537 3502 lis
561 3448 635 3514 erat,
655 3440 719 3520 jam
742 3441 779 3502 de
802 3460 858 3503 uno
882 3461 960 3502 auno
978 3442 1245 3525 irnperiiAdriaui,
1269 3445 1408 3527 lhajani,
1430 3448 1517 3509 Anto

188 3533 261 3606 uini,
283 3529 459 3604 Domitiani,
482 3537 514 3590 et
537 3529 574 3590 ad
598 3548 742 3590 summum
766 3531 803 3590 de
827 3529 945 3592 biennio
968 3531 996 3591 in
1016 3532 1102 3593 annis
1117 3532 1221 3594 mortis
1234 3534 1408 3600 Alexandri
1422 3536 1518 3617 sgitun

157 3628 162 3635 '
187 3620 273 3686 Nihil
296 3620 371 3683 baec
394 3618 664 3699 disceptatiuncula
687 3618 760 3679 lacit
783 3619 822 3679 ad
844 3619 977 3681 incertas
1001 3620 1153 3682 iaciendas
1176 3620 1419 3689 observationes.
1462 3621 1518 3685 Ob·

190 3709 376 3771 sacrationes
398 3709 429 3769 in
452 3708 620 3770 universum
642 3705 700 3768 hae
724 3717 812 3768 sunt:
842 3708 1035 3788 aequinoctii,
1065 3709 1222 3786 Mercurii,
1245 3712 1395 3790 Veneris,
1417 3702 1521 3779 tuns.

191 3798 354 3881 eclipsibus.
396 3795 448 3858 Sic
471 3796 636 3859 deliniendo
659 3795 840 3876 aequinoctii
863 3814 941 3857 anno
963 3796 1154 3860 Ptolemaeus
1177 3800 1363 3865 mentionem
1385 3798 1521 3880 Principe

191 3887 320 3950 Romani
351 3887 449 3967 potuit
481 3884 618 3946 omittere
630 3903 640 3958 5
673 3885 779 3946 sufficit
805 3893 839 3945 ut
865 3884 1044 3948 indicaverit
1069 3889 1283 3953 connexionem
1313 3910 1384 3955 cum
1410 3888 1521 3974 periodo

195 3974 359 4057 calippica.
405 3976 438 4035 lo
462 3974 517 4035 bac
545 3973 726 4037 connexione
754 3974 849 4035 falsus
877 3991 935 4033 non
959 3974 1023 4035 tuit.
1068 3974 1182 4038 Eadem
1213 3979 1291 4041 euim
1319 3980 1428 4057 Luna,
1456 3994 1521 4063 quse

195 4063 322 4145 Calippo
351 4084 421 4125 suas
449 4062 600 4143 periodos,
631 4061 804 4122 Ptolemaeo
835 4079 918 4136 suam
942 4081 961 4122 a
984 4061 1148 4144 Calippiois
1176 4063 1359 4133 distantiam
1381 4067 1520 4151 mutent

194 4155 259 4219 Nec
283 4153 397 4214 difficile
422 4160 511 4231 caput
535 4150 665 4210 invenire
688 4151 819 4230 periodi:
844 4170 904 4211 non
927 4152 1085 4231 quotannis
1107 4153 1292 4219 novilunium
1313 4156 1346 4221 in
1372 4153 1413 4223 1'
1432 4170 1464 4227 ο
1482 4156 1522 4217 in·

197 4241 277 4303 cidit.
324 4242 359 4302 ln
383 4241 500 4300 Venere
523 4250 554 4299 et
576 4239 737 4312 Mercurio,
763 4239 789 4300 si
813 4258 895 4300 error
918 4239 948 4300 in
971 4259 1113 4303 annorum
1135 4242 1197 4305 illic
1220 4241 1256 4319 8,
1280 4245 1330 4310 bic
1358 4245 1400 4314 13
1423 4260 1522 4312 sums

198 4329 417 4402 committatur,
450 4336 563 4388 tantum
597 4327 766 4388 observatio
798 4328 966 4402 aberravit,
1000 4337 1142 4409 quantum
1167 4332 1292 4412 planeta
1318 4336 1361 4399 ad
1392 4349 1522 4401 muman

197 4416 286 4482 biduo
310 4417 436 4480 conficit.
480 4417 560 4480 Nam
582 4424 652 4495 post
674 4412 811 4478 8'annos
835 4417 952 4491 Venus,
975 4410 1046 4498 post
1071 4416 1110 4483 13
1133 4421 1301 4486 Mercurius
1323 4424 1522 4509 propemodum

200 4506 303 4569 eodem
330 4507 529 4569 revolvuntur.
574 4507 619 4565 At
645 4513 678 4565 tn
708 4505 925 4584 praesupponis
956 4507 1042 4568 unius
1075 4509 1182 4571 saltem
1209 4513 1281 4575 anni
1309 4523 1367 4578 aut
1394 4527 1521 4580 summun

200 4594 310 4658 biennii
333 4612 471 4658 errorem.
517 4590 617 4662 Quare
641 4593 904 4673 impossibile·est,
929 4595 1072 4658 stannus
1096 4598 1317 4665 observationis
1342 4607 1520 4670 sanim,

201 4692 317 4746 utnon
339 4691 425 4745 tauta
448 4683 490 4744 sit
511 4682 698 4743 dissonantia
720 4681 937 4744 observationis
960 4703 1024 4746 eum
1049 4686 1228 4751 coelestibus
1244 4693 1403 4772 motibus,
1429 4690 1520 4771 vulg!-

202 4771 276 4835 riter
298 4773 405 4834 saltem
427 4779 459 4831 et
480 4789 584 4833 crassa
605 4770 743 4832 Minerva
765 4770 903 4851 cognitis,
926 4781 1068 4853 quantam
1089 4772 1138 4838 vel
1155 4795 1265 4843 coecus
1282 4782 1412 4864 palpare
1431 4777 1519 4864 possit

204 4858 292 4925 atos
306 4860 383 4942 quod
397 4867 503 4922 uenus
515 4859 618 4921 harum
633 4859 873 4922 observationum
888 4859 1023 4924 solitudo
1037 4864 1166 4943 ponitur,
1189 4868 1245 4931 sed
1267 4868 1315 4933 illi
1339 4872 1423 4937 loeus
1438 4876 1520 4935 certo
