3354 5504
165 262 230 334 tra
756 266 917 339 mppnsla.

163 449 247 530 eique
270 445 373 528 puncti
397 448 484 511 modo
508 449 665 529 objicitur,
695 469 731 511 ac
755 452 780 512 si
804 452 1001 533 quantitatem
1025 451 1112 533 hujus
1136 451 1213 513 situs
1234 456 1375 532 respectu
1400 450 1507 515 nullam

163 538 329 600 obtineret:
355 538 432 621 quod
455 538 498 613 fit,
522 539 548 600 si
571 539 625 602 Sol
648 541 762 602 medias
785 543 887 603 Lunae
911 541 1113 622 longitudines
1129 541 1273 603 obtineat.
1328 540 1398 612 Qua
1421 542 1510 622 igitur

167 646 307 696 mensura
334 636 475 707 punctum
497 627 554 690 hoc
578 628 728 691 enascitur
751 630 780 691 in
805 630 936 706 lineam,
955 619 1071 692 'eadem
1093 648 1149 709 par
1172 636 1221 691 est
1242 648 1381 692 crescere
1405 638 1438 693 et
1459 651 1509 693 ec-

165 716 384 778 oentricitatem
403 725 432 778 et
457 719 663 796 aequationes.
709 719 770 781 Sed
794 719 823 780 in
848 720 964 782 sinuum
987 718 1177 801 proportione
1201 720 1235 781 fit
1257 718 1344 795 illud,
1368 740 1460 802 quare
1480 730 1510 782 et

163 807 220 867 hoc
243 805 271 867 in
294 807 486 885 proportione
510 807 627 869 sinuum
649 807 812 871 distantiae
835 809 917 871 Solis
941 831 960 870 a
982 809 1090 870 rnediis
1113 807 1350 887 longitudinssrus
1375 825 1509 872 crescere

163 913 287 957 necesse
311 902 367 956 εει.
485 932 488 939 ·

254 982 452 1062 Transegisse
475 985 546 1046 mihi
571 985 694 1048 videbar
716 986 800 1047 hisce
823 987 867 1047 sic
890 985 1072 1048 constitutis.
1109 986 1155 1049 At
1165 994 1275 1066 postea
1289 1005 1336 1047 me
1352 987 1508 1069 deceptum

161 1073 307 1148 intellexi,
331 1073 459 1134 nondum
483 1075 590 1155 quippe
614 1082 799 1137 transactum
823 1076 940 1137 eratin
965 1076 1103 1138 solidunt.
1148 1074 1228 1136 Nam
1250 1094 1305 1155 per
1319 1076 1377 1138 has
1392 1077 1510 1157 quidem

163 1171 311 1225 extremas
335 1163 461 1241 apogaei
483 1164 587 1226 Lunae
611 1163 800 1226 habitudines
823 1165 861 1226 ad
877 1165 981 1227 Solem
1003 1165 1150 1242 integmm
1170 1163 1322 1240 luitmibi,
1347 1166 1509 1228 secundam

163 1253 242 1315 hauc
264 1252 510 1332 inaequalitatem
525 1255 628 1315 Lunae
652 1254 689 1315 ab
713 1272 847 1333 apogaeo
872 1254 1006 1333 ejusdem
1029 1253 1169 1334 incipere,
1194 1260 1284 1335 atque
1308 1254 1352 1316 sic
1375 1262 1509 1318 tantum-

162 1342 251 1404 modo
274 1358 363 1403 unam
386 1350 418 1402 et
440 1342 564 1404 eandem
588 1342 729 1403 virtutem
752 1343 952 1422 magneticam
975 1344 1005 1403 iu
1028 1360 1152 1423 corpore
1174 1344 1279 1405 Lunae
1301 1362 1432 1425 ponere,
1458 1346 1508 1407 sed

165 1450 230 1493 eam
253 1437 362 1515 postea
385 1430 538 1511 intendere
562 1440 615 1493 aut
635 1432 804 1503 remittere;
837 1440 926 1513 atque
951 1432 1100 1510 ingenium
1124 1431 1189 1509 ejus
1212 1432 1273 1492 tale
1298 1439 1365 1507 est,
1404 1434 1509 1496 obser-

163 1519 335 1582 vationibus
358 1520 555 1594 testantibus,
584 1529 617 1582 ut
640 1543 658 1580 a
676 1521 761 1583 linea
784 1539 837 1600 per
860 1519 962 1583 Solem
986 1528 1018 1581 et
1040 1521 1177 1595 Terram,
1202 1520 1320 1582 scilicet
1342 1543 1362 1582 a
1384 1523 1508 1601 capolia,

98 1675 105 1690 ‚
151 1610 295 1696 incipiat.
341 1608 420 1673 Fieri
445 1611 523 1671 enim
545 1618 649 1690 potest
671 1628 723 1688 per
747 1610 822 1671 alios
846 1611 922 1671 situs
954 1608 1081 1689 apogaei
1104 1609 1142 1669 ad
1166 1607 1282 1685 Solem,
1306 1619 1341 1671 ut
1364 1612 1448 1674 nulla
1470 1613 1507 1675 sit

165 1698 305 1779 aequatio
336 1698 476 1760 secunda.
491 1701 577 1761 Luna
600 1706 687 1759 extra
710 1717 876 1778 apogaeum
899 1708 1059 1772 versante,
1093 1717 1135 1759 sc.
1160 1717 1226 1760 cum
1250 1699 1352 1765 estin
1377 1702 1503 1782 copulis:

163 1797 195 1851 et
218 1787 351 1850 vicissim
375 1787 501 1862 accidit,
525 1796 558 1849 nt
580 1788 668 1850 Luna
690 1787 719 1849 in
743 1804 877 1867 apogaeo
900 1797 935 1847 et
955 1787 1096 1867 perigaeo
1119 1805 1244 1848 versans
1268 1789 1383 1851 habeat
1407 1799 1501 1852 tamen

110 1888 113 1894 “
163 1878 295 1958 aliquam
318 1876 525 1957 aequationem
550 1879 726 1938 secundam:
753 1878 829 1956 quod
850 1876 1107 1938 evidentissimum
1122 1885 1189 1937 erat
1208 1886 1428 1957 argumentum,
1452 1899 1502 1941 nou

162 1987 265 2036 uuam,
295 1968 347 2027 sed
378 1966 453 2028 duas
477 1967 505 2027 in
525 1967 612 2028 Luna
635 1964 704 2027 esse'
729 1967 857 2027 virtutes
885 1967 1088 2045 magneticas,
1119 1983 1242 2045 quarum
1265 1967 1349 2047 prior
1371 1968 1414 2030 sit
1436 1988 1501 2031 con·

164 2067 259 2130 stans,
284 2055 432 2135 posterior
456 2074 521 2117 cum
545 2056 679 2116 discessu
703 2056 830 2135 apogaei
853 2057 902 2117 vel
925 2055 1056 2135 perigaei
1081 2054 1188 2118 aSole
1212 2054 1260 2115 vel
1285 2057 1352 2135 ejus
1368 2057 1501 2138 opposito

163 2145 293 2220 deficiat,
317 2152 436 2207 etcum
460 2146 624 2224 quadrante
648 2145 743 2206 distat
766 2165 931 2224 apogaeum
955 2166 973 2205 a
996 2144 1179 2230 Soleflplaue
1204 2144 1398 2208 annihiletur.
1431 2147 1499 2212 (iun

161 2244 260 2297 autem
298 2235 372 2296 haec
401 2235 533 2296 secunda
564 2234 659 2296 virtus
690 2235 775 2314 quasi
807 2234 978 2312 magnetica
1000 2233 1095 2295 faciat
1124 2232 1263 2295 similiter
1284 2242 1320 2296 ut
1341 2236 1427 2317 prior
1454 2237 1499 2299 illa

159 2325 275 2387 Lunam
305 2323 390 2404 sequi
412 2323 535 2386 Terram
558 2322 682 2385 alternis
705 2332 738 2385 et
760 2322 880 2403 lugere,
893 2324 1135 2402 'constituatque
1159 2322 1270 2402 gradus
1298 2343 1434 2387 summos
1456 2345 1500 2388 ae·

162 2414 276 2493 qnelae'
290 2413 338 2474 vel
362 2414 450 2492 fugae
473 2413 503 2474 iu
520 2413 651 2492 quadris,
672 2410 747 2492 juga
769 2412 800 2473 in
823 2413 952 2492 copulis:
978 2413 1006 2473 in
1032 2411 1154 2491 quadris
1174 2412 1265 2492 igitur
1279 2412 1438 2477 filamenta
1456 2435 1502 2477 sua

161 2503 189 2564 in
213 2504 336 2565 Terram
358 2503 501 2582 porriget.
549 2503 592 2562 At
615 2501 645 2562 in
669 2502 789 2580 quadris
813 2501 941 2563 circulus
964 2500 1195 2564 lllnminatorins
1216 2501 1323 2563 Lunae
1340 2502 1369 2564 iu
1385 2503 1501 2566 Terram

160 2592 331 2673 porrigitur,
353 2598 388 2657 ut
409 2611 501 2670 supra
524 2591 645 2662 dictum,
668 2592 758 2672 fitque
782 2600 815 2652 nt
830 2599 953 2670 uterque
967 2589 1195 2653 illuminationis
1210 2590 1341 2653 circulus
1356 2600 1390 2655 et
1403 2593 1500 2656 Lunae

36 2698 41 2705 ·
161 2690 193 2743 et
215 2682 326 2743 Terrae
356 2681 527 2742 coincidunt
554 2680 585 2741 in
609 2679 688 2740 idem
710 2681 848 2760 planum,
880 2680 1003 2760 perinde
1026 2698 1062 2739 ac
1086 2678 1111 2740 si
1134 2679 1192 2741 duo
1215 2689 1376 2758 magnetes
1402 2689 1501 2764 aptent

161 2771 314 2834 lilamenta
354 2769 384 2832 in
420 2770 543 2832 eandem
576 2776 708 2843 rectam,
747 2770 847 2849 capite
878 2769 965 2831 unius
994 2776 1065 2849 post
1096 2769 1223 2830 caudam
1246 2769 1375 2833 alterius
1399 2779 1501 2835 stante.

161 2860 243 2940 Ergo
266 2859 438 2939 conjectura
460 2858 585 2941 physica
608 2857 736 2937 subjecit
750 2859 928 2938 opinionem,
952 2858 1093 2920 virtutem
1112 2858 1189 2920 banc
1209 2859 1376 2923 secundam
1392 2861 1500 2924 omniuo

163 2948 327 3012 consistere
351 2949 380 3010 in
404 2948 620 3009 illuminatione
645 2966 800 3027 corporum
823 2968 842 3008 a
866 2945 952 3022 Sole;
983 2948 1099 3009 non'ut
1121 2965 1220 3026 supra,
1256 2956 1411 3027 quatenus
1432 2951 1498 3013 baec

61 3098 67 3105 .
160 3037 340 3101 illuminatio
372 3037 513 3100 fortificat
539 3036 670 3118 priorem
699 3037 840 3098 virtutem
874 3037 1088 3116 magneticam,
1127 3045 1158 3098 et
1186 3036 1272 3099 velut
1298 3037 1330 3100 iu
1360 3039 1416 3119 jus
1445 3041 1498 3121 ejus

160 3135 311 3202 trauseat,
342 3126 397 3188 sed
418 3146 472 3207 per
496 3146 537 3202 se,
559 3145 616 3195 suo
639 3126 735 3204 ipsius
767 3133 907 3204 separato
930 3126 1001 3188 situ.
1036 3125 1102 3187 Hoc
1127 3125 1203 3186 enim
1225 3126 1330 3207 posito
1354 3130 1500 3212 superiora

160 3236 219 3278 non
242 3216 463 3278 avertebantur.
509 3215 656 3294 Apogaeo
687 3215 764 3276 enim
788 3214 892 3275 Lunae
923 3214 953 3276 in
977 3214 1058 3277 Solis
1081 3215 1148 3276 loeo
1171 3221 1314 3277 versante
1338 3218 1499 3282 coincidunt

161 3306 221 3368 situ
245 3307 340 3368 virtus
363 3312 499 3385 utraque,
523 3304 601 3385 quod
623 3304 799 3366 tantundem
823 3313 889 3374 est,
916 3323 952 3364 ac
976 3305 1002 3366 si
1024 3313 1058 3365 ut
1081 3323 1171 3384 supra
1190 3303 1299 3380 dicam,
1326 3306 1498 3371 alteramab

162 3397 260 3458 altera
282 3394 418 3457 totaliter
440 3393 602 3456 fortificari.

250 3484 331 3556 Quid
353 3502 423 3546 vero
447 3484 486 3544 ad
508 3482 565 3544 hoc
582 3501 683 3543 sumus
705 3481 821 3556 dicturi,
846 3481 924 3563 qnod
946 3480 1131 3561 experientia
1149 3482 1399 3548 observationum
1414 3486 1497 3556 docet

163 3575 241 3637 hanc
264 3574 406 3636 virtutem
430 3573 600 3646 secundam,
625 3570 813 3653 aequationis
838 3571 986 3632 secundae
996 3571 1187 3646 effectricem,
1211 3570 1365 3635 interdum
1382 3594 1499 3637 evenes

163 3682 230 3724 cere
263 3669 376 3737 totam,
408 3659 457 3724 ut'
471 3681 536 3724 cum
560 3669 609 3723 ast
631 3679 796 3739 apogaeum
819 3659 884 3721 loco
908 3658 1005 3722 me'dio
1028 3661 1108 3722 inter
1131 3658 1211 3722 Solis
1234 3660 1336 3724 locum
1360 3672 1394 3726 et
1417 3682 1499 3746 oppo-

162 3750 269 3826 situm;
293 3769 360 3813 curu
373 3758 488 3814 'contra
510 3752 584 3814 haec
607 3744 785 3812 illuminatio
808 3768 1005 3831 corpomma
1023 3747 1095 3811 Sole
1118 3749 1159 3811 sit
1180 3753 1354 3832 perpetua?
1419 3776 1429 3795 ·

253 3838 378 3903 Scilicet
400 3840 460 3903 hod
479 3843 600 3919 insuper
622 3826 718 3913 adime
742 3838 943 3912 limitandum,
967 3830 1215 3925 illuminationem
1239 3859 1294 3901 suo
1321 3840 1443 3923 quidam
1459 3859 1499 3904 sc·

162 3933 269 4012 parato
298 3929 375 4004 situ,
409 3938 443 3991 nt
469 3930 533 4010 jam
562 3928 692 4010 positum
715 3936 798 4002 erat,
827 3928 905 3990 effici
932 3927 1113 4002 virtuosam,
1146 3935 1179 3988 at
1201 3946 1259 3990 non
1282 3948 1318 3991 se
1342 3930 1426 4011 ipsa,
1458 3927 1501 3993 aad

63 4013 65 4016 ’
164 4027 312 4100 qnatenus
336 4038 355 4079 a
377 4019 476 4099 priore
499 4020 610 4080 virtute
634 4018 803 4097 magnetica
816 4036 871 4096 per
884 4017 1115 4098 applicationem
1130 4017 1194 4096 ejus
1209 4018 1320 4098 capitis
1334 4020 1385 4082 vel
1399 4021 1501 4083 caudae

163 4109 313 4173 imbuitur.
358 4109 427 4171 Nou
457 4108 548 4187 igitur
571 4109 600 4169 iu
624 4107 707 4168 illam
731 4104 842 4168 transit
864 4106 1074 4171 santificatione
1098 4127 1170 4181 sua,
1195 4107 1249 4168 sed
1271 4109 1377 4188 potins
1401 4107 1501 4192 aliquid

164 4199 201 4260 de
233 4198 287 4260 illa
311 4196 369 4260 sibi
391 4198 531 4277 privatim
555 4196 738 4277 appropriat.
784 4196 863 4258 Nam
886 4215 919 4257 ae
932 4195 1004 4277 ipsa,
1022 4197 1139 4277 quidem
1163 4195 1300 4276 utrinque
1324 4198 1367 4260 ad
1389 4188 1502 4262 ranan

164 4288 331 4367 aequaliter
352 4286 445 4348 habet
467 4286 652 4360 illuminatio,
676 4305 731 4348 uec
754 4305 846 4348 causa
870 4293 925 4360 est,
950 4285 1116 4366 curpotius
1131 4286 1248 4348 Lunam
1263 4307 1282 4346 a
1295 4287 1393 4350 Terra
1410 4289 1501 4371 fugere

165 4377 268 4450 iaciat,
292 4395 378 4457 quam
403 4376 555 4450 accedere,
578 4395 685 4456 curque
709 4376 812 4436 eadem
835 4375 926 4455 plaga
945 4376 1011 4455 jam
1034 4375 1177 4455 fngiat‚j
1236 4385 1410 4458 sequatur.
1453 4377 1502 4441 llla

164 4483 236 4526 vero
254 4467 350 4546 prima
371 4465 467 4527 virtus
490 4466 661 4545 magnetica
685 4465 820 4527 diversas
844 4464 890 4525 sui
913 4465 1039 4544 plagas,
1064 4473 1155 4545 caput
1178 4472 1209 4525 et
1231 4465 1360 4528 caudam
1384 4465 1501 4530 diversis

164 4553 390 4618 illuminationis
412 4555 512 4635 plagis
535 4554 603 4615 aliis
626 4555 808 4633 temporibus
832 4554 922 4616 aliter
943 4552 1112 4634 applicans,
1138 4554 1207 4616 illas
1229 4554 1339 4618 imbuit
1362 4557 1498 4620 similiter.

254 4643 288 4707 Si
317 4645 459 4727 physicus
483 4643 590 4723 aliquia
613 4644 734 4705 credere
757 4662 816 4706 non
839 4649 951 4725 potest,
975 4642 1074 4705 lumen
1096 4641 1305 4720 adventitium,
1330 4648 1412 4729 quod
1433 4666 1499 4728 qua·

167 4732 239 4795 litas
264 4741 321 4807 est,
345 4733 462 4814 corpori
470 4734 574 4795 Lunae
596 4752 704 4794 novam
718 4733 877 4796 conciliare
891 4733 950 4795 vim
964 4733 1174 4813 magneticaru,
1199 4731 1353 4817 imbuiqua
1375 4736 1499 4818 aprione

167 4820 222 4891 illa
250 4821 281 4885 vi
306 4822 491 4907 magnetica,
521 4831 555 4885 ut
578 4822 654 4885 alias
677 4840 803 4906 corpora
823 4823 923 4890 terrea
944 4821 1114 4887 imbuuntur
1135 4843 1155 4886 a
1177 4840 1337 4905 corpomrn
1359 4823 1498 4913 magneti-
