3354 5504
163 287 229 357 234
645 281 809 357 Defblotibue
828 286 922 342 sunu
938 288 1027 342 Martis

250 467 327 531 Hinc
349 466 463 543 videas,
486 466 597 530 nullam
611 467 728 530 omuino
742 467 772 529 in
791 467 904 530 usitato
918 467 1033 531 calculo
1053 468 1142 548 (puta
1159 464 1315 551 inMagini
1327 461 1513 549 Ephemeri·.

163 558 266 634 dibus)
299 558 472 639 contingere
495 557 733 637 conjunctionem
755 557 865 620 Martis
888 565 921 620 et
942 557 1039 634 Solis,
1065 577 1139 640 quae
1164 577 1222 621 uon
1245 558 1287 621 sit
1308 556 1368 632 (uti
1391 555 1510 630 dicunt)

163 666 357 730 percorpus
404 644 492 717 Quod
516 647 542 708 si
565 665 666 709 vemm
689 647 740 722 sit,
765 648 878 709 imstra
900 654 1007 710 natura
1031 655 1301 728 temperamentum
1316 643 1510 710 latitudinum

164 736 348 807 confinxerit,
372 755 408 799 ne
423 735 627 816 corporalibus
641 737 895 817 conjunctionibus
910 736 1013 800 crebro
1028 734 1312 818 contingentibus
1283 735 1393 799 nimiae
1408 739 1513 799 ιιιιιι

129 869 133 878 -
163 826 383 908 exoptationes
406 824 608 888 sublunarinm
630 826 783 889 virtutum.

105 930 109 936 '
253 914 445 997 Oopernicue,
470 913 640 977 divitiarum
662 934 782 978 suarum
806 916 870 997 ipse
891 916 1024 998 ignams,
1046 915 1252 979 Ptolemaeum
1266 914 1323 978 sibi
1339 874 1512 995 exprimen-

101 998 103 1009 ’
165 1007 234 1070 dum
256 1004 373 1069 omnino
397 1004 521 1079 sumsit,
546 1023 609 1066 non
628 1024 725 1068 rerum
747 1013 902 1082 naturam,
926 1007 964 1068 ad
988 1024 1076 1088 quam
1099 1014 1201 1068 tamen
1224 1005 1352 1067 omnium
1374 1002 1511 1108 proxime

1 1076 3 1080 ¹
88 1160 90 1164 ,
164 1101 344 1160 ιιιιιιιιιι.
382 1091 451 1164 Qua
473 1093 509 1155 de
532 1112 564 1155 re
586 1094 654 1175 lege
676 1094 867 1157 Rheticum
859 1116 889 1158 ιι
914 1094 1147 1172 „Narrationef‘
1179 1093 1311 1158 Gavisus
1335 1092 1425 1168 enim,
1450 1092 1513 1156 suis

54 1202 57 1213 ·
167 1182 504 1267 appropinquatioriibus
527 1183 656 1245 Telluris
679 1183 718 1245 ad
741 1185 840 1247 sidera
858 1184 1048 1247 latitudinum
1068 1185 1185 1267 species
1199 1184 1313 1264 augeri,
1336 1202 1396 1246 uon
1409 1166 1512 1245 tamen

165 1294 255 1338 ausus
279 1280 341 1347 est,
377 1272 500 1335 residua
521 1271 712 1335 latitudinum
743 1281 905 1377 augmenta
926 1273 1113 1337 Ptolemaiou
1135 1276 1227 1358 (quae
1249 1275 1325 1336 baec
1341 1271 1512 1355 appropin—
1545 1319 1556 1336 .

165 1362 267 1446 quatio
291 1362 420 1425 Telluris
434 1380 492 1424 non
512 1363 738 1443 assequeretur)
752 1363 887 1443 rejicere,
912 1364 966 1425 sed
985 1365 1033 1437 (ut
1049 1371 1081 1425 et
1095 1364 1151 1426 illa
1165 1362 1359 1445 exprimeret)
1373 1360 1512 1424 libratio-

165 1473 219 1517 ues
249 1452 404 1535 planorum
437 1452 671 1536 ecpentricomm
700 1452 860 1526 confinxit,
884 1451 988 1557 quibus
1012 1452 1215 1517 inclinationis
1238 1452 1365 1533 angulus
1389 1449 1511 1527 (Ptole-

166 1560 252 1606 maeo
276 1547 418 1604 constans
447 1548 478 1602 et
500 1535 589 1620 fixus)
614 1540 795 1619 variaretur,
826 1543 948 1623 atque
938 1563 965 1605 rs
979 1544 1082 1623 (quod
1105 1543 1231 1605 monstri
1253 1541 1350 1605 simile
1373 1540 1431 1616 sit)
1455 1556 1511 1603 nen

166 1633 205 1695 ad
228 1632 311 1712 leges
333 1638 468 1692 motuum
490 1630 650 1693 ecceutrici
672 1631 799 1711 proprii,
826 1632 881 1694 sed
904 1631 1033 1695 Telluris
1064 1632 1144 1695 orbis
1171 1632 1260 1715 plane
1285 1630 1385 1695 alieni.
1432 1628 1513 1692 vide

166 1720 363 1804 Copemioum
386 1718 452 1781 libr.
477 1718 534 1781 VI.
559 1737 624 1799 cap.
651 1717 680 1783 1.

254 1809 330 1874 Cum
351 1809 409 1870 hac
430 1808 632 1890 impertinenti
656 1809 840 1873 diversorum
864 1808 977 1873 orbium
1000 1807 1191 1890 colligatione
1214 1827 1308 1871 causa
1329 1814 1431 1871 motus
1450 1806 1512 1880 (rn-

139 1918 141 1923 ·
165 1899 344 1964 credulitate
360 1916 427 1960 mea
442 1900 589 1973 armatus)
611 1917 728 1979 semper
741 1898 881 1980 pugnavi,
905 1899 1033 1962 nondum
1048 1899 1139 1962 etiam
1160 1899 1234 1961 visis
1255 1895 1513 1960 observationibus

166 1984 325 2072 Typhonis.
371 1984 439 2058 Quo
461 1987 623 2068 impensius
646 1987 717 2049 mihi
740 1988 890 2068 gratulor,
913 1988 1140 2052 observationes
1164 2006 1280 2051 mecum
1302 1994 1402 2064 stare,
1427 1983 1513 2049 utin

166 2078 268 2143 multia
290 2076 358 2139 aliis
380 2076 608 2158 praeconceptis
630 2076 829 2158 opinionibus.

255 2165 318 2230 Sed
339 2183 376 2229 ue
400 2165 464 2247 quia
487 2166 525 2228 ob
543 2165 599 2229 hoc
621 2166 718 2248 ipsum
740 2166 812 2228 mihi
834 2166 923 2229 fidem
946 2167 1087 2249 deroget,
1111 2167 1191 2248 qnod
1204 2166 1434 2230 observationes
1449 2180 1513 2227 cum

166 2255 350 2340 praejudicio
372 2262 510 2332 tractem,
533 2273 570 2317 eu
589 2255 653 2336 J'am
677 2255 857 2319 solidissime
881 2257 1100 2333 demonstravi,
1134 2255 1311 2320 librationee
1338 2255 1513 2319 inclinatio-

167 2365 238 2410 num
269 2344 399 2409 ecceutri
427 2344 526 2408 nullas
554 2363 630 2408 esee.
687 2345 795 2408 Tribus
827 2346 905 2408 euim
937 2347 1032 2409 modis
1053 2345 1282 2426 investigandae
1305 2340 1513 2409 inclinationis

148 2435 314 2499 ¹maximae
341 2434 521 2516 propositis,
552 2434 583 2498 in
611 2434 705 2515 primo
729 2433 782 2496 Sol
810 2441 877 2497 erat
902 2436 982 2498 circa
1010 2435 1134 2498 sextiles
1162 2442 1194 2496 et
1225 2434 1366 2516 quintiles
1390 2433 1511 2508 Martis,

167 2527 224 2589 hoc
247 2530 296 2587 est
308 2531 370 2587 tam
384 2524 566 2605 propinquus
581 2523 780 2605 conJ'unctioui
794 2524 915 2600 Martis,
938 2545 1026 2607 quam
1041 2541 1134 2605 prope
1148 2523 1233 2587 Mars
1247 2523 1342 2586 videri
1357 2532 1389 2587 et
1405 2523 1511 2588 obaer-

165 2615 231 2677 vari
254 2613 391 2694 expedite
414 2621 531 2694 potest;
554 2612 738 2676 insecundo
762 2614 1049 2695 eratinquadrato
1072 2614 1173 2688 Mars;
1200 2612 1231 2675 in
1255 2613 1346 2676 tertio
1369 2612 1492 2696 plane
1482 2631 1512 2675 m

167 2703 305 2786 opposito
328 2702 402 2806 ejus.
448 2703 523 2765 At
515 2723 543 2764 ιι
568 2703 704 2765 omuibus
727 2702 822 2765 tribus
845 2702 920 2766 locis
944 2701 1014 2766 Sole
1038 2708 1194 2778 versante,
1228 2703 1307 2773 diu
1331 2705 1440 2766 eodem
1463 2721 1512 2765 eo-

162 2792 293 2857 ceutrioi
315 2791 361 2854 sui
384 2791 449 2854 loco
472 2792 653 2868 consistens,
688 2811 777 2854 uuam
807 2799 838 2854 et
861 2793 985 2855 eandem
1007 2793 1230 2855 inclinationem
1252 2791 1358 2855 limitis
1381 2788 1438 2868 (1⁸
1462 2787 1514 2856 50¹
1539 2800 1545 2810 ¹

168 2881 343 2957 circiter)
334 2901 364 2943 ιι
391 2881 523 2957 boream,
553 2881 620 2943 et
612 2902 641 2943 m
671 2881 818 2986 opposito·
843 2883 909 2945 loco
937 2881 1153 2945 tantundem
1145 2900 1175 2942 ιι
1199 2887 1332 2944 austrum
1356 2881 1513 2963 prodebat.

168 2970 221 3037 Sic
243 2971 342 3052 capite
365 2969 437 3033 XII.
462 2972 561 3034 Marte
584 2978 666 3032 motu
690 2990 778 3032 eccen
781 2971 855 3034 trico
877 2973 908 3033 in
933 2973 1018 3034 nodis
1041 2978 1183 3034 versante
1206 2971 1357 3053 appamit,
1381 2990 1515 3054 quocun-

169 3080 225 3144 que
248 3062 314 3123 loco
337 3060 384 3123 ani
406 3060 485 3123 orbis
509 3059 562 3122 Sol
585 3060 775 3122 constitisset
797 3062 866 3134 (seu
888 3062 1040 3141 proximus
1056 3061 1149 3123 Marti
1172 3079 1225 3123 seu
1250 3059 1287 3123 ab
1311 3079 1347 3123 eo
1370 3061 1515 3135 remotus)

167 3151 280 3216 nullam
301 3167 431 3229 unquam
453 3149 550 3212 visam
572 3168 638 3211 esse
655 3149 763 3211 Martis
778 3150 976 3213 latitudinem.
1014 3150 1056 3212 Et
1068 3150 1147 3212 inira
1159 3157 1246 3230 parte
1265 3150 1369 3232 quinta
1384 3150 1516 3232 pluribus

169 3239 352 3322 probabitur,
368 3246 555 3301 constantem
566 3258 631 3300 esse
643 3238 871 3301 declinationem
882 3259 985 3321 curque
996 3240 1061 3301 loco
1072 3239 1303 3301 orbitaeMartus
1314 3238 1352 3300 ab
1364 3240 1513 3323 ecliptica

257 3331 363 3410 ltaque
397 3329 454 3390 hoc
484 3329 695 3430 firmissime.
677 3329 905 3404 concludamus,
938 3328 1160 3391 inclinationem
1189 3328 1344 3408 planorum
1368 3331 1515 3394 ecoentri-

136 3462 141 3474 .
171 3437 272 3481 corum
300 3417 339 3479 ad
368 3417 535 3498 eclipticam
560 3418 627 3491 (cur
650 3417 727 3479 enim
750 3437 807 3479 nou
831 3418 860 3479 in
883 3437 991 3522 genere
1015 3418 1205 3491 concludam,
1230 3417 1306 3498 quod
1330 3427 1364 3480 ut
1387 3420 1438 3483 uni
1462 3418 1516 3483 soli

170 3508 312 3589 planetae
334 3506 421 3582 insit,
447 3527 568 3569 oausam
590 3507 701 3568 nullam
725 3508 840 3569 habet?
871 3509 1004 3589 quamvis
1028 3508 1106 3569 idem
1129 3516 1160 3569 et
1183 3506 1212 3568 in
1236 3505 1356 3570 Venere
1380 3517 1413 3571 et
1435 3511 1516 3573 Mer-

171 3597 252 3660 curio
290 3615 328 3659 ex
358 3555 615 3658 observationibus
648 3597 886 3660 demonstratum
916 3596 1057 3672 habeam)
1086 3597 1174 3678 plane
1202 3595 1277 3658 nihil
1303 3597 1426 3661 variari.
1477 3597 1517 3661 lit

171 3687 221 3767 qui
243 3686 448 3749 Ptolemaeum
471 3685 613 3767 sequitur,
637 3685 663 3747 is
686 3686 753 3748 hinc
777 3686 884 3761 discat,
908 3687 1028 3767 planum
1052 3685 1178 3769 epicycli
1200 3685 1367 3766 parallelen
1392 3707 1461 3751 esee
1480 3686 1516 3748 sd

169 3776 292 3857 planum
314 3774 469 3855 eclipticae
492 3782 645 3857 perpetuo.
678 3775 758 3838 Nam
780 3775 810 3838 id
827 3775 857 3837 in
880 3775 1024 3839 limitibus
1043 3783 1146 3837 centro
1160 3782 1300 3836 versante
1311 3775 1375 3855 jam
1393 3778 1516 3840 demon·

171 3872 300 3926 stratum
329 3871 395 3925 est:
428 3865 457 3926 in
481 3864 567 3926 nodis
590 3883 660 3926 vero
683 3873 825 3926 versante
848 3874 965 3941 centro,
994 3863 1158 3947 epicyclum
1180 3863 1269 3947 plane
1294 3863 1322 3927 iu
1348 3866 1515 3949 eclipticam

171 3953 307 4018 omuibus
327 3953 463 4035 partibus
486 3960 656 4035 competere
679 3971 770 4039 supra
792 3973 857 4034 cap.
879 3955 953 4017 ΧΠ.
977 3953 1135 4035 probatum
1158 3963 1214 4015 est.

259 4042 330 4105 Jam
353 4043 418 4124 quis
441 4043 512 4106 mihi
536 4044 647 4106 fontem
669 4042 803 4123 porriget
825 4043 1027 4112 lacrimarum,
1059 4042 1164 4126 quibus
1192 4060 1231 4104 ex
1252 4041 1440 4106 marimum
1463 4045 1515 4108 de-

18 4135 22 4141 ’
47 4170 48 4174 =
171 4133 285 4215 plorem
306 4131 507 4195 miserabilem
529 4133 685 4214 Apiani
709 4132 895 4210 iudustriam,
920 4133 970 4214 qui
992 4133 1022 4196 in
1038 4151 1091 4195 suo
1116 4129 1240 4211 Opere
1264 4127 1516 4208 Caesareo‘)

75 4260 77 4266 ·
164 4220 340 4290 Ptolemaei
361 4221 449 4283 fidem
472 4231 592 4284 secutus
615 4221 777 4284 totbouas
801 4221 889 4284 lrorae
912 4220 1071 4303 impendit,
1102 4228 1149 4284 tot
1171 4218 1432 4301 ingeniosissima
1454 4242 1517 4287 me·

172 4310 335 4375 ditationes
357 4310 503 4390 perdidit,
532 4319 566 4371 ut
597 4310 686 4391 spiris
716 4318 748 4372 et
770 4311 889 4373 corollis
913 4318 945 4373 et
967 4310 1111 4373 helicibns
1135 4316 1166 4371 et
1188 4309 1298 4371 volutis
1322 4317 1354 4372 et
1376 4312 1516 4378 universo

171 4400 223 4464 illo
245 4400 536 4465 intricatissimorum
559 4399 687 4462 flexuum
709 4399 878 4482 labyrintho
903 4402 1045 4481 figmenta
1062 4398 1212 4461 homiuum
1227 4399 1421 4478 exprimeret,
1444 4420 1517 4485 quae

173 4497 281 4553 natura
306 4509 404 4553 rerum
426 4488 560 4571 proauis
583 4488 671 4568 plane
695 4508 753 4552 non
778 4490 939 4570 agnoscit?
977 4488 1039 4552 Sed
1062 4487 1195 4551 ostendit
1216 4487 1303 4549 nobis
1327 4487 1373 4551 vir
1395 4491 1464 4568 ille,
1486 4508 1517 4554 ee

173 4579 282 4642 divinis
311 4578 423 4660 ingenii
452 4577 703 4661 perspicacissimi
736 4578 856 4640 dotibus
886 4578 974 4642 facile
1001 4586 1126 4648 naturae
1150 4596 1253 4659 parem
1277 4594 1344 4640 esse
1366 4581 1516 4660 potuisse:

173 4669 211 4731 de
234 4675 334 4731 cetero
358 4668 487 4731 animum
510 4666 674 4730 oblectavit
696 4687 781 4729 suum
802 4668 974 4749 praestigiis
989 4667 1070 4730 hisce
1085 4667 1130 4740 (in
1145 4665 1250 4748 quibus
1265 4674 1405 4734 naturam
1420 4670 1514 4752 ipsam

141 4791 145 4801 ·
173 4759 404 4839 provocaverat)
427 4755 590 4820 fortissime
615 4756 764 4836 superatis
788 4765 819 4818 et
841 4757 870 4820 in
895 4758 1051 4819 schemata
1069 4756 1224 4836 conjectis,
1246 4757 1437 4841 palmamque
1450 4759 1515 4822 inde

176 4846 275 4910 lamae
297 4843 437 4928 perennio
459 4852 509 4910 ιιι
531 4845 675 4925 adeptus,
705 4841 843 4926 quicquid
866 4846 1005 4928 operibus
1028 4844 1102 4928 ipsis
1122 4843 1241 4910 fortuna
1263 4843 1324 4909 ista
1346 4845 1516 4913 detrimenti
