3354 5504
743 289 915 389 1101000.ὶ
1421 286 1487 362 689

142 489 198 553 per
219 490 254 534 ss
277 469 389 533 realem
411 488 469 531 non
494 490 580 546 esse,
614 471 667 534 sed
696 470 796 535 causis
824 472 878 534 niti
900 470 1043 554 physicis,
1068 472 1169 555 Tycha
1192 471 1258 552 ipse
1285 472 1431 549 credidit,
1455 479 1487 555 et

143 560 268 623 suntin
292 578 327 621 eo
350 568 414 622 tres
436 567 524 622 notae
546 561 737 643 physicarum
760 576 936 624 causarum:
964 561 1074 641 prima,
1098 561 1176 642 qnod
1199 560 1286 623 Luna
1308 561 1433 625 libr'atnr
1454 562 1485 626 iu

143 648 210 729 eius
224 648 371 711 diametro
388 656 531 727 tangente
545 650 682 724 orbitam,
703 669 761 712 non
780 670 849 712 vero
864 650 1000 712 circumit
1015 650 1044 711 in
1060 650 1319 725 circumferentia;
1343 651 1484 726 secunda,

142 738 223 820 qnod
254 737 368 800 circelli
400 747 499 800 motus
522 748 570 800 est
598 739 781 821 inaequalis,
812 740 917 801 tardus
940 739 970 800 in
994 756 1128 819 apogaco
1161 738 1319 801 eccentrici
1351 757 1485 815 versans,

141 826 232 888 velox
255 826 284 888 in
308 827 465 908 perigaeo;
497 827 598 903 tertia,
631 829 708 907 quod
732 829 878 891 diameter
900 829 963 906 ejus
991 827 1113 890 deberet
1142 826 1245 907 angeri
1273 834 1304 890 et
1326 828 1435 904 minui,
1459 828 1485 890 si

142 915 237 979 realis
259 923 351 978 esset.
398 913 476 978 Nam
503 936 622 998 semper
650 927 775 999 apparet
797 912 851 981 40⁴
876 914 956 991 30⁴2
981 916 1046 978 sive
1072 924 1188 980 remota
1214 916 1256 977 sit
1281 916 1311 978 in
1338 935 1483 998 apogaeo,

142 1005 210 1068 sive
232 1005 398 1087 propinqua
420 1005 449 1066 in
472 1006 626 1086 perigaeo.
672 1007 904 1069 Demonstratur
934 1013 1032 1068 autern
1061 1005 1294 1089 aequipollentia
1323 1006 1382 1080 sic,
1416 1004 1486 1087 quia

141 1094 257 1176 gradus
279 1093 387 1174 singuli
412 1096 492 1174 apud
515 1114 561 1156 me
585 1102 655 1158 sunt
678 1095 813 1159 diminuti
842 1095 1009 1176 quantitate
1036 1095 1065 1157 l‘
1087 1091 1129 1157 17
1140 1089 1168 1174 Ἰ,
1177 1096 1206 1167 ”,
1229 1093 1391 1158 maximum
1413 1113 1484 1159 vero

141 1185 358 1246 incrementum
389 1184 616 1247 accelerationis
647 1193 695 1247 est
717 1184 804 1266 hujus
827 1185 965 1264 duplum,
999 1184 1117 1247 scilicet
1147 1182 1179 1248 3‘
1207 1177 1334 1265 34²l,¹‘,
1365 1192 1398 1247 et
1427 1183 1484 1247 hou

141 1280 336 1352 comparatur
364 1273 461 1334 lineae
491 1274 557 1337 NT.
615 1274 717 1357 Tycha
747 1273 879 1337 vicissim
912 1293 969 1334 000
995 1273 1142 1336 diminuit
1175 1272 1304 1352 gradus,
1338 1272 1483 1355 additque

141 1368 278 1436 tantum,
307 1368 450 1443 qnantum
480 1362 614 1424 indicant
637 1364 702 1431 NT.
726 1363 803 1437 OV,
828 1362 990 1425 diminutas
1012 1362 1083 1438 AT,
1107 1362 1178 1435 SV,
1207 1361 1236 1423 id
1267 1368 1316 1423 est
1342 1369 1484 1444 quantum

141 1450 279 1514 indicant
298 1449 369 1525 NA,
393 1449 447 1513 OS
469 1452 523 1513 irc.
568 1451 663 1531 Atqui
696 1470 828 1515 summae
860 1451 992 1531 ipsarum
1015 1453 1085 1524 Ns,
1109 1450 1175 1524 OS,
1199 1458 1233 1512 ut
1255 1451 1337 1532 prius
1360 1450 1483 1526 dictum,

141 1541 246 1602 insunt
275 1539 306 1600 in
336 1539 449 1602 sinibus
475 1539 547 1616 Au,
570 1541 639 1615 AF,
663 1539 740 1615 AG,
771 1541 843 1602 haec
874 1541 967 1621 igitur
1000 1548 1048 1602 est
1077 1541 1298 1603 semidiamoter
1326 1539 1483 1603 libreturia

141 1627 312 1713 ’1Ὶο110010,
341 1635 375 1690 01
396 1628 483 1690 Luna
505 1630 534 1691 iu
557 1630 671 1710 copulis
694 1630 736 1693 sit
757 1631 785 1692 in
811 1631 858 1706 A,
887 1629 916 1691 in
940 1636 1061 1692 notante
1088 1647 1160 1691 vero
1181 1628 1213 1691 in
1237 1625 1285 1704 G,
1313 1628 1343 1691 in
1367 1628 1493 1710 quadra·

141 1736 260 1780 rursum
281 1717 311 1779 iu
334 1718 377 1791 A,
402 1717 473 1798 qnia
499 1718 577 1780 idem
599 1727 666 1792 est,
702 1719 725 1781 si
749 1719 800 1781 ille
821 1727 894 1799 post
925 1726 1076 1781 00000100
1108 1717 1224 1780 minuat
1252 1724 1365 1779 motum
1394 1717 1480 1780 initio
1542 1749 1544 1752 ·

140 1825 200 1870 non
225 1805 409 1879 diminutum,
434 1825 489 1886 ego
504 1824 629 1885 augeam
652 1808 737 1870 initio
761 1808 945 1870 diminutum.
985 1806 1125 1870 Ceterum
1144 1807 1204 1869 'hoc
1222 1806 1319 1869 adlruo
1342 1806 1480 1868 desidero

141 1895 172 1958 in
195 1895 253 1957 hoc
276 1896 407 1969 calculo,
430 1905 577 1976 utsupra
600 1897 690 1959 etiam
714 1897 793 1969 dixi,
818 1897 912 1978 quod,
937 1897 963 1959 si
986 1896 1185 1978 quantitatem
1208 1894 1358 1977 Tyehords
1382 1887 1480 1977 40¹l2¹

141 2003 266 2067 sequar,
290 1992 360 2047 tnnc
383 2004 477 2065 neque
500 1986 589 2066 plane
617 2005 684 2048 eum
711 1984 837 2048 concilio
860 2005 925 2048 cum
949 1985 1115 2066 quantitate
1143 2006 1350 2064 erponrsoosoc
1372 1984 1478 2046 Ptole-

141 2074 274 2144 maicae,
302 2073 448 2156 usquein
472 2094 529 2137 uno
554 2094 630 2137 anno
658 2075 780 2137 conficio
806 2070 887 2139 132⁰
908 2071 971 2150 45‘,
997 2083 1109 2155 quanta
1130 2094 1172 2136 sc.
1196 2082 1245 2135 est
1267 2073 1418 2154 appendix
1440 2072 1480 2135 ad

141 2162 344 2227 revolutiones
371 2159 428 2236 12;
460 2170 492 2226 et
513 2163 644 2226 vicissim
678 2164 704 2226 si
736 2165 859 2227 conficio
894 2159 974 2227 132⁰
995 2160 1058 2233 45‘,
1088 2173 1159 2225 tunc
1190 2162 1317 2224 variatio
1348 2161 1479 2224 maxima

141 2252 212 2317 milri
236 2252 271 2313 lit
292 2271 350 2313 non
374 2247 417 2313 10
426 2245 456 2333 *1,
484 2259 518 2314 ut
539 2252 685 2334 Tyohoni,
711 2254 765 2315 sed
788 2254 875 2331 plane
899 2251 971 2327 51‘,
999 2252 1048 2315 ubi
1071 2252 1139 2333 plus
1163 2251 1275 2313 excedo
1297 2251 1478 2332 Tychonsm,

141 2360 230 2425 quam
261 2339 293 2402 in
323 2339 416 2420 priori
445 2340 556 2403 vitiosa
591 2341 688 2404 forma
719 2342 825 2404 calculi
855 2342 1032 2404 defeceram.
1089 2341 1159 2403 Etsi
1190 2359 1284 2422 neque
1317 2338 1508 2402 observata·

141 2429 293 2515 Tychoms
316 2448 433 2510 semper
455 2431 604 2493 modulum
622 2424 720 2514 40¹},‘
743 2431 920 2510 exprimunt,
944 2432 996 2493 sed
1021 2431 1167 2494 interdurn
1192 2429 1281 2493 etiam
1298 2421 1361 2492 46‘.
1396 2429 1478 2491 Tunc
1589 2476 1592 2481 a

141 2526 242 2584 satam
264 2527 390 2598 augetur
413 2518 483 2580 milri
507 2520 643 2583 horarius
665 2521 695 2582 in
719 2519 878 2600 eclipsibus
902 2537 1116 2600 permagnam
1142 2538 1239 2581 meam
1266 2517 1477 2580 variationem:

141 2608 196 2672 lroe
217 2625 291 2670 voro
319 2609 526 2688 percommode
558 2609 636 2672 mihi·
653 2609 776 2684 accidit,
806 2628 842 2671 ne
865 2608 973 2672 nimiae
996 2609 1081 2684 mihi,
1105 2615 1139 2670 nt
1160 2608 1309 2681 solebant,
1331 2608 1479 2687 prodeant

141 2697 316 2761 donationes
338 2707 371 2758 et
392 2716 504 2760 morae.
575 2761 581 2769 ,

229 2785 315 2848 Haec
337 2803 418 2864 ergo,
442 2787 607 2850 clarissime
632 2787 697 2861 Vir,
720 2786 819 2868 potius
843 2784 997 2849 exercendi
1020 2785 1088 2858 mei,
1113 2804 1200 2866 qnam
1223 2784 1266 2847 toi
1290 2783 1477 2862 defatigandi

141 2895 233 2940 00000
256 2882 287 2936 et
301 2874 408 2956 scripsi
430 2875 567 2955 primunr,
590 2883 631 2951 et,
655 2895 721 2938 corn
735 2876 764 2938 in
783 2894 893 2955 nupero
912 2875 1046 2937 discessu
1060 2872 1231 2937 Mutsuhelii
1252 2871 1348 2936 nostri
1372 2871 1476 2934 literae

141 2965 178 3028 nd
202 2965 248 3028 'rs
271 2962 401 3043 scriptas
424 2982 462 3025 ex
484 2965 598 3027 incuria
624 2965 732 3027 ceteris
759 2964 900 3027 assumtis
933 2972 1035 3024 essent
1060 2963 1198 3035 relictae,
1230 2960 1420 3041 transscripsi
1445 2969 1477 3022 et

141 3052 291 3136 copiosius
314 3060 345 3115 et
367 3052 553 3117 luculentius.
600 3053 655 3115 Tui
674 3054 738 3135 jam
762 3063 829 3117 esto
852 3052 984 3127 arbitrii,
1017 3053 1088 3133 quid
1110 3052 1149 3113 ad
1177 3051 1253 3114 hanc
1280 3049 1475 3131 posteriorem

141 3150 257 3223 partem
287 3140 439 3204 literarum
467 3143 663 3223 respondeas,
697 3144 774 3224 quod
805 3142 951 3206 theoriam
979 3141 1081 3204 Lunae
1111 3140 1230 3229 attinet.
1276 3139 1355 3201 illud
1378 3137 1474 3201 solum

141 3248 221 3313 rogo,
246 3231 283 3293 dc
305 3231 373 3293 fixis
396 3232 473 3310 qnod
496 3232 580 3312 petii,
602 3240 637 3295 ut
658 3251 746 3294 curas
770 3232 891 3306 habeas,
915 3240 1005 3310 utque
1028 3231 1072 3292 sic
1090 3230 1282 3309 respondeas,
1304 3228 1348 3289 uti
1368 3227 1474 3290 existi·
1505 3239 1513 3251 ·

141 3339 204 3383 uras
227 3338 265 3381 ex
287 3319 418 3382 utilitate
446 3321 538 3384 studii
567 3321 757 3384 astronomici
785 3321 921 3383 iutnmm.
967 3319 1009 3381 Et
1036 3329 1070 3382 ut
1095 3318 1201 3381 melior
1227 3319 1268 3381 sit
1291 3315 1473 3391 informatio,

141 3409 198 3472 duo
222 3407 319 3471 adhuc
341 3408 428 3470 addo.

229 3496 263 3571 1)
287 3494 361 3560 000
385 3497 474 3573 scias,
496 3505 567 3578 post
589 3516 683 3559 annos
704 3496 744 3562 18
767 3497 831 3560 dies
848 3497 888 3562 10
911 3497 1033 3560 easdem
1052 3495 1163 3560 reverti
1187 3494 1325 3576 eclipses,
1350 3490 1479 3557 sandcm'

141 3605 179 3651 so.
204 3586 385 3649 anomaliam
407 3587 526 3661 Lunae,
556 3585 680 3649 eundem
703 3588 799 3649 locum
822 3586 902 3651 Solis
926 3587 1006 3648 iutra
1032 3583 1098 3660 10⁰,
1122 3584 1274 3646 commode
1298 3582 1417 3653 accidit,
1440 3590 1477 3646 ut

141 3674 275 3757 0010000
298 3675 389 3737 etiam
421 3676 533 3738 sociam
562 3675 650 3756 hujus
683 3676 801 3755 eclipsis
833 3671 1031 3748 00011619,
1059 3694 1101 3737 00.
1127 3673 1250 3754 eclipsin
1283 3672 1352 3735 anni
1378 3667 1471 3735 1601.

141 3764 164 3827 1.
193 3756 299 3847 teitu
322 3765 401 3827 Nov.
425 3765 541 3846 Pragae
564 3764 762 3829 observarem.
807 3764 918 3828 Exstat
940 3764 1111 3827 observatio
1135 3763 1164 3827 in
1187 3761 1299 3842 Optica
1322 3761 1372 3823 101.
1397 3756 1471 3825 360.

141 3852 288 3917 ermina
304 3853 398 3928 illam,
421 3853 538 3916 ridebis
557 3853 641 3916 illam
662 3855 769 3917 testari
788 3855 883 3917 locum
906 3854 1000 3916 centri
1023 3853 1146 3915 umbrae
1160 3871 1186 3914 c.
1203 3849 1223 3913 5
1238 3850 1385 3931 scrupulis
1404 3869 1472 3913 esse

141 3941 349 4024 promotiorem
372 3960 460 4023 quam
492 3943 558 4006 vult
579 3944 696 4025 Tyclm,
730 3952 762 4005 ct
784 3943 828 4006 sic
859 3945 1030 4024 conspirare
1053 3960 1118 4005 curn
1143 3939 1333 4020 Landgravio
1366 3947 1472 4001 contra

141 4030 317 4115 minoem.
363 4029 511 4103 Quidnam
534 4032 624 4111 igitur
646 4032 701 4094 hoc
723 4041 779 4102 est,
803 4040 925 4113 propter
947 4033 1042 4094 Deum
1064 4029 1278 4093 immortalem!
1307 4028 1386 4109 quod
1404 4028 1470 4109 jam

141 4126 206 4185 rost
225 4139 323 4184 annos
339 4115 379 4182 18
402 4120 533 4184 anterius
556 4121 672 4183 invenio
691 4130 824 4185 centmm
846 4122 976 4193 umbrae,
1001 4139 1089 4202 qnam
1103 4120 1204 4202 Tycho
1216 4119 1292 4205 {vult
1306 4117 1337 4180 in
1353 4115 1472 4180 theoria

141 4192 243 4275 101101
265 4210 352 4271 Anne
368 4209 510 4284 dicemus,
533 4211 771 4289 praecessionem
794 4211 1046 4294 aequinoctiorum
1062 4228 1115 4290 per
1133 4209 1188 4270 hos
1206 4204 1245 4271 18
1268 4224 1361 4269 00000
1384 4205 1470 4286 quie-

141 4294 227 4373 usas,
251 4297 417 4361 autetiam
440 4300 468 4360 in
491 4301 738 4362 retrocessionem
762 4301 877 4382 aliquot
899 4300 1093 4362 secundomm
1117 4317 1183 4359 0000
1207 4295 1378 4359 mutatam?

225 4400 262 4477 2)
287 4400 376 4466 Circa
398 4405 521 4466 eandem
538 4405 660 4487 eclipsin
684 4400 777 4470 1619.
794 4407 900 4481 (Dec.)
920 4406 980 4468 alia
995 4404 1123 4469 occurrit
1140 4403 1311 4466 difficultas.
1328 4474 1332 4481 ,
1349 4401 1471 4465 Interim

141 4492 217 4558 enin
249 4492 319 4554 dum
341 4493 540 4556 Mutschelius
569 4494 623 4555 ivit
652 4495 835 4575 redivitqne‚
867 4503 950 4557 totus
981 4495 1011 4556 in
1039 4493 1260 4574 compotatione
1292 4491 1334 4554 fui
1366 4491 1472 4553 obser-

141 4590 273 4647 ra'tarnm
296 4579 459 4662 eclipsium.
497 4581 627 4663 Eclipsis
650 4579 837 4647 00001616.
863 4577 965 4667 tusto.
982 4586 1071 4663 Aug,
1095 4582 1257 4645 observata·
1277 4577 1363 4643 est3
1386 4579 1471 4653 locis,

141 4706 308 4786 tubingae
331 4704 460 4781 Rornae,
483 4705 579 4769 Liucii
609 4727 756 4771 consensu
785 4709 916 4788 egregio.
961 4706 1093 4787 Eclipsis
1121 4724 1198 4768 anno
1225 4700 1318 4768 1619.
1344 4664 1472 4809 ἓξὲξ-ἒ

141 4832 301 4897 »tumes
323 4838 372 4919 est
393 4829 720 4928 Tubingss'etLincii
752 4849 899 4901 consensu
930 4832 1037 4900 iterum
1068 4831 1200 4919 optimo,
1232 4829 1306 4892 nihil
1335 4830 1414 4897 eninr
1440 4837 1471 4898 te

210 4924 440 4986 100000000ιο
1107 4970 1126 4999 ,
1229 4932 1264 4990 tt
