3354 5504
68 2852 280 2936 retroprodoe.
320 2851 474 2937 Tempore
496 2855 606 2937 ἱρέων,
628 2855 713 2936 quod
729 2862 915 2918 mentatum
932 2873 992 2936 per
1007 2849 1063 2914 GV
1082 2856 1239 2936 mperatum
1262 2854 1422 2917 umeedit‘

68 2939 124 3023 (sit
147 2949 256 3006 auum
271 2935 353 3022 GT),
377 2963 449 3006 eum
465 2940 524 3005 sot
544 2944 670 3009 uidear
691 2947 727 3008 in
748 2943 835 3008 tinea
849 2941 915 3018 OQ,
934 2935 1068 3026 planetu
1090 2944 1126 3005 in
1142 2944 1210 3028 ejus
1233 2945 1417 3025 appareatis

68 3030 126 3096 lori
149 3031 305 3115 opposito,
324 3039 407 3112 puta
420 3035 456 3094 in
471 3033 497 3107 I,
520 3032 683 3107 redebitur,
704 3042 734 3095 et
749 3034 904 3118 quiajam
921 3033 1062 3114 ponitur,
1086 3034 1120 3094 in
1135 3033 1192 3094 too
1212 3053 1289 3094 casu
1303 3052 1417 3094 eernere

67 3119 327 3202 t’rraeqnatitutem
354 3121 542 3196 secundam,
571 3123 644 3184 ideo
668 3121 740 3193 Qct
764 3123 824 3185 erit
845 3121 931 3184 linea
952 3142 1034 3195 una,
1065 3123 1123 3183 hoe
1146 3128 1199 3192 eet,
1220 3128 1372 3203 punctum
1395 3143 1416 3185 a

68 3231 123 3291 quo
147 3210 311 3292 eonsurqit
333 3212 548 3273 eceentrttttas
571 3214 632 3274 erit
653 3215 688 3275 in
711 3210 797 3275 tinea
820 3208 885 3280 CQ.
936 3212 1023 3290 Quia
1044 3212 1143 3292 ipitur
1167 3208 1208 3270 CI
1235 3211 1312 3273 visio
1336 3209 1414 3293 pla·
1543 3248 1545 3253 ,

67 3308 151 3362 mae
174 3300 358 3381 retroqradi
376 3302 471 3382 prior
495 3306 630 3382 tempore
652 3310 697 3364 eet
719 3301 807 3364 ultra
831 3299 886 3362 CO
910 3303 1059 3363 titionem
1083 3300 1302 3381 posteriorem,
1326 3301 1415 3362 ideo-

68 3408 123 3470 que
144 3389 250 3470 maqis
272 3389 307 3449 in
336 3389 553 3452 ameeedentia
581 3400 768 3471 serpentem,
800 3393 859 3454 erit
888 3392 987 3470 iqitur
1009 3397 1038 3450 et
1062 3387 1118 3458 CQ
1144 3374 1232 3452 uteru
1255 3385 1312 3449 CV
1336 3396 1365 3451 et
1388 3387 1416 3460 Q
1441 3440 1445 3446 .

68 3498 177 3541 notum
201 3485 338 3540 caeam
361 3480 541 3560 systematis
563 3479 650 3543 ultra
674 3482 704 3540 V
727 3488 820 3543 uetus.
867 3479 913 3542 Et
937 3499 1007 3543 eum
1036 3499 1075 3541 ee
1098 3476 1158 3539 OV
1180 3480 1222 3540 sit
1243 3478 1338 3558 faeta
1361 3476 1416 3552 IQ,

67 3567 137 3649 plue
161 3566 287 3629 distans
310 3566 344 3629 in
368 3571 587 3649 correequentia
609 3568 724 3650 anpulo
749 3567 831 3642 001,
854 3568 941 3631 linea
962 3589 1033 3630 uero
1056 3568 1204 3648 apsidum
1219 3567 1278 3627 VD
1301 3567 1347 3629 uel
1363 3568 1416 3629 ΡΙ)

70 3656 105 3735 (a
128 3675 196 3737 qua
216 3664 320 3720 motus
341 3651 472 3739 incepit)
495 3660 679 3722 amnestia
702 3659 787 3720 omni
816 3659 950 3739 metuito
972 3657 1033 3719 siti
1054 3658 1118 3739 spei
1140 3654 1331 3739 parallelos,
1356 3677 1416 3741 ap-

66 3753 155 3827 paret
177 3745 291 3828 ipitur,
323 3745 440 3807 neinori
461 3750 609 3828 temporis
631 3746 795 3810 interuallo
824 3749 922 3809 statui
946 3745 1109 3830 planetam
1136 3744 1270 3809 atterius
1298 3748 1417 3808 uenisse

70 3838 153 3899 eirca
176 3842 317 3897 emirum
339 3831 369 3904 Q
390 3840 588 3917 syetmmtie,
619 3858 713 3918 qaam
735 3845 830 3900 antea
851 3838 907 3899 eut
929 3836 1045 3918 maiori
1073 3838 1223 3917 temporis
1252 3834 1416 3899 interuallo
1481 3893 1487 3906 ,

70 3928 153 3987 eirea
175 3923 207 3982 V
232 3930 372 3988 centrum
393 3929 579 4008 sponsatis.

154 4014 295 4091 Apparet
319 4012 440 4092 itaque,
471 4015 539 4093 quid
563 4017 593 4076 iu
617 4014 673 4076 hac
697 4014 868 4076 reductione
893 4033 911 4073 a
932 4012 1028 4073 medio
1053 4011 1090 4071 ad
1115 4021 1311 4091 apparentem
1334 4011 1415 4074 Solis

69 4112 180 4166 motum
209 4101 239 4162 in
269 4109 351 4163 motu
381 4105 540 4182 apparenti
570 4104 736 4166 eccentrico
767 4104 949 4166 immutetur.
1003 4102 1082 4162 Nam
1114 4101 1143 4162 in
1169 4100 1198 4163 G
1222 4111 1252 4162 et
1275 4103 1412 4182 opposito

70 4201 178 4271 puncto
201 4198 344 4253 versante
368 4198 471 4253 centro
496 4195 684 4276 systematis,
714 4193 794 4253 linea
816 4201 913 4253 motus
938 4191 1082 4252 accentici
1099 4190 1281 4271 apparentis
1304 4200 1414 4264 manet,

70 4282 94 4343 iu
118 4280 149 4353 Q
172 4286 381 4362 promovetur,
412 4280 440 4341 in
474 4285 612 4364 opposito
645 4282 824 4355 retrahitur,
856 4301 921 4342 cum
956 4280 1016 4341 iilic
1041 4291 1160 4360 tempus
1183 4282 1341 4355 minuatur,
1368 4281 1415 4341 hie

71 4379 225 4451 augeatur.
269 4369 373 4448 Atque
398 4368 442 4430 ita
465 4370 521 4433 hae
547 4374 644 4434 lineae
669 4393 687 4432 a
710 4371 845 4451 pristinis
868 4371 993 4432 multum
1009 4370 1167 4432 dissident.
1202 4367 1301 4439 Quare
1313 4370 1415 4440 etiam,

71 4481 133 4523 eum
164 4478 203 4522 ex
232 4458 280 4520 his
304 4458 420 4538 aliquot
443 4459 517 4522 locis
542 4461 614 4522 visis
637 4461 777 4541 planetae
803 4463 834 4534 (e
858 4479 980 4539 quorum
1004 4459 1125 4538 regione
1149 4459 1341 4541 supponimus
1365 4459 1413 4520 in·

71 4550 160 4612 reuiri
186 4555 321 4613 centrum
345 4551 531 4629 systematis,
556 4571 662 4631 nentpe
686 4551 714 4612 in
739 4550 804 4629 ipso
829 4549 916 4621 Sole)
940 4568 1018 4609 nova
1042 4558 1073 4610 et
1090 4548 1221 4627 repetita
1236 4547 1409 4627 operatione

71 4659 176 4702 causas
199 4645 233 4700 et
254 4656 426 4699 mensuram
449 4638 673 4721 inaequalitatis
697 4638 810 4721 ppimae
835 4638 1058 4718 investigamus,
1084 4639 1206 4699 effectus
1228 4637 1412 4716 operationis

71 4751 87 4790 a
106 4728 200 4810 priori
223 4727 317 4788 mutto
341 4726 451 4788 differt.

154 4817 246 4882 Num
267 4816 346 4898 aaa
360 4825 515 4900 pomam
536 4817 694 4904 afflationis
716 4837 756 4881 ea
778 4816 895 4881 arculo
910 4816 1033 4909 veja
1055 4836 1114 4899 quo
1137 4815 1296 4880 Braiseao
1310 4795 1416 4900 ipatus
