3354 5504
664 291 725 350 Para
743 290 833 351 Prinm
872 293 954 366 Caput
970 291 1010 369 V..
1443 296 1504 370 187

155 483 273 539 tantum
298 472 469 557 quantitate
498 477 731 540 eccentricitatis
760 484 886 541 mutata.
935 477 1011 541 Cum
1035 486 1135 541 autem
1164 462 1277 541 ceftum
1301 481 1359 557 sit,
1393 502 1450 544 uno
1475 491 1506 544 et

158 567 259 627 eodem
293 577 429 646 tempore
461 567 615 644 planetam
638 568 667 628 io
693 568 777 628 coelo
802 587 889 629 unum
914 579 946 632 et
968 570 1048 631 idem
1070 569 1128 630 iter
1158 569 1321 645 conticere,
1353 591 1410 632 non
1435 591 1505 635 vero

158 655 235 717 aliud
266 656 444 717 observanti
467 675 505 716 ex
528 662 563 731 d,
593 657 673 717 alind
702 676 739 718 ex
761 676 797 718 a:
830 667 943 719 certum
972 658 1062 738 igitur
1085 665 1116 719 et
1139 659 1195 719 hoc
1229 667 1293 742 est,
1328 679 1384 721 non
1416 680 1505 740 posse

159 745 310 824 planetam
335 746 521 807 observatori
545 746 663 826 utrique
688 748 735 818 (et
758 745 806 828 qui
826 746 855 806 in
870 771 890 808 a
909 756 940 808 et
964 747 1012 827 qui
1032 749 1061 808 in
1077 750 1108 822 δ)
1132 746 1225 807 videri
1250 749 1383 828 aequalia
1408 759 1511 811 motus.
1575 802 1586 813 ,

153 834 260 895 eodem
294 844 440 916 tempore.
487 833 537 896 Sit
568 837 646 896 enirn
676 836 774 916 portin
801 835 864 896 veri
897 836 1012 897 itineris
1046 836 1205 916 planetarii
1233 860 1282 914 ιη,
1314 847 1403 918 atque
1433 839 1505 900 illud

160 924 296 984 conficiat
320 926 445 1004 planeta
468 932 550 985 certo
574 933 726 1004 tempore,
746 933 825 1004 puta
853 925 957 986 diebus
981 922 1040 989 20:
1072 943 1137 987 cum
1165 924 1255 1004 igitur
1278 951 1298 988 α
1322 927 1362 989 sit
1385 928 1505 1008 propius

160 1035 186 1089 ry
208 1032 300 1092 qnam
325 1020 356 1082 d,
391 1014 487 1091 major
519 1014 609 1091 igitur
642 1014 801 1094 apparebit
823 1035 855 1091 ιη
878 1015 906 1075 in
931 1038 966 1090 α,
1001 1035 1089 1096 qnam
1120 1016 1148 1076 in
1172 1020 1199 1088 d,
1223 1034 1276 1094 per
1299 1017 1506 1078 demonstrata

160 1104 266 1181 optica,
289 1121 370 1206 ergo
389 1103 494 1164 iisdem
518 1100 561 1164 20
584 1103 688 1164 diebus
712 1104 834 1182 planeta
857 1103 923 1182 plus
946 1105 1096 1166 videbitur
1120 1114 1275 1184 promotus
1299 1107 1325 1165 ei
1349 1106 1451 1187 quiin
1476 1131 1505 1178 α,

161 1210 242 1271 quam
267 1192 296 1252 ei
323 1193 370 1272 qui
395 1193 424 1252 in
449 1197 475 1252 d.
523 1193 570 1254 Ac
599 1211 664 1253 cum
696 1192 822 1273 quilibet
852 1186 976 1274 planeta
1003 1203 1147 1273 perpetuo
1181 1202 1293 1255 certum
1323 1203 1354 1255 et
1381 1196 1506 1257 eundem

161 1291 277 1342 tueatur
302 1300 453 1343 numerum
478 1281 600 1354 dierum,
626 1282 731 1362 quibua
755 1281 924 1343 restituitur
947 1282 984 1343 ad
1001 1284 1079 1344 idem
1093 1283 1381 1362 fixarumpuoctum,
1406 1285 1504 1346 tardi-

160 1378 249 1431 tatem
275 1358 428 1432 con‘traria
451 1371 608 1433 celeritate
632 1371 819 1473 compensari
848 1380 977 1473 oportet.
1025 1370 1101 1434 Cum
1129 1391 1198 1450 ergo
1232 1372 1406 1451 planetam
1431 1392 1503 1453 por-

161 1459 236 1520 tione
261 1481 295 1535 ιη
317 1461 456 1521 videatur
479 1461 595 1522 tardior
617 1460 644 1520 ei
668 1461 717 1562 qni
741 1460 771 1519 in
795 1464 826 1528 δ,
858 1460 887 1521 iu
913 1460 973 1521 alia
994 1460 1086 1541 igitur
1113 1461 1250 1539 portione
1283 1463 1378 1523 eidem
1403 1463 1505 1543 quiin

161 1549 351 1611 tridebitur
373 1549 514 1625 velocior,
539 1569 627 1631 quam
652 1549 678 1611 ei
703 1549 751 1629 qni
775 1549 805 1609 in
829 1573 858 1610 a.
905 1549 992 1612 Unde
1020 1552 1062 1624 fit,
1087 1559 1120 1612 ut
1148 1551 1206 1611 alio
1233 1552 1297 1611 loco
1315 1551 1505 1613 tardissimus

160 1641 306 1718 appareat
328 1640 356 1699 ei
379 1639 428 1720 qui
453 1639 480 1699 in
507 1645 532 1714 d,
559 1640 616 1701 alio
641 1639 668 1702 ei
692 1639 740 1720 qui
765 1640 794 1699 in
819 1662 849 1700 a.
897 1640 966 1718 Ipse
991 1649 1089 1701 tamen
1118 1640 1242 1719 planeta
1269 1640 1423 1702 verissime
1447 1661 1504 1703 non

160 1737 256 1805 potest
279 1728 338 1789 nisi
362 1748 420 1790 uno
444 1728 473 1788 in
499 1730 563 1789 loco
587 1748 659 1790 suae
684 1727 799 1789 orbitae
823 1728 1011 1790 tardissimus
1036 1748 1113 1790 ease.

240 1816 301 1878 His
337 1818 380 1882 ita
412 1819 601 1896 praeparatis
625 1817 795 1900 quaeritur,
829 1835 866 1878 au
891 1837 979 1879 unum
1003 1828 1034 1880 et
1057 1818 1134 1878 idem
1160 1837 1259 1879 verum
1282 1818 1312 1879 in
1337 1819 1421 1880 coelo
1444 1818 1504 1882 iter

160 1905 296 1983 planetae
331 1907 425 1987 (quod
453 1907 716 1987 praesupponitur)
751 1915 892 1988 utrasque
925 1907 1128 1987 apparitiones
1151 1917 1378 1990 repraesentare
1402 1909 1500 1988 possit

160 2005 184 2055 et
210 1995 238 2057 ei
264 1996 314 2076 qui
340 1996 369 2057 in
392 2002 411 2056 d
433 1996 508 2057 etei
534 1996 634 2076 quiin
659 2021 697 2070 α,
730 1996 846 2076 utrique
885 2016 955 2056 suas
986 2008 1017 2063 et
1041 1999 1135 2071 tales,
1174 2000 1277 2077 quales
1301 1998 1504 2059 Ptolemaicae
1537 2020 1544 2029 ·

160 2085 260 2147 calculi
292 2086 406 2148 formae
430 2085 566 2165 utrinque
591 2086 758 2147 concedunt
781 2095 813 2146 et
836 2086 1006 2147 admittunt.

241 2173 361 2245 Quodsi
394 2176 518 2255 planeta
546 2175 576 2236 in
600 2175 735 2237 omnibus
764 2174 879 2235 orbitae
902 2177 1039 2254 partibus
1063 2175 1198 2256 aequalis
1224 2175 1389 2237 celeritatis
1413 2180 1504 2248 ess'et,
1599 2240 1609 2263 ,

160 2265 389 2345 responderetur
420 2284 473 2347 per
505 2273 596 2342 caput
618 2264 754 2336 tertium,
787 2265 865 2343 quod
895 2265 947 2327 sic.
995 2264 1056 2327 Sed
1081 2266 1150 2345 quia
1172 2264 1347 2343 planeta-in
1372 2285 1428 2326 uno
1452 2286 1504 2327 ec-

160 2355 278 2416 centrici
305 2355 371 2415 loco
402 2354 592 2415 tardissimus
617 2363 664 2414 est
686 2359 759 2413 vera
782 2363 813 2413 et
836 2355 910 2414 reali
934 2373 1031 2425 mora,
1060 2355 1089 2415 in
1114 2354 1252 2434 opposito
1284 2355 1502 2431 velocissimus,

161 2443 219 2504 ideo
243 2443 502 2522 respondendum,
535 2443 611 2523 quod
637 2462 695 2504 oon
723 2443 822 2523 plane.
871 2441 972 2504 Causa
1000 2444 1074 2504 haec
1099 2453 1160 2517 est,
1194 2444 1272 2524 quod
1301 2445 1376 2505 duae
1404 2455 1505 2506 retar-
1564 2502 1566 2506 .

161 2532 296 2594 dationes
319 2534 554 2613 permiscentur;
579 2533 677 2594 altera
690 2532 781 2617 realis
801 2540 830 2591 et
846 2531 972 2613 physica
990 2532 1019 2593 in
1034 2551 1091 2593 uno
1115 2533 1274 2594 eccentrici
1297 2533 1363 2594 loco
1374 2552 1382 2607 ;
1407 2536 1505 2596 altera

161 2623 262 2724 epticar
282 2631 315 2683 et
339 2641 496 2702 apparens,
521 2621 551 2682 in
576 2623 641 2682 loco
665 2641 722 2682 non
743 2621 807 2700 jam
832 2640 898 2694 uno,
923 2623 977 2682 sed
1000 2621 1067 2697 illo,
1092 2623 1140 2702 q‘ui
1165 2643 1184 2683 a
1207 2623 1339 2702 quolibet
1363 2633 1503 2703 suscepto

162 2713 236 2774 risus
262 2712 323 2773 situ
347 2710 563 2773 remotissimus
588 2719 645 2773 eat.
683 2709 811 2780 Quando
835 2729 906 2789 ergo
929 2711 1012 2772 visus
1027 2736 1047 2773 α
1070 2712 1097 2772 in
1123 2711 1233 2772 lineam
1256 2713 1348 2790 peril
1371 2722 1504 2775 centrum

162 2801 317 2863 eccentrici
351 2809 384 2862 et
409 2824 424 2881 7
450 2810 583 2863 centrum
617 2800 773 2891 aequantia
806 2800 926 2861 ductam
959 2800 1075 2875 incidit,
1108 2801 1138 2862 in
1171 2809 1257 2881 parte
1292 2801 1387 2862 lineae
1417 2811 1502 2882 stans

162 2908 247 2970 oppos
250 2890 297 2952 ita
320 2889 374 2963 illi,
399 2910 474 2970 quae
498 2890 619 2969 habety
641 2899 776 2950 centrum
800 2888 968 2969 aequantia,
994 2896 1204 2969 tuucutraque
1228 2891 1388 2952 tarditas
1380 2870 1502 2953 rnidem
1592 2964 1596 2973 .

160 2989 297 3055 punctum
320 2973 444 3041 lixarum
467 2999 572 3040 versus
595 3003 604 3039 ι
627 2979 734 3056 vergit.
782 2975 909 3046 Quando
934 2997 1004 3039 vero
1029 2979 1157 3040 discedit
1180 2980 1261 3040 visua
1286 2998 1323 3040 ex
1344 2981 1399 3041 hac
1423 2982 1503 3041 linea

161 3078 186 3129 ut
208 3069 237 3128 in
264 3074 297 3142 d,
322 3068 393 3130 tu'nc
422 3071 522 3149 ejecta
548 3076 632 3130 recta
659 3087 696 3129 ex
720 3073 737 3128 d
763 3069 858 3146 peril
887 3077 1020 3128 centrum
1049 3068 1150 3129 circuli
1182 3069 1315 3130 ostendit
1346 3070 1502 3131 tarditatis

161 3159 272 3237 opticae
297 3158 393 3219 locum
409 3181 435 3235 η,
459 3178 524 3220 curn
549 3177 622 3219 vera
644 3166 675 3217 et
697 3156 852 3237 physica
844 3176 898 3217 rna
918 3157 969 3216 sit.
1005 3159 1107 3238 Atque
1127 3159 1230 3220 harum
1254 3158 1501 3238 inaequalitatum

161 3264 204 3308 reu
229 3248 468 3309 retardationem
499 3249 597 3309 altera
624 3246 751 3308 alteram
781 3245 881 3321 diluit,
910 3249 1190 3327 accumulantorque
1221 3249 1251 3309 in
1280 3247 1376 3309 locum
1398 3249 1500 3310 inter·

140 3336 283 3398 'medium
307 3336 387 3398 inter
410 3363 428 3411 ι,
450 3360 477 3416 η,
500 3346 533 3398 ut
556 3337 582 3398 si
607 3355 644 3397 ex
667 3341 685 3396 d
706 3354 760 3414 per
785 3357 799 3413 y
818 3336 901 3395 linea
924 3336 1082 3414 ejiceretur
1108 3338 1137 3397 io
1162 3346 1301 3416 punctum
1325 3334 1349 3409 ζ.
1396 3338 1502 3420 Itaque

161 3427 271 3506 siquis
295 3426 351 3488 tali
374 3427 489 3487 calculo
514 3435 661 3501 uteretur,
691 3425 720 3486 in
745 3443 801 3503 quo
825 3426 869 3508 dt}
891 3435 973 3486 esset
994 3426 1135 3505 apsidum
1164 3426 1323 3488 eccentrici
1348 3428 1440 3502 linea,
1465 3431 1503 3507 βγ

161 3531 224 3577 aero
258 3515 340 3576 linea
369 3515 601 3577 eccentricitatis
635 3514 811 3594 aequantia,
841 3522 911 3574 tunc
940 3513 1057 3594 quidem
1086 3525 1230 3576 manente
1262 3516 1403 3595 planetae
1432 3536 1502 3579 vero
1541 3556 1544 3561 ‹

161 3603 259 3666 itinere
285 3627 319 3682 ιη
340 3613 617 3684 repraesentaretur
640 3604 720 3665 alind
744 3604 775 3663 in
798 3607 815 3662 d
838 3621 926 3681 quarn
949 3602 979 3663 in
1002 3624 1038 3665 a:
1063 3624 1130 3665 nam
1155 3606 1182 3665 ei
1206 3604 1254 3685 qui
1278 3605 1307 3664 in
1331 3611 1356 3676 d,
1379 3606 1504 3686 planeta

161 3693 347 3756 tardissimos
371 3703 454 3756 esset
475 3695 505 3755 in
528 3689 553 3769 ζ,
579 3693 605 3754 ei
630 3694 678 3773 qui
701 3693 731 3754 in
749 3716 778 3767 α,
804 3691 994 3753 tardissimus
1017 3692 1046 3753 in
1060 3718 1079 3754 ι.
1117 3694 1161 3754 At
1184 3713 1242 3754 non
1265 3694 1328 3755 tale
1352 3696 1503 3776 quippiam

161 3780 182 3843 in
205 3790 224 3844 d
247 3791 538 3862 repraesentaretur,
564 3783 718 3862 quodper
741 3780 918 3863 hypothesin
943 3781 1032 3864 priori
1057 3783 1238 3843 conformem
1261 3801 1350 3863 supra
1364 3787 1502 3864 postula-

160 3873 249 3934 rimus
273 3874 494 3952 repraesentari
520 3872 638 3934 debere.
685 3872 833 3932 Differunt
864 3869 941 3930 enirn
974 3870 1180 3952 hypothesium
1211 3873 1323 3937 formae
1348 3894 1399 3945 eo,
1425 3876 1502 3956 qnod

160 3959 213 4023 illic
236 3963 257 4040 β
285 3963 414 4024 medium
438 3961 528 4024 estin
548 3984 587 4041 oy
610 3961 702 4042 (quod
726 3970 757 4021 et
779 3958 905 4039 physica
927 3960 1003 4021 ratio
1026 3961 1178 4040 postulat,
1204 3961 1229 4039 ai
1248 3962 1277 4022 in
1300 3984 1320 4022 α
1343 3963 1384 4025 ait
1406 3965 1501 4027 virtus

160 4054 294 4125 novena)
327 4052 374 4113 hic
403 4070 473 4112 vero
497 4053 517 4129 β
543 4059 679 4112 centrum
708 4048 866 4111 eccentrioi
894 4066 951 4108 nnn
982 4057 1064 4109 esset
1091 4049 1220 4112 medium
1246 4050 1326 4113 inter
1354 4058 1386 4129 d,
1409 4076 1425 4134 y
1447 4074 1501 4116 nec

160 4137 231 4202 linea
255 4140 491 4202 eccentricitatis
515 4139 672 4221 aequantia
696 4142 745 4212 (ut
759 4135 834 4210 illic)
858 4155 911 4216 per
934 4138 1061 4198 visnmo
1084 4138 1244 4202 transiret:
1269 4159 1345 4221 quae
1369 4144 1395 4204 si
1410 4143 1502 4205 etiam

160 4230 300 4292 transiret
321 4249 375 4312 per
394 4236 420 4303 d,
446 4238 477 4292 ut
493 4235 540 4310 dy,
567 4248 625 4291 non
649 4239 749 4290 tamen
773 4235 892 4288 secaret
915 4225 1111 4289 eccentricum
1134 4228 1163 4288 iu
1180 4230 1236 4291 duo
1262 4233 1408 4313 aequalia,
1433 4233 1502 4313 quia

160 4335 211 4380 non
234 4319 265 4381 in
292 4329 396 4381 centro
420 4322 448 4396 β,
473 4339 527 4380 nen
550 4329 705 4399 pateretur
727 4317 881 4396 planetam
905 4315 935 4376 in
956 4316 1028 4377 locis
1052 4318 1200 4397 oppositis
1224 4319 1293 4381 hinc
1317 4322 1411 4384 videri
1435 4329 1500 4383 tar·

160 4406 318 4493 dissimum,
344 4404 412 4472 inde
436 4408 663 4471 velocissimum.

176 4548 178 4553 .
241 4495 319 4561 Cum
343 4516 414 4576 ergo
438 4505 573 4571 constet,
606 4502 744 4558 manente
775 4495 863 4575 plane
902 4494 1005 4554 eodem
1037 4493 1144 4557 itinere
1176 4497 1318 4576 planetae
1352 4497 1380 4557 in
1404 4497 1499 4574 coelo,

159 4607 210 4650 noo
234 4608 326 4670 posse
349 4589 439 4668 plane
463 4588 588 4648 eandem
611 4600 785 4666 permanere
806 4584 932 4644 formam
949 4582 1162 4664 hypotheseos,
1186 4586 1338 4667 quaeritur
1353 4587 1499 4666 amplius:

158 4679 180 4739 si
202 4678 381 4740 instituatur
404 4677 509 4738 eadem
532 4676 627 4738 forma
649 4672 878 4756 hypotheseos
870 4692 900 4732 m
923 4677 950 4746 d,
974 4679 1116 4753 quantum
1131 4681 1261 4736 mutetur
1278 4675 1336 4737 itei
1357 4676 1506 4761 planetae

158 4787 174 4828 a
203 4768 297 4849 priori
328 4775 359 4828 et
391 4775 534 4870 quantum
566 4766 640 4827 haec
672 4783 751 4824 nova
782 4759 933 4823 institutio
957 4761 1168 4842 hypotheseos
1183 4783 1220 4824 ex
1243 4768 1260 4823 δ
1282 4764 1437 4828 variatura
1459 4767 1520 4839 sit.
1560 4818 1566 4831 ,

158 4857 269 4935 priores
298 4855 492 4937 apparentiae
516 4855 547 4918 in
570 4876 600 4916 α.
648 4853 763 4928 Primo,
796 4850 822 4913 ai
846 4849 1011 4913 collocetur
1033 4859 1167 4914 centrum
1191 4853 1350 4936 aequantia
1373 4872 1410 4918 ex
1433 4842 1572 4938 yllr
