3354 5504
55 348 58 355 Ι
163 255 206 338 24
527 240 529 246 ¹
583 261 682 321 Ῑιιιιιιι
700 267 802 334 Kspleri
820 268 968 336 aliorumque
986 276 1088 322 mutuae

157 446 313 530 planetae,
336 445 473 508 Martis
497 447 620 508 scilicet.
667 447 702 508 ln
724 447 782 508 hoc
804 455 922 528 tempus
944 446 1015 508 trivi
1038 465 1093 508 nec
1114 445 1152 507 de
1175 443 1301 506 aliorum
1319 443 1506 524 planetarum

164 533 426 596 observationibus
449 535 490 596 fni
515 536 680 597 sollicitus:
717 536 889 615 sperabam
890 535 1029 632 quotidie
1053 534 1166 596 exitum
1187 533 1218 595 in
1240 532 1358 594 theoria
1379 532 1507 609 Martis:

123 623 141 700 ᾗ
161 632 233 703 post
255 623 332 684 alias
355 642 470 705 quoque
493 624 673 686 habuissem
711 626 757 686 At
774 644 841 686 cum
856 616 974 705 teinpus
990 623 1169 696 elaberetur,
1192 641 1263 701 spes
1276 612 1376 685 tamen
1392 621 1506 685 reditas

161 712 221 773 mei
243 711 274 773 in
296 712 473 774 Bobemiam
497 732 632 775 secumm
654 732 701 774 me
724 713 862 775 reddidit.
909 715 1004 792 Igitur
1024 715 1120 787 Mars,
1144 718 1287 791 quantum
1309 730 1365 790 ego
1388 709 1507 790 quidem

163 820 201 862 ex
233 800 493 863 observationibus
517 802 667 884 Tychonis
698 803 841 877 hausi,
828 822 893 882 Jam
925 802 1087 884 incipiebat
1117 805 1222 880 argute
1254 798 1329 863 satis
1360 797 1508 863 modulari

161 890 282 952 tertiam
304 889 418 964 duram,
441 909 529 971 quam
551 890 597 952 illi
615 891 779 970 assignavi.
820 888 1070 955 confirmavit
1091 891 1191 954 idem
1214 897 1252 950 et
1273 887 1506 971 Mysterium

162 997 276 1041 meum
308 978 449 1040 duobus
480 981 581 1042 locis
604 981 779 1042 mirifice.
827 980 916 1044 (lum
946 981 1043 1043 enim
1076 979 1158 1041 illic
1190 997 1257 1059 ego
1290 978 1507 1052 retulissem

163 1067 485 1130 ecceutricitates
521 1070 760 1149 planetarum
798 1071 958 1133 omnium
989 1069 1073 1132 ad
1065 1086 1188 1150 ipsum
1219 1087 1355 1147 corpus
1385 1066 1513 1140 Solis,

162 1156 251 1219 valde
274 1156 348 1218 mihi
371 1177 390 1217 a
413 1158 554 1238 Tychone
576 1159 762 1234 metuebam,
795 1178 832 1220 ne
860 1159 886 1223 is
909 1159 1035 1226 referret
1057 1166 1091 1219 ut
1114 1156 1296 1237 Copernicus
1318 1157 1357 1229 ad
1378 1148 1521 1219 medium'

162 1246 259 1309 locum
276 1245 369 1308 Solis.
407 1246 503 1329 Atqui
523 1249 609 1310 Mars
633 1257 806 1309 constanter
827 1249 989 1327 respuebat
1010 1248 1105 1310 ullum
1120 1235 1200 1308 aliud
1215 1252 1365 1326 punctum,
1387 1252 1508 1325 practer

162 1336 261 1416 ipsum
282 1342 417 1396 centmm
439 1337 574 1417 corporis
590 1336 716 1399 Solaris.
754 1337 856 1419 Tycho
871 1337 1042 1399 laetabatur
1060 1336 1135 1399 mais
1151 1335 1200 1396 his
1213 1333 1312 1409 ansis;
1335 1354 1405 1396 nam
1428 1334 1507 1394 idem

162 1425 206 1486 ait
228 1431 260 1484 ιι
282 1422 371 1485 sibi
358 1443 423 1505 Jam
446 1424 497 1486 diu
520 1426 675 1506 agitatum,
699 1427 753 1488 sed
776 1425 902 1491 libenter
925 1427 1142 1499 declinaturum
1165 1423 1335 1485 intricatam
1360 1424 1509 1485 rationem

163 1512 286 1588 calculi,
316 1531 410 1594 eoque
433 1532 540 1595 cupere
565 1514 665 1577 videre
689 1523 720 1576 et
742 1515 869 1577 aliorum
891 1515 1114 1577 meditationes.
1159 1512 1316 1588 Deinde,
1339 1531 1416 1575 cum
1438 1530 1508 1592 ego

164 1601 229 1664 sub
253 1602 364 1663 finem
386 1604 564 1685 Mysterii
595 1605 662 1666 mei
691 1605 916 1667 monuissem
948 1605 991 1665 de
1025 1609 1212 1684 aequante
1237 1598 1288 1678 Θ,
1320 1620 1422 1683 quem
1445 1601 1509 1674 do-‚

164 1690 285 1753 lebam
313 1691 423 1754 unico
454 1691 536 1755 Soli
563 1695 623 1777 vel
651 1695 788 1777 Terrae
816 1705 1008 1774 negatum:
1034 1694 1099 1772 jam
1122 1699 1148 1762 ο·
1171 1691 1359 1772 apertissime
1389 1699 1420 1752 et
1450 1690 1507 1751 hoc

162 1786 293 1843 testatus
316 1787 378 1856 est,
410 1779 521 1843 inesse'
542 1781 573 1844 in
597 1780 637 1861 Θ
662 1783 808 1845 ιιιιοιιιι
839 1778 1006 1865 aequantia
1052 1782 1095 1844 Et
1120 1781 1178 1843 boc
1211 1788 1271 1855 est,
1304 1780 1382 1861 quod
1405 1778 1508 1862 Tycho

162 1871 249 1951 quasi
271 1869 326 1932 sub
349 1869 528 1949 aenigmatis
551 1870 704 1934 involucro
729 1874 777 1945 (ut
798 1870 948 1935 interdum
972 1871 1063 1946 ιοιιι)
1089 1870 1128 1932 ad
1151 1888 1197 1931 me
1221 1868 1440 1949 perscripserat
1463 1868 1507 1929 de

162 1958 344 2022 variabili
375 1960 595 2042 quantitate
628 1961 731 2023 orbis
762 1962 889 2037 annui,
921 1961 982 2044 qui
1014 1961 1050 2022 in
1082 1967 1107 2029 6
1139 1958 1297 2023 efficiat
1320 1957 1507 2019 differen-

163 2047 253 2110 tiam
279 2044 314 2111 ιο
335 2043 390 2111 lo
413 2055 445 2119 (L
470 2054 535 2120 ιι..)
581 2050 632 2113 Au
655 2050 749 2130 igitur
769 2059 951 2132 exspectem,
974 2051 1043 2112 dum
1063 2048 1167 2151 Tycbo
1191 2067 1262 2110 snas
1284 2047 1355 2110 edat
1376 2045 1510 2108 theorias

162 2136 361 2217 planetarum,
385 2137 513 2218 ambigo.
548 2137 610 2202 Sed
633 2147 742 2214 tamen,
768 2139 794 2201 si
816 2144 1035 2220 praeoccupare
1058 2137 1156 2205 visum
1179 2137 1277 2212 fuerit,
1301 2136 1398 2200 adhuc
1421 2153 1512 2203 uuum

162 2225 236 2291 nihi
259 2226 361 2303 deest,
384 2228 463 2309 quod
486 2248 505 2289 a
526 2229 570 2290 Μ.
595 2229 629 2292 Τ.
653 2237 768 2309 petam,
799 2230 886 2310 copia
910 2249 951 2291 sc.
974 2227 1173 2291 Harmonices
1186 2227 1255 2288 sive
1277 2225 1411 2307 Musicae
1432 2221 1508 2288 Pto-

162 2315 279 2378 lemaei.
324 2316 468 2378 Lustravi
491 2317 661 2397 catalogum
685 2318 883 2389 bibliothecae
907 2318 1100 2392 Viennensis,
1124 2316 1155 2377 in
1178 2335 1237 2398 qua
1258 2315 1366 2379 librum
1388 2321 1510 2376 exstare

163 2404 397 2485 manuscriptum
427 2405 577 2487 Spachins
609 2407 737 2469 affirmat
766 2408 797 2470 in
831 2408 969 2488 catalogo
1001 2406 1255 2488 philosophomm.
1311 2405 1380 2467 Non
1411 2400 1510 2484 reperi

162 2495 338 2576 quaesitum.
384 2494 501 2576 Scripsi
524 2495 564 2560 ad
585 2496 802 2578 Dasypqdioni.
848 2497 970 2560 Habere
993 2516 1025 2560 se
1053 2495 1222 2579 respondit,
1254 2493 1386 2577 nihilque
1418 2510 1510 2573 prae-

104 2605 108 2611 ·
160 2591 254 2646 teres.
293 2583 411 2647 Atnisi
433 2603 490 2665 ego
507 2604 688 2666 sperassem,
711 2586 797 2655 illum
819 2587 974 2667 possidere
998 2585 1076 2648 hunc
1099 2583 1215 2660 librum,
1238 2603 1297 2645 uon
1319 2582 1510 2662 scripsissem

159 2668 395 2754 uec'petiissem
417 2673 543 2755 copiam
589 2675 687 2737 Ursus
709 2676 827 2755 Pragae
851 2677 1156 2757 affirmaveratputo
1179 2691 1217 2734 ex
1240 2672 1369 2737 Gesneri
1398 2671 1510 2733 biblio-

159 2761 459 2844 theca,1mpressum
483 2781 550 2831 ιιιι
574 2764 700 2839 alicubi,
728 2773 801 2845 ppto
824 2765 968 2841 Parisiis;
992 2775 1023 2826 et
1046 2763 1145 2837 Otbo,
1176 2769 1280 2824 auctor
1303 2762 1353 2825 ille
1375 2759 1510 2824 Palatini

161 2851 271 2934 operis,
295 2851 346 2934 qni
363 2851 430 2934 jam
444 2852 562 2933 Pragae
584 2853 699 2929 haeret,
723 2872 792 2916 esse
814 2862 847 2916 et
870 2854 928 2917 sibi
950 2853 1103 2934 exemplar
1130 2851 1315 2931 opinabatur.
1357 2851 1407 2915 Ita
1433 2856 1510 2911 nasu

162 2941 264 3004 ducor.
310 2939 429 3014 Quodsi
451 2938 617 3005 Ptolemaei
641 2943 815 3024 opusculum
837 2943 971 3006 nancisci
993 2961 1118 3035 nequeo,
1141 2948 1175 3002 at
1189 2940 1333 3005 Glareani
1348 2929 1511 3001 Cbmmen·

161 3031 272 3094 ιιιιιιι
294 3049 383 3111 super
405 3030 484 3093 hauc
506 3031 712 3112 disciplinam,
745 3033 864 3114 qnod
855 3051 1034 3114 impressum
1058 3041 1106 3093 est
1127 3030 1158 3091 in
1179 3029 1245 3091 folii
1268 3031 1379 3105 forma,
1402 3028 1510 3091 Ptole-

163 3120 279 3182 maicae
300 3119 430 3182 rationis
453 3121 583 3184 fortasse
607 3122 786 3183 mentionem
809 3122 911 3187 faciet
1519 3151 1520 3154 ¹

97 3205 102 3216 '
251 3207 341 3282 Quod
363 3209 460 3290 petis,
493 3219 528 3272 ut
559 3212 725 3273 examinem
756 3231 866 3273 annum
899 3216 1017 3272 sextum
1040 3216 1071 3269 ιι
1094 3209 1253 3312 septimum
1280 3216 1348 3269 ante
1373 3205 1446 3280 Cla,
1470 3227 1510 3268 an

113 3346 116 3351 >
163 3298 255 3362 luerit
276 3286 380 3401 aliqua
402 3299 571 3381 conjunctio
597 3299 621 3374 Ω
646 3308 677 3361 et
699 3303 734 3379 p
768 3300 964 3362 differendum
993 3308 1040 3360 est
1068 3298 1098 3359 in
1122 3299 1308 3360 occasionem
1330 3297 1507 3379 proximam.

163 3389 234 3452 Jem
256 3388 336 3449 enim
358 3397 522 3469 occupatus
545 3408 610 3452 sum
625 3391 663 3452 in
686 3390 792 3471 eclipsi
816 3386 866 3467 Θ.
914 3388 978 3452 Sed
1000 3395 1141 3469 qnantum
1165 3389 1247 3468 ligna
1270 3388 1405 3462 metallo,
1419 3396 1509 3448 tau·

166 3486 230 3556 tum
251 3486 358 3540 ιοιιιι
378 3477 530 3560 Tychonis
553 3477 634 3541 cedit
653 3478 802 3542 industria
825 3478 995 3542 subtilitati.

252 3565 344 3630 Marii
365 3567 486 3630 tabulas
509 3567 705 3635 directionum
727 3566 790 3630 vidi
811 3567 987 3631 Beuathlrae
1011 3588 1030 3628 a
1052 3574 1082 3628 ιι
1114 3566 1242 3641 missas,
1276 3566 1330 3626 sed
1358 3587 1509 3646 napspyae

165 3665 200 3719 ut
221 3664 324 3720 cetera
346 3657 444 3721 omnia
466 3668 586 3739 praeter
605 3657 786 3740 Ίιιιιοιιιι.
809 3654 949 3721 Certum
972 3665 1029 3732 est,
1052 3656 1144 3725 aliam
1167 3655 1390 3729 aPtclemaica
1410 3653 1508 3718 ratio-

164 3765 231 3812 nem
253 3750 323 3809 es'se
345 3745 587 3827 Regiomontaui.
634 3747 697 3810 Sed
719 3747 770 3809 vix
791 3747 896 3813 melior
917 3765 987 3808 esse
1008 3754 1111 3827 potest
1124 3745 1310 3810 Ptolemaica
1322 3739 1508 3822 Regiomon-

164 3835 229 3898 taui
258 3834 408 3899 methodo.
453 3838 518 3900 Nec
541 3836 660 3911 dubito,
687 3843 839 3918 quantum
865 3855 904 3898 ex
926 3835 1129 3917 superficiaria
1151 3832 1279 3898 lectione
1308 3834 1381 3896 mibi
1403 3835 1509 3908 haeret

163 3924 196 3986 iu
226 3925 393 4001 memoria„
413 3927 621 3999 ¹Ptolemaeum
644 3926 742 3988 Mario
774 3934 855 3988 recte
878 3925 1071 3988 intellectum.
1117 3925 1241 3988 Videris
1269 3932 1368 3994 autem
1391 3924 1507 3986 occulte

161 4026 292 4091 mouere,
315 4023 490 4095 aspectuum
502 4015 617 4077 variam
636 4033 704 4076 esse
722 4013 873 4079 rationem
892 4015 1018 4098 ideoque
1040 4035 1099 4077 non
1120 4034 1189 4077 esse
1204 4015 1280 4076 adeo
1296 4014 1509 4094 geometricum

162 4111 276 4168 certum
297 4112 329 4167 et
350 4116 494 4169 constam
514 4103 666 4185 negotium
684 4105 721 4166 de
740 4105 923 4185 aspectibus,
946 4105 989 4167 uti
1008 4104 1129 4185 quidem
1143 4122 1200 4184 ego
1214 4102 1287 4166 mihi
1300 4103 1507 4204 persuadeam.

162 4192 196 4257 Si
218 4193 276 4257 hoc
297 4194 360 4270 ris,
392 4195 576 4276 respondeo,
609 4194 684 4257 nihil
717 4212 784 4256 esse
814 4214 866 4256 cur
895 4194 926 4256 in
949 4193 1069 4256 dubium
1091 4201 1234 4257 vocentur
1256 4212 1341 4256 meae
1364 4191 1508 4261 rationes,

160 4283 240 4347 Nam
261 4283 382 4347 illorum
404 4291 578 4364 aspectuum
600 4285 688 4364 louge
711 4283 773 4346 alia
794 4285 873 4346 ratio
896 4292 958 4358 est,
982 4303 1037 4348 nec
1059 4283 1139 4345 de''
1119 4304 1158 4347 ns
1181 4281 1254 4346 mihi
1276 4301 1374 4345 sermo
1397 4282 1455 4344 erit
1476 4281 1508 4344 in

163 4372 238 4436 meis
260 4370 462 4438 Harmonicis.

251 4445 392 4528 Ceterum
414 4481 489 4543 quae
513 4462 621 4524 adme
644 4463 790 4525 missurus
812 4460 958 4524 distulisti
981 4461 1112 4524 incertus
1144 4462 1181 4523 de
1209 4480 1276 4524 meo
1307 4459 1422 4535 re'ditn,
1453 4457 1509 4522 illa

163 4551 265 4614 videre
289 4572 379 4615 aveo:
411 4561 482 4615 tuuc
515 4570 586 4632 ergo
614 4551 640 4612 si
662 4554 705 4614 Μ.
729 4552 764 4613 Τ.
789 4549 954 4625 videbitur,
987 4551 1136 4612 remittam
1161 4550 1261 4615 Clavii
1289 4507 1506 4614 Astrolabium.

167 4640 293 4705 Ceteros
317 4641 436 4709 libellos
458 4648 531 4723 puto
553 4641 687 4720 integros
709 4642 749 4705 ad
771 4650 801 4703 te
831 4640 957 4703 redisse.
1003 4641 1131 4721 Jamque
1162 4641 1202 4703 ad
1234 4659 1336 4702 omnes
1364 4639 1508 4701 articulos

165 4730 318 4796 literarum
341 4739 459 4795 marom
480 4728 630 4810 respondi.
675 4733 781 4812 Itaque
805 4730 872 4792 sale
894 4731 941 4792 vir
962 4729 1122 4820 Magnifice
1144 4739 1184 4792 ιι
1205 4731 1263 4794 mei
1290 4729 1507 4802 amantissime,
