<?xml version="1.0" encoding="UTF-8"?>
<!DOCTYPE html PUBLIC "-//W3C//DTD XHTML 1.0 Transitional//EN"
    "http://www.w3.org/TR/xhtml1/DTD/xhtml1-transitional.dtd">
<html xmlns="http://www.w3.org/1999/xhtml" xml:lang="en" lang="en">
 <head>
  <title>
</title>
<meta http-equiv="Content-Type" content="text/html;charset=utf-8" />
  <meta name='ocr-system' content='tesseract 3.04.00' />
  <meta name='ocr-capabilities' content='ocr_page ocr_carea ocr_par ocr_line ocrx_word'/>
</head>
<body>
  <div class='ocr_page' id='page_1' title='image "./joanniskepleria14frisgoog_0050.png"; bbox 0 0 3354 5504; ppageno 0'>
   <div class='ocr_carea' id='block_1_1' title="bbox 210 218 1209 344">
    <p class='ocr_par' dir='ltr' id='par_1_1' title="bbox 210 218 1209 379">
     <span class='ocr_line' id='line_1_1' title="bbox 210 218 1209 344; baseline -0.002 -14"><span class='ocrx_word' id='word_1_1' title='bbox 210 272 293 343; x_wconf 99' lang='grc'><strong>40</strong></span> <span class='ocrx_word' id='word_1_2' title='bbox 664 218 1209 344; x_wconf 61' lang='lat' dir='ltr'><strong>murmuratores-quamam·</strong></span> 
     </span>
    </p>
   </div>
   <div class='ocr_carea' id='block_1_2' title="bbox 149 452 1604 4927">
    <p class='ocr_par' dir='ltr' id='par_1_2' title="bbox 245 452 1597 538">
     <span class='ocr_line' id='line_1_2' title="bbox 245 452 1597 538; baseline -0.003 -20"><span class='ocrx_word' id='word_1_3' title='bbox 245 454 331 519; x_wconf 89' lang='lat' dir='ltr'><strong>illam</strong></span> <span class='ocrx_word' id='word_1_4' title='bbox 353 468 522 534; x_wconf 74' lang='lat' dir='ltr'><strong>pomum</strong></span> <span class='ocrx_word' id='word_1_5' title='bbox 543 454 581 514; x_wconf 89' lang='lat' dir='ltr'><strong>de</strong></span> <span class='ocrx_word' id='word_1_6' title='bbox 605 453 723 534; x_wconf 81' lang='lat' dir='ltr'><strong>gemino</strong></span> <span class='ocrx_word' id='word_1_7' title='bbox 756 455 865 518; x_wconf 84' lang='lat' dir='ltr'><strong>stellae</strong></span> <span class='ocrx_word' id='word_1_8' title='bbox 891 458 1036 538; x_wconf 86' lang='lat' dir='ltr'><strong>perigaeo</strong></span> <span class='ocrx_word' id='word_1_9' title='bbox 1059 456 1160 519; x_wconf 85' lang='lat' dir='ltr'><strong>causis</strong></span> <span class='ocrx_word' id='word_1_10' title='bbox 1184 456 1253 534; x_wconf 85' lang='lat' dir='ltr'><strong>aliis</strong></span> <span class='ocrx_word' id='word_1_11' title='bbox 1276 452 1522 518; x_wconf 75' lang='lat' dir='ltr'><strong>concurrentibus</strong></span> <span class='ocrx_word' id='word_1_12' title='bbox 1539 452 1597 514; x_wconf 84' lang='lat' dir='ltr'><strong>ad·</strong></span> 
     </span>
    </p>

    <p class='ocr_par' dir='ltr' id='par_1_3' title="bbox 196 526 1598 1251">
     <span class='ocr_line' id='line_1_3' title="bbox 225 526 1598 646; baseline -0.001 -41"><span class='ocrx_word' id='word_1_13' title='bbox 225 594 235 617; x_wconf 84' lang='lat'><strong>,</strong></span> <span class='ocrx_word' id='word_1_14' title='bbox 239 543 349 625; x_wconf 72' lang='lat' dir='ltr'><strong>juvare</strong></span> <span class='ocrx_word' id='word_1_15' title='bbox 369 551 488 646; x_wconf 41' lang='lat' dir='ltr'><strong>potest·</strong></span> <span class='ocrx_word' id='word_1_16' title='bbox 529 543 634 606; x_wconf 84' lang='lat' dir='ltr'><strong>Simile</strong></span> <span class='ocrx_word' id='word_1_17' title='bbox 656 542 705 605; x_wconf 92' lang='lat' dir='ltr'><strong>his</strong></span> <span class='ocrx_word' id='word_1_18' title='bbox 728 551 777 607; x_wconf 87' lang='lat' dir='ltr'><strong>est</strong></span> <span class='ocrx_word' id='word_1_19' title='bbox 799 553 830 608; x_wconf 93' lang='lat' dir='ltr'><strong>et</strong></span> <span class='ocrx_word' id='word_1_20' title='bbox 847 546 951 626; x_wconf 92' lang='lat' dir='ltr'><strong>procul</strong></span> <span class='ocrx_word' id='word_1_21' title='bbox 970 546 1060 609; x_wconf 91' lang='lat' dir='ltr'><strong>dubio</strong></span> <span class='ocrx_word' id='word_1_22' title='bbox 1076 564 1122 608; x_wconf 84' lang='lat' dir='ltr'><strong>ex</strong></span> <span class='ocrx_word' id='word_1_23' title='bbox 1119 526 1234 607; x_wconf 83' lang='lat' dir='ltr'><strong>eadem</strong></span> <span class='ocrx_word' id='word_1_24' title='bbox 1251 564 1344 607; x_wconf 89' lang='lat' dir='ltr'><strong>causa</strong></span> <span class='ocrx_word' id='word_1_25' title='bbox 1357 528 1495 617; x_wconf 85' lang='grc' dir='ltr'><strong>ιιιιιιι,</strong></span> <span class='ocrx_word' id='word_1_26' title='bbox 1514 541 1598 644; x_wconf 83' lang='lat' dir='ltr'><strong>quod</strong></span> 
     </span>
     <span class='ocr_line' id='line_1_4' title="bbox 196 626 1597 718; baseline -0.003 -22"><span class='ocrx_word' id='word_1_27' title='bbox 196 708 200 713; x_wconf 22' lang='lat'><strong>⁴</strong></span> <span class='ocrx_word' id='word_1_28' title='bbox 242 633 438 697; x_wconf 85' lang='lat' dir='ltr'><strong>Ptolemaeus</strong></span> <span class='ocrx_word' id='word_1_29' title='bbox 461 626 591 714; x_wconf 80' lang='lat' dir='ltr'><strong>ejuiqne·</strong></span> <span class='ocrx_word' id='word_1_30' title='bbox 607 631 656 697; x_wconf 90' lang='lat' dir='ltr'><strong>hic</strong></span> <span class='ocrx_word' id='word_1_31' title='bbox 679 631 843 695; x_wconf 80' lang='lat' dir='ltr'><strong>imitator</strong></span> <span class='ocrx_word' id='word_1_32' title='bbox 835 655 866 696; x_wconf 91' lang='lat' dir='ltr'><strong>m</strong></span> <span class='ocrx_word' id='word_1_33' title='bbox 894 635 956 697; x_wconf 88' lang='lat' dir='ltr'><strong>alia</strong></span> <span class='ocrx_word' id='word_1_34' title='bbox 984 634 1145 718; x_wconf 79' lang='lat' dir='ltr'><strong>hypothesi</strong></span> <span class='ocrx_word' id='word_1_35' title='bbox 1175 632 1597 716; x_wconf 79' lang='lat' dir='ltr'><strong>eoperniaus(ns.rs)1n-</strong></span> 
     </span>
     <span class='ocr_line' id='line_1_5' title="bbox 244 719 1597 806; baseline -0.003 -20"><span class='ocrx_word' id='word_1_36' title='bbox 244 720 425 786; x_wconf 86' lang='lat' dir='ltr'><strong>clinationcs</strong></span> <span class='ocrx_word' id='word_1_37' title='bbox 446 721 636 802; x_wconf 89' lang='lat' dir='ltr'><strong>planorum</strong></span> <span class='ocrx_word' id='word_1_38' title='bbox 626 741 658 783; x_wconf 90' lang='lat' dir='ltr'><strong>m</strong></span> <span class='ocrx_word' id='word_1_39' title='bbox 680 721 813 801; x_wconf 86' lang='lat' dir='ltr'><strong>planetis</strong></span> <span class='ocrx_word' id='word_1_40' title='bbox 835 723 995 787; x_wconf 79' lang='lat' dir='ltr'><strong>libratione</strong></span> <span class='ocrx_word' id='word_1_41' title='bbox 1019 725 1130 806; x_wconf 88' lang='lat' dir='ltr'><strong>aliqua,</strong></span> <span class='ocrx_word' id='word_1_42' title='bbox 1153 742 1230 805; x_wconf 88' lang='lat' dir='ltr'><strong>quac</strong></span> <span class='ocrx_word' id='word_1_43' title='bbox 1254 724 1295 785; x_wconf 92' lang='lat' dir='ltr'><strong>sit</strong></span> <span class='ocrx_word' id='word_1_44' title='bbox 1316 719 1497 784; x_wconf 78' lang='lat' dir='ltr'><strong>resolutioni</strong></span> <span class='ocrx_word' id='word_1_45' title='bbox 1514 719 1597 783; x_wconf 86' lang='lat' dir='ltr'><strong>Solis</strong></span> 
     </span>
     <span class='ocr_line' id='line_1_6' title="bbox 213 808 1598 901; baseline -0.003 -27"><span class='ocrx_word' id='word_1_46' title='bbox 213 828 216 833; x_wconf 87' lang='lat'>·</span> <span class='ocrx_word' id='word_1_47' title='bbox 245 810 398 891; x_wconf 70' lang='lat' dir='ltr'><strong>druioyoa,</strong></span> <span class='ocrx_word' id='word_1_48' title='bbox 421 810 581 873; x_wconf 79' lang='lat' dir='ltr'><strong>instabiles</strong></span> <span class='ocrx_word' id='word_1_49' title='bbox 603 810 740 874; x_wconf 90' lang='lat' dir='ltr'><strong>reddunt.</strong></span> <span class='ocrx_word' id='word_1_50' title='bbox 787 812 824 873; x_wconf 88' lang='lat' dir='ltr'><strong>Id</strong></span> <span class='ocrx_word' id='word_1_51' title='bbox 845 813 919 876; x_wconf 91' lang='lat' dir='ltr'><strong>mihi</strong></span> <span class='ocrx_word' id='word_1_52' title='bbox 939 832 1060 901; x_wconf 88' lang='lat' dir='ltr'><strong>semper</strong></span> <span class='ocrx_word' id='word_1_53' title='bbox 1082 814 1213 876; x_wconf 83' lang='lat' dir='ltr'><strong>alienum</strong></span> <span class='ocrx_word' id='word_1_54' title='bbox 1234 831 1255 873; x_wconf 88' lang='lat' dir='ltr'><strong>a</strong></span> <span class='ocrx_word' id='word_1_55' title='bbox 1276 818 1385 880; x_wconf 88' lang='lat' dir='ltr'><strong>natura</strong></span> <span class='ocrx_word' id='word_1_56' title='bbox 1406 811 1514 884; x_wconf 82' lang='grc' dir='ltr'><strong>ιιιιιι,</strong></span> <span class='ocrx_word' id='word_1_57' title='bbox 1538 808 1598 870; x_wconf 86' lang='lat' dir='ltr'><strong>etsi</strong></span> 
     </span>
     <span class='ocr_line' id='line_1_7' title="bbox 197 892 1597 984; baseline -0.002 -21"><span class='ocrx_word' id='word_1_58' title='bbox 197 946 201 955; x_wconf 86' lang='lat'><strong>.</strong></span> <span class='ocrx_word' id='word_1_59' title='bbox 244 901 365 984; x_wconf 90' lang='lat' dir='ltr'><strong>quidem</strong></span> <span class='ocrx_word' id='word_1_60' title='bbox 387 899 602 965; x_wconf 88' lang='lat' dir='ltr'><strong>latitudinum</strong></span> <span class='ocrx_word' id='word_1_61' title='bbox 594 918 625 962; x_wconf 93' lang='lat' dir='ltr'><strong>m</strong></span> <span class='ocrx_word' id='word_1_62' title='bbox 640 919 706 963; x_wconf 88' lang='lat' dir='ltr'><strong>meo</strong></span> <span class='ocrx_word' id='word_1_63' title='bbox 726 901 830 964; x_wconf 91' lang='lat' dir='ltr'><strong>libello</strong></span> <span class='ocrx_word' id='word_1_64' title='bbox 846 922 903 964; x_wconf 93' lang='lat' dir='ltr'><strong>non</strong></span> <span class='ocrx_word' id='word_1_65' title='bbox 920 892 978 964; x_wconf 79' lang='lat' dir='ltr'><strong>leci</strong></span> <span class='ocrx_word' id='word_1_66' title='bbox 992 902 1183 978; x_wconf 89' lang='lat' dir='ltr'><strong>mentionem,</strong></span> <span class='ocrx_word' id='word_1_67' title='bbox 1203 909 1236 963; x_wconf 87' lang='lat' dir='ltr'><strong>at</strong></span> <span class='ocrx_word' id='word_1_68' title='bbox 1250 899 1457 982; x_wconf 80' lang='lat' dir='ltr'><strong>deprehendi</strong></span> <span class='ocrx_word' id='word_1_69' title='bbox 1448 918 1480 961; x_wconf 90' lang='lat' dir='ltr'><strong>m</strong></span> <span class='ocrx_word' id='word_1_70' title='bbox 1494 900 1597 961; x_wconf 85' lang='lat' dir='ltr'><strong>hlarta</strong></span> 
     </span>
     <span class='ocr_line' id='line_1_8' title="bbox 242 986 1596 1073; baseline -0.004 -19"><span class='ocrx_word' id='word_1_71' title='bbox 242 989 468 1055; x_wconf 76' lang='lat' dir='ltr'><strong>inclinationem</strong></span> <span class='ocrx_word' id='word_1_72' title='bbox 500 989 583 1070; x_wconf 90' lang='lat' dir='ltr'><strong>plani</strong></span> <span class='ocrx_word' id='word_1_73' title='bbox 616 991 908 1066; x_wconf 82' lang='lat' dir='ltr'><strong>constantissimam,</strong></span> <span class='ocrx_word' id='word_1_74' title='bbox 938 992 1056 1073; x_wconf 91' lang='lat' dir='ltr'><strong>quoties</strong></span> <span class='ocrx_word' id='word_1_75' title='bbox 1086 992 1116 1053; x_wconf 93' lang='lat' dir='ltr'><strong>in</strong></span> <span class='ocrx_word' id='word_1_76' title='bbox 1148 992 1275 1054; x_wconf 87' lang='lat' dir='ltr'><strong>eundem</strong></span> <span class='ocrx_word' id='word_1_77' title='bbox 1307 990 1426 1052; x_wconf 92' lang='lat' dir='ltr'><strong>locum·</strong></span> <span class='ocrx_word' id='word_1_78' title='bbox 1435 986 1596 1050; x_wconf 85' lang='lat' dir='ltr'><strong>eccentrici</strong></span> 
     </span>
     <span class='ocr_line' id='line_1_9' title="bbox 241 1077 1597 1161; baseline -0.004 -18"><span class='ocrx_word' id='word_1_79' title='bbox 241 1079 389 1155; x_wconf 80' lang='lat' dir='ltr'><strong>mcurrit,</strong></span> <span class='ocrx_word' id='word_1_80' title='bbox 413 1098 651 1161; x_wconf 89' lang='lat' dir='ltr'><strong>quorumcunque</strong></span> <span class='ocrx_word' id='word_1_81' title='bbox 676 1081 770 1143; x_wconf 88' lang='lat' dir='ltr'><strong>Terra</strong></span> <span class='ocrx_word' id='word_1_82' title='bbox 792 1080 962 1145; x_wconf 84' lang='lat' dir='ltr'><strong>recesserit</strong></span> <span class='ocrx_word' id='word_1_83' title='bbox 999 1080 1114 1144; x_wconf 87' lang='lat' dir='ltr'><strong>Idem</strong></span> <span class='ocrx_word' id='word_1_84' title='bbox 1106 1101 1137 1144; x_wconf 91' lang='grc' dir='ltr'><strong>ιι</strong></span> <span class='ocrx_word' id='word_1_85' title='bbox 1153 1082 1272 1153; x_wconf 82' lang='lat' dir='ltr'><strong>Venere</strong></span> <span class='ocrx_word' id='word_1_86' title='bbox 1296 1089 1328 1141; x_wconf 91' lang='lat' dir='ltr'><strong>et</strong></span> <span class='ocrx_word' id='word_1_87' title='bbox 1341 1078 1492 1142; x_wconf 82' lang='lat' dir='ltr'><strong>Mercurio</strong></span> <span class='ocrx_word' id='word_1_88' title='bbox 1514 1077 1597 1138; x_wconf 88' lang='lat' dir='ltr'><strong>circa</strong></span> 
     </span>
     <span class='ocr_line' id='line_1_10' title="bbox 243 1168 832 1251; baseline -0.002 -19"><span class='ocrx_word' id='word_1_89' title='bbox 243 1169 342 1232; x_wconf 91' lang='lat' dir='ltr'><strong>nodos</strong></span> <span class='ocrx_word' id='word_1_90' title='bbox 365 1187 469 1232; x_wconf 89' lang='lat' dir='ltr'><strong>eorum</strong></span> <span class='ocrx_word' id='word_1_91' title='bbox 490 1169 680 1250; x_wconf 85' lang='lat' dir='ltr'><strong>exploratum</strong></span> <span class='ocrx_word' id='word_1_92' title='bbox 701 1168 832 1251; x_wconf 28' lang='lat' dir='ltr'><strong>haheo..</strong></span> 
     </span>
    </p>

    <p class='ocr_par' dir='ltr' id='par_1_4' title="bbox 149 1255 1604 2412">
     <span class='ocr_line' id='line_1_11' title="bbox 331 1255 1596 1338; baseline -0.004 -18"><span class='ocrx_word' id='word_1_93' title='bbox 331 1259 416 1320; x_wconf 87' lang='lat' dir='ltr'><strong>Haec</strong></span> <span class='ocrx_word' id='word_1_94' title='bbox 448 1258 475 1321; x_wconf 91' lang='lat' dir='ltr'><strong>si</strong></span> <span class='ocrx_word' id='word_1_95' title='bbox 496 1257 621 1338; x_wconf 81' lang='lat' dir='ltr'><strong>blagine</strong></span> <span class='ocrx_word' id='word_1_96' title='bbox 654 1258 853 1321; x_wconf 89' lang='lat' dir='ltr'><strong>solertissime</strong></span> <span class='ocrx_word' id='word_1_97' title='bbox 887 1257 980 1320; x_wconf 81' lang='lat' dir='ltr'><strong>fueris</strong></span> <span class='ocrx_word' id='word_1_98' title='bbox 1011 1258 1097 1321; x_wconf 92' lang='lat' dir='ltr'><strong>unico</strong></span> <span class='ocrx_word' id='word_1_99' title='bbox 1128 1257 1239 1321; x_wconf 89' lang='lat' dir='ltr'><strong>mentis</strong></span> <span class='ocrx_word' id='word_1_100' title='bbox 1272 1256 1380 1320; x_wconf 88' lang='lat' dir='ltr'><strong>intuitu</strong></span> <span class='ocrx_word' id='word_1_101' title='bbox 1411 1255 1596 1337; x_wconf 85' lang='lat' dir='ltr'><strong>complexus,</strong></span> 
     </span>
     <span class='ocr_line' id='line_1_12' title="bbox 164 1343 1596 1428; baseline -0.005 -17"><span class='ocrx_word' id='word_1_102' title='bbox 164 1352 168 1359; x_wconf 93' lang='lat'>&#39;</span> <span class='ocrx_word' id='word_1_103' title='bbox 235 1362 358 1411; x_wconf 84' lang='lat' dir='ltr'><strong>&#39;mecum</strong></span> <span class='ocrx_word' id='word_1_104' title='bbox 379 1346 668 1428; x_wconf 70' lang='lat' dir='ltr'><strong>equideurstatues,</strong></span> <span class='ocrx_word' id='word_1_105' title='bbox 691 1349 821 1411; x_wconf 93' lang='lat' dir='ltr'><strong>omnium</strong></span> <span class='ocrx_word' id='word_1_106' title='bbox 844 1350 863 1412; x_wconf 80' lang='lat' dir='ltr'><strong>i</strong></span> <span class='ocrx_word' id='word_1_107' title='bbox 887 1347 1085 1423; x_wconf 89' lang='lat' dir='ltr'><strong>theoriarum,</strong></span> <span class='ocrx_word' id='word_1_108' title='bbox 1118 1348 1198 1428; x_wconf 93' lang='lat' dir='ltr'><strong>quod</strong></span> <span class='ocrx_word' id='word_1_109' title='bbox 1220 1355 1320 1410; x_wconf 90' lang='lat' dir='ltr'><strong>motus</strong></span> <span class='ocrx_word' id='word_1_110' title='bbox 1343 1346 1473 1410; x_wconf 87' lang='lat' dir='ltr'><strong>sidemm</strong></span> <span class='ocrx_word' id='word_1_111' title='bbox 1496 1343 1596 1406; x_wconf 86' lang='lat' dir='ltr'><strong>reales</strong></span> 
     </span>
     <span class='ocr_line' id='line_1_13' title="bbox 242 1430 1596 1519; baseline -0.005 -19"><span class='ocrx_word' id='word_1_112' title='bbox 242 1437 363 1513; x_wconf 82' lang='lat' dir='ltr'><strong>attinet,</strong></span> <span class='ocrx_word' id='word_1_113' title='bbox 385 1437 513 1499; x_wconf 84' lang='lat' dir='ltr'><strong>formam</strong></span> <span class='ocrx_word' id='word_1_114' title='bbox 532 1455 600 1500; x_wconf 88' lang='lat' dir='ltr'><strong>esse</strong></span> <span class='ocrx_word' id='word_1_115' title='bbox 624 1434 714 1516; x_wconf 89' lang='lat' dir='ltr'><strong>plane</strong></span> <span class='ocrx_word' id='word_1_116' title='bbox 733 1437 860 1499; x_wconf 88' lang='lat' dir='ltr'><strong>eandem</strong></span> <span class='ocrx_word' id='word_1_117' title='bbox 882 1448 1006 1518; x_wconf 82' lang='lat' dir='ltr'><strong>eatnque</strong></span> <span class='ocrx_word' id='word_1_118' title='bbox 1027 1430 1282 1519; x_wconf 88' lang='lat' dir='ltr'><strong>simplicissimam</strong></span> <span class='ocrx_word' id='word_1_119' title='bbox 1289 1456 1298 1512; x_wconf 93' lang='lat'>;</span> <span class='ocrx_word' id='word_1_120' title='bbox 1323 1435 1450 1517; x_wconf 84' lang='lat' dir='ltr'><strong>quilibet</strong></span> <span class='ocrx_word' id='word_1_121' title='bbox 1468 1433 1547 1495; x_wconf 90' lang='lat' dir='ltr'><strong>enim</strong></span> <span class='ocrx_word' id='word_1_122' title='bbox 1565 1432 1596 1494; x_wconf 92' lang='grc' dir='ltr'><strong>ιι</strong></span> 
     </span>
     <span class='ocr_line' id='line_1_14' title="bbox 149 1521 1596 1609; baseline -0.006 -19"><span class='ocrx_word' id='word_1_123' title='bbox 149 1551 152 1556; x_wconf 75' lang='grc'><strong>’</strong></span> <span class='ocrx_word' id='word_1_124' title='bbox 182 1585 188 1599; x_wconf 70' lang='grc'><strong>,</strong></span> <span class='ocrx_word' id='word_1_125' title='bbox 241 1545 302 1590; x_wconf 85' lang='lat' dir='ltr'><strong>una</strong></span> <span class='ocrx_word' id='word_1_126' title='bbox 331 1527 518 1589; x_wconf 75' lang='lat' dir='ltr'><strong>revolutione</strong></span> <span class='ocrx_word' id='word_1_127' title='bbox 538 1526 817 1590; x_wconf 90' lang='lat' dir='ltr'><strong>constantissimum</strong></span> <span class='ocrx_word' id='word_1_128' title='bbox 843 1525 1126 1609; x_wconf 83' lang='lat' dir='ltr'><strong>exactissimumqne</strong></span> <span class='ocrx_word' id='word_1_129' title='bbox 1148 1526 1291 1589; x_wconf 91' lang='lat' dir='ltr'><strong>circulum</strong></span> <span class='ocrx_word' id='word_1_130' title='bbox 1313 1524 1455 1599; x_wconf 85' lang='lat' dir='ltr'><strong>decurrit,</strong></span> <span class='ocrx_word' id='word_1_131' title='bbox 1478 1521 1596 1584; x_wconf 87' lang='lat' dir='ltr'><strong>tardius</strong></span> 
     </span>
     <span class='ocr_line' id='line_1_15' title="bbox 152 1615 1594 1698; baseline -0.005 -20"><span class='ocrx_word' id='word_1_132' title='bbox 152 1656 161 1667; x_wconf 87' lang='lat'><em>-</em></span> <span class='ocrx_word' id='word_1_133' title='bbox 242 1634 343 1698; x_wconf 87' lang='lat' dir='ltr'><strong>supra,</strong></span> <span class='ocrx_word' id='word_1_134' title='bbox 359 1615 494 1679; x_wconf 78' lang='lat' dir='ltr'><strong>velocius</strong></span> <span class='ocrx_word' id='word_1_135' title='bbox 512 1616 592 1678; x_wconf 83' lang='lat' dir='ltr'><strong>infra</strong></span> <span class='ocrx_word' id='word_1_136' title='bbox 604 1616 635 1678; x_wconf 94' lang='lat' dir='ltr'><strong>h.</strong></span> <span class='ocrx_word' id='word_1_137' title='bbox 650 1635 676 1676; x_wconf 89' lang='lat' dir='ltr'><strong>e.</strong></span> <span class='ocrx_word' id='word_1_138' title='bbox 691 1634 784 1697; x_wconf 87' lang='lat' dir='ltr'><strong>prope</strong></span> <span class='ocrx_word' id='word_1_139' title='bbox 799 1615 911 1691; x_wconf 89' lang='lat' dir='ltr'><strong>Solem,</strong></span> <span class='ocrx_word' id='word_1_140' title='bbox 930 1615 1018 1696; x_wconf 92' lang='lat' dir='ltr'><strong>idque</strong></span> <span class='ocrx_word' id='word_1_141' title='bbox 1036 1636 1095 1678; x_wconf 95' lang='lat' dir='ltr'><strong>non</strong></span> <span class='ocrx_word' id='word_1_142' title='bbox 1108 1634 1162 1697; x_wconf 90' lang='lat' dir='ltr'><strong>per</strong></span> <span class='ocrx_word' id='word_1_143' title='bbox 1179 1615 1371 1697; x_wconf 82' lang='lat' dir='ltr'><strong>phantasiam</strong></span> <span class='ocrx_word' id='word_1_144' title='bbox 1390 1615 1444 1676; x_wconf 89' lang='lat' dir='ltr'><strong>sed</strong></span> <span class='ocrx_word' id='word_1_145' title='bbox 1457 1632 1490 1676; x_wconf 90' lang='lat' dir='ltr'><strong>re</strong></span> <span class='ocrx_word' id='word_1_146' title='bbox 1510 1631 1594 1672; x_wconf 78' lang='lat' dir='ltr'><strong>vera</strong></span> 
     </span>
     <span class='ocr_line' id='line_1_16' title="bbox 240 1701 1604 1788; baseline -0.006 -18"><span class='ocrx_word' id='word_1_147' title='bbox 240 1706 321 1770; x_wconf 84' lang='lat' dir='ltr'><strong>Nam</strong></span> <span class='ocrx_word' id='word_1_148' title='bbox 336 1705 439 1787; x_wconf 81' lang='lat' dir='ltr'><strong>Tycho</strong></span> <span class='ocrx_word' id='word_1_149' title='bbox 463 1705 555 1768; x_wconf 92' lang='lat' dir='ltr'><strong>etiam</strong></span> <span class='ocrx_word' id='word_1_150' title='bbox 577 1705 607 1767; x_wconf 94' lang='lat' dir='ltr'><strong>iu</strong></span> <span class='ocrx_word' id='word_1_151' title='bbox 621 1706 710 1767; x_wconf 92' lang='lat' dir='ltr'><strong>Luna</strong></span> <span class='ocrx_word' id='word_1_152' title='bbox 723 1712 901 1786; x_wconf 86' lang='lat' dir='ltr'><strong>aequantem</strong></span> <span class='ocrx_word' id='word_1_153' title='bbox 915 1704 1061 1767; x_wconf 90' lang='lat' dir='ltr'><strong>adhibuit.</strong></span> <span class='ocrx_word' id='word_1_154' title='bbox 1100 1706 1149 1767; x_wconf 80' lang='lat' dir='ltr'><strong>Ex</strong></span> <span class='ocrx_word' id='word_1_155' title='bbox 1166 1724 1227 1788; x_wconf 91' lang='lat' dir='ltr'><strong>qua</strong></span> <span class='ocrx_word' id='word_1_156' title='bbox 1248 1704 1449 1767; x_wconf 85' lang='lat' dir='ltr'><strong>concinnitate</strong></span> <span class='ocrx_word' id='word_1_157' title='bbox 1465 1711 1497 1764; x_wconf 91' lang='lat' dir='ltr'><strong>et</strong></span> <span class='ocrx_word' id='word_1_158' title='bbox 1519 1701 1604 1764; x_wconf 71' lang='lat' dir='ltr'><strong>sim·</strong></span> 
     </span>
     <span class='ocr_line' id='line_1_17' title="bbox 240 1789 1596 1877; baseline -0.004 -19"><span class='ocrx_word' id='word_1_159' title='bbox 240 1793 378 1877; x_wconf 89' lang='lat' dir='ltr'><strong>plicitate</strong></span> <span class='ocrx_word' id='word_1_160' title='bbox 410 1795 440 1856; x_wconf 93' lang='lat' dir='ltr'><strong>h.</strong></span> <span class='ocrx_word' id='word_1_161' title='bbox 464 1814 490 1856; x_wconf 88' lang='lat' dir='ltr'><strong>e.</strong></span> <span class='ocrx_word' id='word_1_162' title='bbox 514 1794 698 1876; x_wconf 77' lang='lat' dir='ltr'><strong>perfectione</strong></span> <span class='ocrx_word' id='word_1_163' title='bbox 730 1802 864 1857; x_wconf 90' lang='lat' dir='ltr'><strong>motuum</strong></span> <span class='ocrx_word' id='word_1_164' title='bbox 895 1794 1071 1859; x_wconf 84' lang='lat' dir='ltr'><strong>coelestium</strong></span> <span class='ocrx_word' id='word_1_165' title='bbox 1091 1798 1246 1876; x_wconf 89' lang='lat' dir='ltr'><strong>&#39;quantum</strong></span> <span class='ocrx_word' id='word_1_166' title='bbox 1278 1794 1446 1874; x_wconf 83' lang='lat' dir='ltr'><strong>copemieo</strong></span> <span class='ocrx_word' id='word_1_167' title='bbox 1477 1789 1596 1855; x_wconf 86' lang='lat' dir='ltr'><strong>roboris</strong></span> 
     </span>
     <span class='ocr_line' id='line_1_18' title="bbox 242 1879 1596 1965; baseline -0.002 -19"><span class='ocrx_word' id='word_1_168' title='bbox 242 1883 379 1959; x_wconf 65' lang='lat' dir='ltr'><strong>medat,</strong></span> <span class='ocrx_word' id='word_1_169' title='bbox 402 1883 493 1947; x_wconf 81' lang='lat' dir='ltr'><strong>facile</strong></span> <span class='ocrx_word' id='word_1_170' title='bbox 508 1883 672 1965; x_wconf 90' lang='lat' dir='ltr'><strong>perspicis.</strong></span> <span class='ocrx_word' id='word_1_171' title='bbox 717 1884 797 1947; x_wconf 80' lang='lat' dir='ltr'><strong>Nam</strong></span> <span class='ocrx_word' id='word_1_172' title='bbox 820 1882 1004 1965; x_wconf 82' lang='lat' dir='ltr'><strong>etsi·Tycho</strong></span> <span class='ocrx_word' id='word_1_173' title='bbox 1029 1883 1228 1965; x_wconf 83' lang='lat' dir='ltr'><strong>Oopemicum</strong></span> <span class='ocrx_word' id='word_1_174' title='bbox 1250 1883 1497 1965; x_wconf 84' lang='lat' dir='ltr'><strong>quamproxime</strong></span> <span class='ocrx_word' id='word_1_175' title='bbox 1524 1879 1596 1942; x_wconf 92' lang='lat' dir='ltr'><strong>imi·</strong></span> 
     </span>
     <span class='ocr_line' id='line_1_19' title="bbox 241 1968 1595 2055; baseline -0.004 -19"><span class='ocrx_word' id='word_1_176' title='bbox 241 1981 324 2036; x_wconf 91' lang='lat' dir='ltr'><strong>tatur</strong></span> <span class='ocrx_word' id='word_1_177' title='bbox 347 1980 379 2034; x_wconf 90' lang='lat' dir='ltr'><strong>at</strong></span> <span class='ocrx_word' id='word_1_178' title='bbox 400 1980 610 2055; x_wconf 88' lang='lat' dir='ltr'><strong>repraesentat</strong></span> <span class='ocrx_word' id='word_1_179' title='bbox 632 1980 750 2036; x_wconf 88' lang='lat' dir='ltr'><strong>retenta</strong></span> <span class='ocrx_word' id='word_1_180' title='bbox 773 1975 869 2037; x_wconf 84' lang='lat' dir='ltr'><strong>Terra</strong></span> <span class='ocrx_word' id='word_1_181' title='bbox 890 1973 921 2035; x_wconf 93' lang='lat' dir='ltr'><strong>in</strong></span> <span class='ocrx_word' id='word_1_182' title='bbox 944 1972 1042 2037; x_wconf 90' lang='lat' dir='ltr'><strong>medio</strong></span> <span class='ocrx_word' id='word_1_183' title='bbox 1065 1972 1226 2048; x_wconf 90' lang='lat' dir='ltr'><strong>immobili,</strong></span> <span class='ocrx_word' id='word_1_184' title='bbox 1259 1972 1335 2035; x_wconf 88' lang='lat' dir='ltr'><strong>illud</strong></span> <span class='ocrx_word' id='word_1_185' title='bbox 1363 1968 1465 2036; x_wconf 84' lang='lat' dir='ltr'><strong>tamen</strong></span> <span class='ocrx_word' id='word_1_186' title='bbox 1487 1984 1595 2032; x_wconf 77' lang='lat' dir='ltr'><strong>carere</strong></span> 
     </span>
     <span class='ocr_line' id='line_1_20' title="bbox 242 2057 1595 2145; baseline -0.006 -18"><span class='ocrx_word' id='word_1_187' title='bbox 242 2070 304 2127; x_wconf 84' lang='lat' dir='ltr'><strong>hon</strong></span> <span class='ocrx_word' id='word_1_188' title='bbox 325 2070 448 2144; x_wconf 88' lang='lat' dir='ltr'><strong>potest,</strong></span> <span class='ocrx_word' id='word_1_189' title='bbox 470 2062 542 2144; x_wconf 90' lang='lat' dir='ltr'><strong>quin</strong></span> <span class='ocrx_word' id='word_1_190' title='bbox 565 2063 643 2138; x_wconf 87' lang='lat' dir='ltr'><strong>vias,</strong></span> <span class='ocrx_word' id='word_1_191' title='bbox 665 2081 719 2143; x_wconf 90' lang='lat' dir='ltr'><strong>per</strong></span> <span class='ocrx_word' id='word_1_192' title='bbox 742 2082 817 2145; x_wconf 92' lang='lat' dir='ltr'><strong>quas</strong></span> <span class='ocrx_word' id='word_1_193' title='bbox 841 2063 982 2143; x_wconf 90' lang='lat' dir='ltr'><strong>planetae</strong></span> <span class='ocrx_word' id='word_1_194' title='bbox 1004 2064 1036 2124; x_wconf 94' lang='lat' dir='ltr'><strong>in</strong></span> <span class='ocrx_word' id='word_1_195' title='bbox 1059 2062 1258 2144; x_wconf 91' lang='lat' dir='ltr'><strong>liquidissimo</strong></span> <span class='ocrx_word' id='word_1_196' title='bbox 1283 2061 1415 2138; x_wconf 89' lang='lat' dir='ltr'><strong>aethere,</strong></span> <span class='ocrx_word' id='word_1_197' title='bbox 1438 2060 1518 2143; x_wconf 91' lang='lat' dir='ltr'><strong>quod</strong></span> <span class='ocrx_word' id='word_1_198' title='bbox 1536 2057 1595 2139; x_wconf 89' lang='lat' dir='ltr'><strong>ipsi</strong></span> 
     </span>
     <span class='ocr_line' id='line_1_21' title="bbox 241 2151 1593 2234; baseline -0.004 -19"><span class='ocrx_word' id='word_1_199' title='bbox 241 2151 332 2215; x_wconf 82' lang='lat' dir='ltr'><strong>tacite</strong></span> <span class='ocrx_word' id='word_1_200' title='bbox 354 2152 464 2227; x_wconf 83' lang='lat' dir='ltr'><strong>credo,</strong></span> <span class='ocrx_word' id='word_1_201' title='bbox 491 2159 651 2234; x_wconf 77' lang='lat' dir='ltr'><strong>gyrantur,</strong></span> <span class='ocrx_word' id='word_1_202' title='bbox 675 2152 828 2233; x_wconf 82' lang='lat' dir='ltr'><strong>inspiras</strong></span> <span class='ocrx_word' id='word_1_203' title='bbox 851 2151 1050 2233; x_wconf 86' lang='lat' dir='ltr'><strong>inaequaliter</strong></span> <span class='ocrx_word' id='word_1_204' title='bbox 1072 2156 1249 2233; x_wconf 88' lang='lat' dir='ltr'><strong>semperque</strong></span> <span class='ocrx_word' id='word_1_205' title='bbox 1273 2152 1364 2214; x_wconf 87' lang='lat' dir='ltr'><strong>aliter</strong></span> <span class='ocrx_word' id='word_1_206' title='bbox 1387 2156 1593 2231; x_wconf 82' lang='lat' dir='ltr'><strong>contorqueat</strong></span> 
     </span>
     <span class='ocr_line' id='line_1_22' title="bbox 240 2238 1595 2322; baseline -0.004 -18"><span class='ocrx_word' id='word_1_207' title='bbox 240 2238 287 2304; x_wconf 79' lang='lat' dir='ltr'><strong>At</strong></span> <span class='ocrx_word' id='word_1_208' title='bbox 308 2260 368 2305; x_wconf 90' lang='lat' dir='ltr'><strong>non</strong></span> <span class='ocrx_word' id='word_1_209' title='bbox 391 2241 460 2304; x_wconf 89' lang='lat' dir='ltr'><strong>ideo</strong></span> <span class='ocrx_word' id='word_1_210' title='bbox 483 2241 676 2305; x_wconf 79' lang='lat' dir='ltr'><strong>facilior-fiet</strong></span> <span class='ocrx_word' id='word_1_211' title='bbox 697 2242 841 2304; x_wconf 88' lang='lat' dir='ltr'><strong>calculus.</strong></span> <span class='ocrx_word' id='word_1_212' title='bbox 887 2241 957 2304; x_wconf 87' lang='lat' dir='ltr'><strong>Jmo</strong></span> <span class='ocrx_word' id='word_1_213' title='bbox 972 2248 1092 2321; x_wconf 77' lang='lat' dir='ltr'><strong>¹quanto</strong></span> <span class='ocrx_word' id='word_1_214' title='bbox 1121 2248 1212 2322; x_wconf 90' lang='lat' dir='ltr'><strong>captu</strong></span> <span class='ocrx_word' id='word_1_215' title='bbox 1240 2240 1360 2322; x_wconf 85' lang='lat' dir='ltr'><strong>planior</strong></span> <span class='ocrx_word' id='word_1_216' title='bbox 1385 2241 1463 2305; x_wconf 89' lang='lat' dir='ltr'><strong>haec</strong></span> <span class='ocrx_word' id='word_1_217' title='bbox 1491 2247 1595 2301; x_wconf 85' lang='lat' dir='ltr'><strong>astro-</strong></span> 
     </span>
     <span class='ocr_line' id='line_1_23' title="bbox 241 2330 1355 2412; baseline -0.003 -19"><span class='ocrx_word' id='word_1_218' title='bbox 241 2330 360 2407; x_wconf 83' lang='lat' dir='ltr'><strong>nomiae</strong></span> <span class='ocrx_word' id='word_1_219' title='bbox 382 2331 489 2406; x_wconf 81' lang='lat' dir='ltr'><strong>t&#39;orma,</strong></span> <span class='ocrx_word' id='word_1_220' title='bbox 511 2338 599 2393; x_wconf 88' lang='lat' dir='ltr'><strong>tanto</strong></span> <span class='ocrx_word' id='word_1_221' title='bbox 622 2338 794 2412; x_wconf 86' lang='lat' dir='ltr'><strong>computata</strong></span> <span class='ocrx_word' id='word_1_222' title='bbox 817 2330 1153 2407; x_wconf 63' lang='lat' dir='ltr'><strong>laboriosum-inventu</strong></span> <span class='ocrx_word' id='word_1_223' title='bbox 1177 2331 1355 2393; x_wconf 86' lang='lat' dir='ltr'><strong>intricatior.</strong></span> 
     </span>
    </p>

    <p class='ocr_par' dir='ltr' id='par_1_5' title="bbox 238 2418 1596 3845">
     <span class='ocr_line' id='line_1_24' title="bbox 330 2418 1596 2501; baseline -0.004 -18"><span class='ocrx_word' id='word_1_224' title='bbox 330 2419 420 2492; x_wconf 82' lang='lat' dir='ltr'><strong>Quod</strong></span> <span class='ocrx_word' id='word_1_225' title='bbox 442 2421 482 2482; x_wconf 87' lang='lat' dir='ltr'><strong>ad</strong></span> <span class='ocrx_word' id='word_1_226' title='bbox 504 2420 708 2483; x_wconf 86' lang='lat' dir='ltr'><strong>inventionem</strong></span> <span class='ocrx_word' id='word_1_227' title='bbox 732 2420 857 2495; x_wconf 88' lang='lat' dir='ltr'><strong>attinet,</strong></span> <span class='ocrx_word' id='word_1_228' title='bbox 879 2419 1044 2501; x_wconf 85' lang='lat' dir='ltr'><strong>periculum</strong></span> <span class='ocrx_word' id='word_1_229' title='bbox 1067 2420 1097 2482; x_wconf 90' lang='lat' dir='ltr'><strong>in</strong></span> <span class='ocrx_word' id='word_1_230' title='bbox 1120 2421 1246 2483; x_wconf 90' lang='lat' dir='ltr'><strong>Marte</strong></span> <span class='ocrx_word' id='word_1_231' title='bbox 1270 2419 1343 2495; x_wconf 84' lang='lat' dir='ltr'><strong>feci;</strong></span> <span class='ocrx_word' id='word_1_232' title='bbox 1367 2420 1445 2482; x_wconf 91' lang='lat' dir='ltr'><strong>unde</strong></span> <span class='ocrx_word' id='word_1_233' title='bbox 1469 2418 1596 2486; x_wconf 89' lang='lat' dir='ltr'><strong>demon·</strong></span> 
     </span>
     <span class='ocr_line' id='line_1_25' title="bbox 241 2506 1595 2587; baseline -0.003 -15"><span class='ocrx_word' id='word_1_234' title='bbox 241 2509 421 2573; x_wconf 78' lang='grc' dir='ltr'><strong>ιιιιιιοιιιι</strong></span> <span class='ocrx_word' id='word_1_235' title='bbox 444 2509 562 2573; x_wconf 91' lang='lat' dir='ltr'><strong>initium</strong></span> <span class='ocrx_word' id='word_1_236' title='bbox 585 2510 717 2573; x_wconf 88' lang='lat' dir='ltr'><strong>facerem</strong></span> <span class='ocrx_word' id='word_1_237' title='bbox 738 2529 798 2572; x_wconf 93' lang='lat' dir='ltr'><strong>nou</strong></span> <span class='ocrx_word' id='word_1_238' title='bbox 820 2509 928 2586; x_wconf 90' lang='lat' dir='ltr'><strong>habui,</strong></span> <span class='ocrx_word' id='word_1_239' title='bbox 959 2517 1047 2572; x_wconf 91' lang='lat' dir='ltr'><strong>erant</strong></span> <span class='ocrx_word' id='word_1_240' title='bbox 1075 2510 1189 2571; x_wconf 57' lang='lat' dir='ltr'><strong>omnia&gt;</strong></span> <span class='ocrx_word' id='word_1_241' title='bbox 1204 2511 1329 2572; x_wconf 89' lang='lat' dir='ltr'><strong>incerta.</strong></span> <span class='ocrx_word' id='word_1_242' title='bbox 1377 2507 1494 2582; x_wconf 84' lang='lat' dir='ltr'><strong>Quodsi</strong></span> <span class='ocrx_word' id='word_1_243' title='bbox 1527 2506 1595 2587; x_wconf 91' lang='lat' dir='ltr'><strong>quis</strong></span> 
     </span>
     <span class='ocr_line' id='line_1_26' title="bbox 241 2598 1596 2681; baseline -0.003 -20"><span class='ocrx_word' id='word_1_244' title='bbox 241 2598 393 2661; x_wconf 80' lang='lat' dir='ltr'><strong>fortunam</strong></span> <span class='ocrx_word' id='word_1_245' title='bbox 414 2598 580 2681; x_wconf 88' lang='lat' dir='ltr'><strong>periclitari</strong></span> <span class='ocrx_word' id='word_1_246' title='bbox 605 2609 637 2662; x_wconf 91' lang='lat' dir='ltr'><strong>et</strong></span> <span class='ocrx_word' id='word_1_247' title='bbox 657 2618 898 2680; x_wconf 90' lang='lat' dir='ltr'><strong>praesuppouere</strong></span> <span class='ocrx_word' id='word_1_248' title='bbox 922 2598 1024 2681; x_wconf 88' lang='lat' dir='ltr'><strong>aliqua</strong></span> <span class='ocrx_word' id='word_1_249' title='bbox 1046 2600 1208 2661; x_wconf 85' lang='lat' dir='ltr'><strong>ceu⁸certa</strong></span> <span class='ocrx_word' id='word_1_250' title='bbox 1236 2599 1328 2674; x_wconf 77' lang='lat' dir='ltr'><strong>velit,</strong></span> <span class='ocrx_word' id='word_1_251' title='bbox 1357 2616 1453 2679; x_wconf 84' lang='lat' dir='ltr'><strong>eaque</strong></span> <span class='ocrx_word' id='word_1_252' title='bbox 1481 2615 1596 2677; x_wconf 87' lang='lat' dir='ltr'><strong>suppo-</strong></span> 
     </span>
     <span class='ocr_line' id='line_1_27' title="bbox 240 2682 1595 2770; baseline -0.004 -19"><span class='ocrx_word' id='word_1_253' title='bbox 240 2686 537 2757; x_wconf 72' lang='lat' dir='ltr'><strong>eluensidenu&#39;den</strong></span> <span class='ocrx_word' id='word_1_254' title='bbox 559 2689 678 2751; x_wconf 89' lang='lat' dir='ltr'><strong>variata</strong></span> <span class='ocrx_word' id='word_1_255' title='bbox 697 2682 786 2770; x_wconf 72' lang='lat' dir='ltr'><strong>&#39;quasi</strong></span> <span class='ocrx_word' id='word_1_256' title='bbox 809 2707 863 2769; x_wconf 90' lang='lat' dir='ltr'><strong>per</strong></span> <span class='ocrx_word' id='word_1_257' title='bbox 885 2688 1022 2768; x_wconf 77' lang='lat' dir='ltr'><strong>regulam</strong></span> <span class='ocrx_word' id='word_1_258' title='bbox 1045 2688 1115 2751; x_wconf 83' lang='lat' dir='ltr'><strong>falsi</strong></span> <span class='ocrx_word' id='word_1_259' title='bbox 1138 2689 1292 2770; x_wconf 90' lang='lat' dir='ltr'><strong>paulatim·</strong></span> <span class='ocrx_word' id='word_1_260' title='bbox 1307 2688 1346 2749; x_wconf 93' lang='lat' dir='ltr'><strong>ad</strong></span> <span class='ocrx_word' id='word_1_261' title='bbox 1368 2707 1459 2750; x_wconf 87' lang='lat' dir='ltr'><strong>veras</strong></span> <span class='ocrx_word' id='word_1_262' title='bbox 1474 2687 1595 2748; x_wconf 91' lang='lat' dir='ltr'><strong>dimen-</strong></span> 
     </span>
     <span class='ocr_line' id='line_1_28' title="bbox 241 2777 1594 2860; baseline -0.004 -19"><span class='ocrx_word' id='word_1_263' title='bbox 241 2777 343 2841; x_wconf 82' lang='lat' dir='ltr'><strong>siones</strong></span> <span class='ocrx_word' id='word_1_264' title='bbox 366 2778 561 2854; x_wconf 88' lang='lat' dir='ltr'><strong>contendere,</strong></span> <span class='ocrx_word' id='word_1_265' title='bbox 594 2778 639 2840; x_wconf 94' lang='lat' dir='ltr'><strong>illi</strong></span> <span class='ocrx_word' id='word_1_266' title='bbox 662 2779 693 2840; x_wconf 95' lang='lat' dir='ltr'><strong>in</strong></span> <span class='ocrx_word' id='word_1_267' title='bbox 724 2785 810 2840; x_wconf 83' lang='lat' dir='ltr'><strong>tanto</strong></span> <span class='ocrx_word' id='word_1_268' title='bbox 837 2797 959 2841; x_wconf 91' lang='lat' dir='ltr'><strong>numero</strong></span> <span class='ocrx_word' id='word_1_269' title='bbox 983 2777 1219 2860; x_wconf 85' lang='lat' dir='ltr'><strong>quaerendomm</strong></span> <span class='ocrx_word' id='word_1_270' title='bbox 1248 2797 1309 2840; x_wconf 93' lang='lat' dir='ltr'><strong>uon</strong></span> <span class='ocrx_word' id='word_1_271' title='bbox 1338 2778 1428 2840; x_wconf 84' lang='lat' dir='ltr'><strong>facile</strong></span> <span class='ocrx_word' id='word_1_272' title='bbox 1456 2783 1594 2857; x_wconf 90' lang='lat' dir='ltr'><strong>apparet,</strong></span> 
     </span>
     <span class='ocr_line' id='line_1_29' title="bbox 240 2865 1594 2950; baseline -0.003 -21"><span class='ocrx_word' id='word_1_273' title='bbox 240 2886 300 2950; x_wconf 87' lang='lat' dir='ltr'><strong>qus</strong></span> <span class='ocrx_word' id='word_1_274' title='bbox 317 2867 353 2930; x_wconf 86' lang='lat' dir='ltr'><strong>in</strong></span> <span class='ocrx_word' id='word_1_275' title='bbox 375 2877 463 2948; x_wconf 83' lang='lat' dir='ltr'><strong>parta</strong></span> <span class='ocrx_word' id='word_1_276' title='bbox 491 2869 589 2930; x_wconf 87' lang='lat' dir='ltr'><strong>lateat</strong></span> <span class='ocrx_word' id='word_1_277' title='bbox 616 2886 713 2944; x_wconf 89' lang='lat' dir='ltr'><strong>error;</strong></span> <span class='ocrx_word' id='word_1_278' title='bbox 745 2880 907 2948; x_wconf 88' lang='lat' dir='ltr'><strong>processus</strong></span> <span class='ocrx_word' id='word_1_279' title='bbox 934 2885 1011 2931; x_wconf 80' lang='lat' dir='ltr'><strong>&#39;vero</strong></span> <span class='ocrx_word' id='word_1_280' title='bbox 1044 2867 1154 2948; x_wconf 81' lang='lat' dir='ltr'><strong>singuli</strong></span> <span class='ocrx_word' id='word_1_281' title='bbox 1186 2868 1223 2930; x_wconf 91' lang='lat' dir='ltr'><strong>ab</strong></span> <span class='ocrx_word' id='word_1_282' title='bbox 1256 2866 1342 2929; x_wconf 91' lang='lat' dir='ltr'><strong>initio</strong></span> <span class='ocrx_word' id='word_1_283' title='bbox 1376 2865 1594 2948; x_wconf 82' lang='lat' dir='ltr'><strong>suppositionis</strong></span> 
     </span>
     <span class='ocr_line' id='line_1_30' title="bbox 239 2955 1594 3041; baseline -0.003 -22"><span class='ocrx_word' id='word_1_284' title='bbox 239 2974 335 3040; x_wconf 82' lang='lat' dir='ltr'><strong>usque</strong></span> <span class='ocrx_word' id='word_1_285' title='bbox 366 2958 406 3019; x_wconf 88' lang='lat' dir='ltr'><strong>ad</strong></span> <span class='ocrx_word' id='word_1_286' title='bbox 433 2958 525 3020; x_wconf 81' lang='grc' dir='ltr'><strong>ιιιιιι</strong></span> <span class='ocrx_word' id='word_1_287' title='bbox 554 2974 631 3039; x_wconf 93' lang='lat' dir='ltr'><strong>pene</strong></span> <span class='ocrx_word' id='word_1_288' title='bbox 663 2957 797 3020; x_wconf 88' lang='lat' dir='ltr'><strong>infinitae</strong></span> <span class='ocrx_word' id='word_1_289' title='bbox 830 2958 1035 3038; x_wconf 80' lang='lat' dir='ltr'><strong>longitudinis.</strong></span> <span class='ocrx_word' id='word_1_290' title='bbox 1100 2960 1206 3041; x_wconf 87' lang='lat' dir='ltr'><strong>ltaque</strong></span> <span class='ocrx_word' id='word_1_291' title='bbox 1238 2957 1338 3019; x_wconf 92' lang='lat' dir='ltr'><strong>divino</strong></span> <span class='ocrx_word' id='word_1_292' title='bbox 1369 2975 1417 3018; x_wconf 88' lang='lat' dir='ltr'><strong>me</strong></span> <span class='ocrx_word' id='word_1_293' title='bbox 1448 2955 1594 3018; x_wconf 84' lang='lat' dir='ltr'><strong>beneficio</strong></span> 
     </span>
     <span class='ocr_line' id='line_1_31' title="bbox 240 3044 1594 3128; baseline -0.001 -21"><span class='ocrx_word' id='word_1_294' title='bbox 240 3045 363 3127; x_wconf 81' lang='lat' dir='ltr'><strong>htagine</strong></span> <span class='ocrx_word' id='word_1_295' title='bbox 385 3047 648 3128; x_wconf 85' lang='lat' dir='ltr'><strong>praestantissime</strong></span> <span class='ocrx_word' id='word_1_296' title='bbox 672 3048 820 3123; x_wconf 88' lang='lat' dir='ltr'><strong>afficeres,</strong></span> <span class='ocrx_word' id='word_1_297' title='bbox 844 3045 871 3108; x_wconf 91' lang='lat' dir='ltr'><strong>si</strong></span> <span class='ocrx_word' id='word_1_298' title='bbox 893 3067 940 3109; x_wconf 93' lang='lat' dir='ltr'><strong>me</strong></span> <span class='ocrx_word' id='word_1_299' title='bbox 965 3048 1088 3110; x_wconf 89' lang='lat' dir='ltr'><strong>doceres</strong></span> <span class='ocrx_word' id='word_1_300' title='bbox 1111 3048 1162 3109; x_wconf 82' lang='lat' dir='ltr'><strong>via</strong></span> <span class='ocrx_word' id='word_1_301' title='bbox 1185 3047 1315 3110; x_wconf 90' lang='lat' dir='ltr'><strong>faciliori</strong></span> <span class='ocrx_word' id='word_1_302' title='bbox 1337 3044 1485 3127; x_wconf 88' lang='lat' dir='ltr'><strong>inquirere</strong></span> <span class='ocrx_word' id='word_1_303' title='bbox 1510 3063 1594 3106; x_wconf 90' lang='lat' dir='ltr'><strong>com-</strong></span> 
     </span>
     <span class='ocr_line' id='line_1_32' title="bbox 238 3134 1595 3219; baseline -0.001 -21"><span class='ocrx_word' id='word_1_304' title='bbox 238 3137 357 3219; x_wconf 88' lang='lat' dir='ltr'><strong>positas</strong></span> <span class='ocrx_word' id='word_1_305' title='bbox 380 3138 510 3199; x_wconf 89' lang='lat' dir='ltr'><strong>eccentri</strong></span> <span class='ocrx_word' id='word_1_306' title='bbox 540 3134 746 3218; x_wconf 88' lang='lat' dir='ltr'><strong>aequationes.</strong></span> <span class='ocrx_word' id='word_1_307' title='bbox 792 3137 871 3199; x_wconf 91' lang='lat' dir='ltr'><strong>Rem</strong></span> <span class='ocrx_word' id='word_1_308' title='bbox 900 3138 1020 3218; x_wconf 89' lang='lat' dir='ltr'><strong>quidem</strong></span> <span class='ocrx_word' id='word_1_309' title='bbox 1043 3156 1085 3199; x_wconf 88' lang='lat' dir='ltr'><strong>-eo</strong></span> <span class='ocrx_word' id='word_1_310' title='bbox 1107 3138 1250 3218; x_wconf 90' lang='lat' dir='ltr'><strong>perduxi,</strong></span> <span class='ocrx_word' id='word_1_311' title='bbox 1282 3145 1317 3198; x_wconf 93' lang='lat' dir='ltr'><strong>ut</strong></span> <span class='ocrx_word' id='word_1_312' title='bbox 1347 3135 1420 3198; x_wconf 87' lang='lat' dir='ltr'><strong>mihi</strong></span> <span class='ocrx_word' id='word_1_313' title='bbox 1443 3153 1503 3197; x_wconf 90' lang='lat' dir='ltr'><strong>non</strong></span> <span class='ocrx_word' id='word_1_314' title='bbox 1524 3134 1595 3214; x_wconf 92' lang='lat' dir='ltr'><strong>plus</strong></span> 
     </span>
     <span class='ocr_line' id='line_1_33' title="bbox 239 3222 1594 3308; baseline -0.002 -21"><span class='ocrx_word' id='word_1_315' title='bbox 239 3224 356 3288; x_wconf 76' lang='lat' dir='ltr'><strong>duabus</strong></span> <span class='ocrx_word' id='word_1_316' title='bbox 378 3224 679 3308; x_wconf 89' lang='lat' dir='ltr'><strong>mhltiplicationibus</strong></span> <span class='ocrx_word' id='word_1_317' title='bbox 703 3245 778 3308; x_wconf 90' lang='lat' dir='ltr'><strong>opus</strong></span> <span class='ocrx_word' id='word_1_318' title='bbox 802 3226 851 3287; x_wconf 84' lang='lat' dir='ltr'><strong>sit</strong></span> <span class='ocrx_word' id='word_1_319' title='bbox 897 3227 943 3297; x_wconf 84' lang='lat' dir='ltr'><strong>At</strong></span> <span class='ocrx_word' id='word_1_320' title='bbox 965 3227 1034 3288; x_wconf 88' lang='lat' dir='ltr'><strong>dum</strong></span> <span class='ocrx_word' id='word_1_321' title='bbox 1057 3226 1150 3288; x_wconf 90' lang='lat' dir='ltr'><strong>nimia</strong></span> <span class='ocrx_word' id='word_1_322' title='bbox 1167 3226 1332 3307; x_wconf 88' lang='lat' dir='ltr'><strong>cupiditate</strong></span> <span class='ocrx_word' id='word_1_323' title='bbox 1351 3226 1432 3287; x_wconf 81' lang='lat' dir='ltr'><strong>feror</strong></span> <span class='ocrx_word' id='word_1_324' title='bbox 1446 3225 1477 3285; x_wconf 93' lang='lat' dir='ltr'><strong>in</strong></span> <span class='ocrx_word' id='word_1_325' title='bbox 1493 3222 1594 3307; x_wconf 89' lang='lat' dir='ltr'><strong>inqui·</strong></span> 
     </span>
     <span class='ocr_line' id='line_1_34' title="bbox 240 3313 1594 3398; baseline -0.003 -20"><span class='ocrx_word' id='word_1_326' title='bbox 240 3313 382 3379; x_wconf 84' lang='lat' dir='ltr'><strong>titionem</strong></span> <span class='ocrx_word' id='word_1_327' title='bbox 404 3314 631 3389; x_wconf 71' lang='lat' dir='ltr'><strong>vemssimarum</strong></span> <span class='ocrx_word' id='word_1_328' title='bbox 653 3315 889 3397; x_wconf 90' lang='lat' dir='ltr'><strong>proportionum,</strong></span> <span class='ocrx_word' id='word_1_329' title='bbox 912 3315 1032 3379; x_wconf 89' lang='lat' dir='ltr'><strong>tabulas</strong></span> <span class='ocrx_word' id='word_1_330' title='bbox 1051 3317 1262 3398; x_wconf 80' lang='lat' dir='ltr'><strong>aequationem</strong></span> <span class='ocrx_word' id='word_1_331' title='bbox 1277 3315 1377 3377; x_wconf 86' lang='lat' dir='ltr'><strong>nullas</strong></span> <span class='ocrx_word' id='word_1_332' title='bbox 1395 3313 1501 3388; x_wconf 90' lang='lat' dir='ltr'><strong>condo,</strong></span> <span class='ocrx_word' id='word_1_333' title='bbox 1523 3313 1594 3395; x_wconf 92' lang='lat' dir='ltr'><strong>qui-</strong></span> 
     </span>
     <span class='ocr_line' id='line_1_35' title="bbox 239 3400 1594 3489; baseline -0.004 -21"><span class='ocrx_word' id='word_1_334' title='bbox 239 3403 297 3469; x_wconf 85' lang='lat' dir='ltr'><strong>bus</strong></span> <span class='ocrx_word' id='word_1_335' title='bbox 319 3404 351 3468; x_wconf 94' lang='lat' dir='ltr'><strong>in</strong></span> <span class='ocrx_word' id='word_1_336' title='bbox 374 3405 525 3487; x_wconf 88' lang='lat' dir='ltr'><strong>operando</strong></span> <span class='ocrx_word' id='word_1_337' title='bbox 550 3404 704 3467; x_wconf 88' lang='lat' dir='ltr'><strong>sublever:</strong></span> <span class='ocrx_word' id='word_1_338' title='bbox 729 3423 796 3467; x_wconf 91' lang='lat' dir='ltr'><strong>cum</strong></span> <span class='ocrx_word' id='word_1_339' title='bbox 819 3422 878 3466; x_wconf 94' lang='lat' dir='ltr'><strong>non</strong></span> <span class='ocrx_word' id='word_1_340' title='bbox 901 3405 945 3467; x_wconf 88' lang='lat' dir='ltr'><strong>ita</strong></span> <span class='ocrx_word' id='word_1_341' title='bbox 967 3423 1093 3486; x_wconf 82' lang='lat' dir='ltr'><strong>magnus</strong></span> <span class='ocrx_word' id='word_1_342' title='bbox 1117 3423 1190 3468; x_wconf 88' lang='lat' dir='ltr'><strong>sane</strong></span> <span class='ocrx_word' id='word_1_343' title='bbox 1213 3405 1299 3467; x_wconf 90' lang='lat' dir='ltr'><strong>labor</strong></span> <span class='ocrx_word' id='word_1_344' title='bbox 1322 3404 1377 3480; x_wconf 93' lang='lat' dir='ltr'><strong>sit,</strong></span> <span class='ocrx_word' id='word_1_345' title='bbox 1401 3400 1467 3467; x_wconf 85' lang='lat'><strong>360</strong></span> <span class='ocrx_word' id='word_1_346' title='bbox 1483 3402 1594 3489; x_wconf 84' lang='lat' dir='ltr'><strong>¹multi-</strong></span> 
     </span>
     <span class='ocr_line' id='line_1_36' title="bbox 240 3489 1593 3578; baseline -0.001 -22"><span class='ocrx_word' id='word_1_347' title='bbox 240 3489 786 3576; x_wconf 77' lang='lat' dir='ltr'><strong>plicationespr0180¹¹perlicere;</strong></span> <span class='ocrx_word' id='word_1_348' title='bbox 820 3493 922 3570; x_wconf 90' lang='lat' dir='ltr'><strong>labor,</strong></span> <span class='ocrx_word' id='word_1_349' title='bbox 954 3495 1102 3578; x_wconf 90' lang='lat' dir='ltr'><strong>inquam,</strong></span> <span class='ocrx_word' id='word_1_350' title='bbox 1123 3515 1182 3558; x_wconf 92' lang='lat' dir='ltr'><strong>non</strong></span> <span class='ocrx_word' id='word_1_351' title='bbox 1213 3495 1257 3556; x_wconf 88' lang='lat' dir='ltr'><strong>ita</strong></span> <span class='ocrx_word' id='word_1_352' title='bbox 1278 3512 1420 3575; x_wconf 78' lang='lat' dir='ltr'><strong>magnus,</strong></span> <span class='ocrx_word' id='word_1_353' title='bbox 1450 3493 1477 3555; x_wconf 89' lang='lat' dir='ltr'><strong>si</strong></span> <span class='ocrx_word' id='word_1_354' title='bbox 1500 3492 1593 3577; x_wconf 76' lang='lat' dir='ltr'><strong>semel</strong></span> 
     </span>
     <span class='ocr_line' id='line_1_37' title="bbox 240 3581 1594 3669; baseline -0.001 -22"><span class='ocrx_word' id='word_1_355' title='bbox 240 3583 452 3665; x_wconf 82' lang='lat' dir='ltr'><strong>susciperetur.</strong></span> <span class='ocrx_word' id='word_1_356' title='bbox 485 3585 531 3648; x_wconf 83' lang='lat' dir='ltr'><strong>At</strong></span> <span class='ocrx_word' id='word_1_357' title='bbox 551 3583 644 3646; x_wconf 88' lang='lat' dir='ltr'><strong>toties</strong></span> <span class='ocrx_word' id='word_1_358' title='bbox 667 3603 775 3647; x_wconf 86' lang='lat' dir='ltr'><strong>novam</strong></span> <span class='ocrx_word' id='word_1_359' title='bbox 799 3583 926 3646; x_wconf 88' lang='lat' dir='ltr'><strong>condere</strong></span> <span class='ocrx_word' id='word_1_360' title='bbox 949 3585 1094 3659; x_wconf 87' lang='lat' dir='ltr'><strong>tabulam,</strong></span> <span class='ocrx_word' id='word_1_361' title='bbox 1118 3584 1236 3665; x_wconf 89' lang='lat' dir='ltr'><strong>quoties</strong></span> <span class='ocrx_word' id='word_1_362' title='bbox 1259 3591 1397 3647; x_wconf 87' lang='lat' dir='ltr'><strong>assumta</strong></span> <span class='ocrx_word' id='word_1_363' title='bbox 1419 3581 1594 3669; x_wconf 77' lang='lat' dir='ltr'><strong>symmetria</strong></span> 
     </span>
     <span class='ocr_line' id='line_1_38' title="bbox 240 3672 1593 3756; baseline -0.001 -22"><span class='ocrx_word' id='word_1_364' title='bbox 240 3672 321 3734; x_wconf 81' lang='lat' dir='ltr'><strong>falsa</strong></span> <span class='ocrx_word' id='word_1_365' title='bbox 334 3673 576 3755; x_wconf 89' lang='lat' dir='ltr'><strong>deprehenditur,</strong></span> <span class='ocrx_word' id='word_1_366' title='bbox 601 3672 633 3735; x_wconf 93' lang='lat' dir='ltr'><strong>id</strong></span> <span class='ocrx_word' id='word_1_367' title='bbox 646 3692 719 3735; x_wconf 89' lang='lat' dir='ltr'><strong>vero</strong></span> <span class='ocrx_word' id='word_1_368' title='bbox 734 3673 950 3754; x_wconf 85' lang='lat' dir='ltr'><strong>permolestum</strong></span> <span class='ocrx_word' id='word_1_369' title='bbox 964 3682 996 3736; x_wconf 90' lang='lat' dir='ltr'><strong>et</strong></span> <span class='ocrx_word' id='word_1_370' title='bbox 1009 3673 1233 3756; x_wconf 86' lang='lat' dir='ltr'><strong>praestabilius,</strong></span> <span class='ocrx_word' id='word_1_371' title='bbox 1257 3682 1310 3737; x_wconf 93' lang='lat' dir='ltr'><strong>tuo</strong></span> <span class='ocrx_word' id='word_1_372' title='bbox 1324 3673 1454 3756; x_wconf 88' lang='lat' dir='ltr'><strong>mystico</strong></span> <span class='ocrx_word' id='word_1_373' title='bbox 1469 3689 1593 3734; x_wconf 86' lang='lat' dir='ltr'><strong>numero</strong></span> 
     </span>
     <span class='ocr_line' id='line_1_39' title="bbox 239 3755 1520 3845; baseline 0 -21"><span class='ocrx_word' id='word_1_374' title='bbox 239 3761 431 3825; x_wconf 77' lang='lat' dir='ltr'><strong>suadeas</strong></span> <span class='ocrx_word' id='word_1_375' title='bbox 447 3763 530 3826; x_wconf 89' lang='lat' dir='ltr'><strong>solas</strong></span> <span class='ocrx_word' id='word_1_376' title='bbox 553 3763 749 3845; x_wconf 87' lang='lat' dir='ltr'><strong>aequationes</strong></span> <span class='ocrx_word' id='word_1_377' title='bbox 772 3763 946 3839; x_wconf 85' lang='lat' dir='ltr'><strong>eliciendas,</strong></span> <span class='ocrx_word' id='word_1_378' title='bbox 970 3764 1076 3845; x_wconf 92' lang='lat' dir='ltr'><strong>quibus</strong></span> <span class='ocrx_word' id='word_1_379' title='bbox 1098 3782 1153 3845; x_wconf 93' lang='lat' dir='ltr'><strong>pro</strong></span> <span class='ocrx_word' id='word_1_380' title='bbox 1168 3781 1209 3825; x_wconf 90' lang='lat' dir='ltr'><strong>re</strong></span> <span class='ocrx_word' id='word_1_381' title='bbox 1232 3772 1306 3826; x_wconf 89' lang='lat' dir='ltr'><strong>nata</strong></span> <span class='ocrx_word' id='word_1_382' title='bbox 1328 3782 1404 3844; x_wconf 84' lang='lat' dir='ltr'><strong>opus</strong></span> <span class='ocrx_word' id='word_1_383' title='bbox 1426 3770 1485 3824; x_wconf 89' lang='lat' dir='ltr'><strong>est.</strong></span> <span class='ocrx_word' id='word_1_384' title='bbox 1495 3755 1520 3837; x_wconf 73' lang='lat'><strong>¹)</strong></span> 
     </span>
    </p>

    <p class='ocr_par' dir='ltr' id='par_1_6' title="bbox 237 3844 1592 4120">
     <span class='ocr_line' id='line_1_40' title="bbox 328 3844 1592 3935; baseline 0 -21"><span class='ocrx_word' id='word_1_385' title='bbox 328 3850 427 3915; x_wconf 85' lang='lat' dir='ltr'><strong>Cum</strong></span> <span class='ocrx_word' id='word_1_386' title='bbox 418 3859 519 3935; x_wconf 84' lang='lat' dir='ltr'><strong>itaque</strong></span> <span class='ocrx_word' id='word_1_387' title='bbox 535 3853 586 3915; x_wconf 93' lang='lat' dir='ltr'><strong>diu</strong></span> <span class='ocrx_word' id='word_1_388' title='bbox 600 3852 787 3915; x_wconf 87' lang='lat' dir='ltr'><strong>laborassem</strong></span> <span class='ocrx_word' id='word_1_389' title='bbox 803 3852 944 3935; x_wconf 87' lang='lat' dir='ltr'><strong>variaque</strong></span> <span class='ocrx_word' id='word_1_390' title='bbox 960 3853 1247 3916; x_wconf 90' lang='lat' dir='ltr'><strong>demonstrationum</strong></span> <span class='ocrx_word' id='word_1_391' title='bbox 1263 3852 1444 3915; x_wconf 89' lang='lat' dir='ltr'><strong>adminicula</strong></span> <span class='ocrx_word' id='word_1_392' title='bbox 1457 3844 1592 3914; x_wconf 84' lang='lat' dir='ltr'><strong>effinxis-</strong></span> 
     </span>
     <span class='ocr_line' id='line_1_41' title="bbox 239 3941 1592 4025; baseline 0.001 -23"><span class='ocrx_word' id='word_1_393' title='bbox 239 3958 317 4016; x_wconf 87' lang='lat' dir='ltr'><strong>scm,</strong></span> <span class='ocrx_word' id='word_1_394' title='bbox 351 3941 504 4006; x_wconf 89' lang='lat' dir='ltr'><strong>tandem&#39;</strong></span> <span class='ocrx_word' id='word_1_395' title='bbox 495 3961 526 4005; x_wconf 92' lang='grc' dir='ltr'><strong>ιι</strong></span> <span class='ocrx_word' id='word_1_396' title='bbox 547 3943 623 4004; x_wconf 90' lang='lat' dir='ltr'><strong>haec</strong></span> <span class='ocrx_word' id='word_1_397' title='bbox 648 3943 706 4004; x_wconf 91' lang='lat' dir='ltr'><strong>duo</strong></span> <span class='ocrx_word' id='word_1_398' title='bbox 727 3942 917 4022; x_wconf 88' lang='lat' dir='ltr'><strong>problemata</strong></span> <span class='ocrx_word' id='word_1_399' title='bbox 938 3943 1046 4019; x_wconf 91' lang='lat' dir='ltr'><strong>incidi,</strong></span> <span class='ocrx_word' id='word_1_400' title='bbox 1079 3961 1156 4025; x_wconf 88' lang='lat' dir='ltr'><strong>quae</strong></span> <span class='ocrx_word' id='word_1_401' title='bbox 1184 3943 1223 4004; x_wconf 88' lang='lat' dir='ltr'><strong>ad</strong></span> <span class='ocrx_word' id='word_1_402' title='bbox 1253 3962 1316 4005; x_wconf 92' lang='lat' dir='ltr'><strong>rem</strong></span> <span class='ocrx_word' id='word_1_403' title='bbox 1338 3942 1468 4005; x_wconf 83' lang='lat' dir='ltr'><strong>maxime</strong></span> <span class='ocrx_word' id='word_1_404' title='bbox 1491 3942 1592 4004; x_wconf 84' lang='lat' dir='ltr'><strong>lacere</strong></span> 
     </span>
     <span class='ocr_line' id='line_1_42' title="bbox 237 4031 1590 4120; baseline -0.001 -26"><span class='ocrx_word' id='word_1_405' title='bbox 237 4038 327 4120; x_wconf 86' lang='lat' dir='ltr'><strong>puto:</strong></span> <span class='ocrx_word' id='word_1_406' title='bbox 351 4050 477 4113; x_wconf 90' lang='lat' dir='ltr'><strong>quorum</strong></span> <span class='ocrx_word' id='word_1_407' title='bbox 499 4032 626 4094; x_wconf 88' lang='lat' dir='ltr'><strong>alterum</strong></span> <span class='ocrx_word' id='word_1_408' title='bbox 648 4031 718 4114; x_wconf 88' lang='lat' dir='ltr'><strong>plus</strong></span> <span class='ocrx_word' id='word_1_409' title='bbox 740 4032 941 4106; x_wconf 90' lang='lat' dir='ltr'><strong>certitudinis,</strong></span> <span class='ocrx_word' id='word_1_410' title='bbox 965 4034 1093 4096; x_wconf 88' lang='lat' dir='ltr'><strong>altarum</strong></span> <span class='ocrx_word' id='word_1_411' title='bbox 1114 4033 1210 4113; x_wconf 87' lang='lat' dir='ltr'><strong>plus</strong></span> <span class='ocrx_word' id='word_1_412' title='bbox 1201 4032 1313 4113; x_wconf 82' lang='lat' dir='ltr'><strong>ingenii</strong></span> <span class='ocrx_word' id='word_1_413' title='bbox 1331 4032 1443 4095; x_wconf 91' lang='lat' dir='ltr'><strong>habere</strong></span> <span class='ocrx_word' id='word_1_414' title='bbox 1461 4031 1590 4103; x_wconf 83' lang='lat' dir='ltr'><strong>videtur,</strong></span> 
     </span>
    </p>

    <p class='ocr_par' dir='ltr' id='par_1_7' title="bbox 235 4120 1591 4927">
     <span class='ocr_line' id='line_1_43' title="bbox 327 4120 1591 4204; baseline 0 -21"><span class='ocrx_word' id='word_1_415' title='bbox 327 4120 424 4184; x_wconf 91' lang='lat' dir='ltr'><strong>Detur</strong></span> <span class='ocrx_word' id='word_1_416' title='bbox 446 4120 576 4200; x_wconf 81' lang='lat' dir='ltr'><strong>angulus</strong></span> <span class='ocrx_word' id='word_1_417' title='bbox 597 4130 696 4184; x_wconf 91' lang='lat' dir='ltr'><strong>motus</strong></span> <span class='ocrx_word' id='word_1_418' title='bbox 720 4122 810 4183; x_wconf 92' lang='lat' dir='ltr'><strong>medii</strong></span> <span class='ocrx_word' id='word_1_419' title='bbox 832 4121 974 4202; x_wconf 88' lang='lat' dir='ltr'><strong>planetae</strong></span> <span class='ocrx_word' id='word_1_420' title='bbox 990 4123 1121 4204; x_wconf 91' lang='lat' dir='ltr'><strong>itemque</strong></span> <span class='ocrx_word' id='word_1_421' title='bbox 1136 4123 1218 4185; x_wconf 88' lang='lat' dir='ltr'><strong>Solis</strong></span> <span class='ocrx_word' id='word_1_422' title='bbox 1234 4123 1315 4184; x_wconf 91' lang='lat' dir='ltr'><strong>circa</strong></span> <span class='ocrx_word' id='word_1_423' title='bbox 1329 4129 1442 4202; x_wconf 90' lang='lat' dir='ltr'><strong>puncta</strong></span> <span class='ocrx_word' id='word_1_424' title='bbox 1455 4141 1591 4204; x_wconf 85' lang='lat' dir='ltr'><strong>aequan-</strong></span> 
     </span>
     <span class='ocr_line' id='line_1_44' title="bbox 237 4210 1590 4293; baseline 0 -21"><span class='ocrx_word' id='word_1_425' title='bbox 237 4217 302 4272; x_wconf 90' lang='lat' dir='ltr'><strong>tnm</strong></span> <span class='ocrx_word' id='word_1_426' title='bbox 324 4210 363 4272; x_wconf 89' lang='lat' dir='ltr'><strong>ad</strong></span> <span class='ocrx_word' id='word_1_427' title='bbox 395 4210 540 4292; x_wconf 90' lang='lat' dir='ltr'><strong>temporis</strong></span> <span class='ocrx_word' id='word_1_428' title='bbox 572 4211 728 4293; x_wconf 89' lang='lat' dir='ltr'><strong>quodlibet</strong></span> <span class='ocrx_word' id='word_1_429' title='bbox 759 4211 889 4292; x_wconf 90' lang='lat' dir='ltr'><strong>spatium</strong></span> <span class='ocrx_word' id='word_1_430' title='bbox 921 4211 1159 4275; x_wconf 90' lang='lat' dir='ltr'><strong>determinatum.</strong></span> <span class='ocrx_word' id='word_1_431' title='bbox 1205 4215 1302 4276; x_wconf 90' lang='lat' dir='ltr'><strong>Detur</strong></span> <span class='ocrx_word' id='word_1_432' title='bbox 1333 4219 1364 4273; x_wconf 91' lang='lat' dir='ltr'><strong>et</strong></span> <span class='ocrx_word' id='word_1_433' title='bbox 1392 4213 1477 4274; x_wconf 90' lang='lat' dir='ltr'><strong>locus</strong></span> <span class='ocrx_word' id='word_1_434' title='bbox 1505 4210 1590 4275; x_wconf 89' lang='lat' dir='ltr'><strong>Solis</strong></span> 
     </span>
     <span class='ocr_line' id='line_1_45' title="bbox 237 4300 1590 4389; baseline 0.001 -28"><span class='ocrx_word' id='word_1_435' title='bbox 237 4317 327 4362; x_wconf 82' lang='lat' dir='ltr'><strong>rarus</strong></span> <span class='ocrx_word' id='word_1_436' title='bbox 349 4300 390 4361; x_wconf 88' lang='lat' dir='ltr'><strong>ad</strong></span> <span class='ocrx_word' id='word_1_437' title='bbox 411 4308 594 4363; x_wconf 90' lang='lat' dir='ltr'><strong>momentum</strong></span> <span class='ocrx_word' id='word_1_438' title='bbox 617 4302 782 4389; x_wconf 88' lang='lat' dir='ltr'><strong>quodlibet,</strong></span> <span class='ocrx_word' id='word_1_439' title='bbox 805 4320 872 4363; x_wconf 93' lang='lat' dir='ltr'><strong>cum</strong></span> <span class='ocrx_word' id='word_1_440' title='bbox 896 4320 953 4381; x_wconf 94' lang='lat' dir='ltr'><strong>quo</strong></span> <span class='ocrx_word' id='word_1_441' title='bbox 976 4300 1065 4363; x_wconf 90' lang='lat' dir='ltr'><strong>datur</strong></span> <span class='ocrx_word' id='word_1_442' title='bbox 1080 4309 1112 4363; x_wconf 88' lang='lat' dir='ltr'><strong>et</strong></span> <span class='ocrx_word' id='word_1_443' title='bbox 1127 4320 1292 4384; x_wconf 84' lang='lat' dir='ltr'><strong>apogaeum</strong></span> <span class='ocrx_word' id='word_1_444' title='bbox 1308 4309 1339 4363; x_wconf 94' lang='lat' dir='ltr'><strong>et</strong></span> <span class='ocrx_word' id='word_1_445' title='bbox 1354 4300 1590 4363; x_wconf 84' lang='lat' dir='ltr'><strong>eccentricitatis</strong></span> 
     </span>
     <span class='ocr_line' id='line_1_46' title="bbox 237 4387 1589 4472; baseline -0.001 -21"><span class='ocrx_word' id='word_1_446' title='bbox 237 4387 424 4470; x_wconf 88' lang='lat' dir='ltr'><strong>compositae</strong></span> <span class='ocrx_word' id='word_1_447' title='bbox 445 4390 485 4451; x_wconf 88' lang='lat' dir='ltr'><strong>ad</strong></span> <span class='ocrx_word' id='word_1_448' title='bbox 508 4390 610 4451; x_wconf 89' lang='lat' dir='ltr'><strong>orbem</strong></span> <span class='ocrx_word' id='word_1_449' title='bbox 631 4392 795 4470; x_wconf 90' lang='lat' dir='ltr'><strong>proportio.</strong></span> <span class='ocrx_word' id='word_1_450' title='bbox 841 4390 1005 4452; x_wconf 88' lang='lat' dir='ltr'><strong>Nesciatnr</strong></span> <span class='ocrx_word' id='word_1_451' title='bbox 1028 4410 1099 4454; x_wconf 87' lang='lat' dir='ltr'><strong>vero</strong></span> <span class='ocrx_word' id='word_1_452' title='bbox 1122 4391 1277 4472; x_wconf 82' lang='lat' dir='ltr'><strong>longitudo</strong></span> <span class='ocrx_word' id='word_1_453' title='bbox 1301 4391 1429 4472; x_wconf 81' lang='lat' dir='ltr'><strong>simplex</strong></span> <span class='ocrx_word' id='word_1_454' title='bbox 1446 4391 1589 4472; x_wconf 87' lang='lat' dir='ltr'><strong>planetae</strong></span> 
     </span>
     <span class='ocr_line' id='line_1_47' title="bbox 237 4477 1589 4573; baseline 0 -32"><span class='ocrx_word' id='word_1_455' title='bbox 237 4479 322 4553; x_wconf 86' lang='lat' dir='ltr'><strong>(nam</strong></span> <span class='ocrx_word' id='word_1_456' title='bbox 345 4487 377 4542; x_wconf 92' lang='lat' dir='ltr'><strong>et</strong></span> <span class='ocrx_word' id='word_1_457' title='bbox 399 4481 480 4541; x_wconf 90' lang='lat' dir='ltr'><strong>circa</strong></span> <span class='ocrx_word' id='word_1_458' title='bbox 497 4478 575 4541; x_wconf 88' lang='lat' dir='ltr'><strong>hanc</strong></span> <span class='ocrx_word' id='word_1_459' title='bbox 590 4479 798 4558; x_wconf 81' lang='lat' dir='ltr'><strong>corrigendam</strong></span> <span class='ocrx_word' id='word_1_460' title='bbox 813 4477 946 4541; x_wconf 87' lang='lat' dir='ltr'><strong>artifices</strong></span> <span class='ocrx_word' id='word_1_461' title='bbox 944 4482 1170 4573; x_wconf 86' lang='lat' dir='ltr'><strong>occupantur),</strong></span> <span class='ocrx_word' id='word_1_462' title='bbox 1194 4483 1347 4544; x_wconf 87' lang='lat' dir='ltr'><strong>nesciatur</strong></span> <span class='ocrx_word' id='word_1_463' title='bbox 1361 4482 1445 4544; x_wconf 90' lang='lat' dir='ltr'><strong>locus</strong></span> <span class='ocrx_word' id='word_1_464' title='bbox 1461 4478 1589 4561; x_wconf 84' lang='lat' dir='ltr'><strong>apogaci</strong></span> 
     </span>
     <span class='ocr_line' id='line_1_48' title="bbox 240 4561 1589 4650; baseline -0.001 -19"><span class='ocrx_word' id='word_1_465' title='bbox 240 4569 357 4650; x_wconf 81' lang='lat' dir='ltr'><strong>(potius</strong></span> <span class='ocrx_word' id='word_1_466' title='bbox 380 4569 520 4648; x_wconf 78' lang='grc' dir='ltr'><strong>ἀφηιιον)</strong></span> <span class='ocrx_word' id='word_1_467' title='bbox 542 4568 694 4650; x_wconf 88' lang='lat' dir='ltr'><strong>planetae,</strong></span> <span class='ocrx_word' id='word_1_468' title='bbox 717 4571 869 4632; x_wconf 89' lang='lat' dir='ltr'><strong>nesciatur</strong></span> <span class='ocrx_word' id='word_1_469' title='bbox 891 4561 1045 4650; x_wconf 83' lang='lat' dir='ltr'><strong>proportio</strong></span> <span class='ocrx_word' id='word_1_470' title='bbox 1070 4571 1185 4633; x_wconf 89' lang='lat' dir='ltr'><strong>orbium</strong></span> <span class='ocrx_word' id='word_1_471' title='bbox 1209 4575 1319 4634; x_wconf 85' lang='lat' dir='ltr'><strong>Terrae</strong></span> <span class='ocrx_word' id='word_1_472' title='bbox 1343 4573 1411 4645; x_wconf 86' lang='lat' dir='ltr'><strong>(seu</strong></span> <span class='ocrx_word' id='word_1_473' title='bbox 1435 4570 1536 4645; x_wconf 85' lang='lat' dir='ltr'><strong>Solis)</strong></span> <span class='ocrx_word' id='word_1_474' title='bbox 1557 4577 1589 4631; x_wconf 89' lang='lat' dir='ltr'><strong>et</strong></span> 
     </span>
     <span class='ocr_line' id='line_1_49' title="bbox 235 4656 1588 4739; baseline 0.002 -19"><span class='ocrx_word' id='word_1_475' title='bbox 235 4656 386 4738; x_wconf 88' lang='lat' dir='ltr'><strong>planetae,</strong></span> <span class='ocrx_word' id='word_1_476' title='bbox 410 4658 564 4723; x_wconf 87' lang='lat' dir='ltr'><strong>nesciatur</strong></span> <span class='ocrx_word' id='word_1_477' title='bbox 575 4657 730 4739; x_wconf 87' lang='lat' dir='ltr'><strong>proportio</strong></span> <span class='ocrx_word' id='word_1_478' title='bbox 745 4657 985 4721; x_wconf 88' lang='lat' dir='ltr'><strong>eccentricitatis</strong></span> <span class='ocrx_word' id='word_1_479' title='bbox 992 4660 1132 4739; x_wconf 91' lang='lat' dir='ltr'><strong>planetae</strong></span> <span class='ocrx_word' id='word_1_480' title='bbox 1148 4662 1187 4722; x_wconf 94' lang='lat' dir='ltr'><strong>ad</strong></span> <span class='ocrx_word' id='word_1_481' title='bbox 1202 4662 1304 4724; x_wconf 91' lang='lat' dir='ltr'><strong>orbem</strong></span> <span class='ocrx_word' id='word_1_482' title='bbox 1319 4679 1413 4737; x_wconf 90' lang='lat' dir='ltr'><strong>suum,</strong></span> <span class='ocrx_word' id='word_1_483' title='bbox 1434 4662 1588 4724; x_wconf 85' lang='lat' dir='ltr'><strong>nesciatur</strong></span> 
     </span>
     <span class='ocr_line' id='line_1_50' title="bbox 236 4742 1586 4829; baseline 0.001 -20"><span class='ocrx_word' id='word_1_484' title='bbox 236 4748 390 4828; x_wconf 84' lang='lat' dir='ltr'><strong>proportio</strong></span> <span class='ocrx_word' id='word_1_485' title='bbox 413 4748 545 4829; x_wconf 90' lang='lat' dir='ltr'><strong>partium</strong></span> <span class='ocrx_word' id='word_1_486' title='bbox 567 4748 655 4828; x_wconf 75' lang='lat' dir='ltr'><strong>hrp&#39;us</strong></span> <span class='ocrx_word' id='word_1_487' title='bbox 679 4742 923 4824; x_wconf 89' lang='lat' dir='ltr'><strong>eccentricitatis,</strong></span> <span class='ocrx_word' id='word_1_488' title='bbox 947 4750 1098 4813; x_wconf 90' lang='lat' dir='ltr'><strong>nesciatur</strong></span> <span class='ocrx_word' id='word_1_489' title='bbox 1121 4750 1238 4813; x_wconf 86' lang='lat' dir='ltr'><strong>etiam</strong></span> <span class='ocrx_word' id='word_1_490' title='bbox 1230 4772 1260 4814; x_wconf 92' lang='grc' dir='ltr'><strong>ιι</strong></span> <span class='ocrx_word' id='word_1_491' title='bbox 1282 4751 1401 4814; x_wconf 90' lang='lat' dir='ltr'><strong>theoria</strong></span> <span class='ocrx_word' id='word_1_492' title='bbox 1416 4751 1499 4814; x_wconf 86' lang='lat' dir='ltr'><strong>Solis</strong></span> <span class='ocrx_word' id='word_1_493' title='bbox 1522 4749 1586 4826; x_wconf 84' lang='lat' dir='ltr'><strong>(vel</strong></span> 
     </span>
     <span class='ocr_line' id='line_1_51' title="bbox 236 4837 1586 4927; baseline 0.002 -27"><span class='ocrx_word' id='word_1_494' title='bbox 236 4837 363 4911; x_wconf 84' lang='lat' dir='ltr'><strong>Terrae)</strong></span> <span class='ocrx_word' id='word_1_495' title='bbox 385 4837 542 4920; x_wconf 89' lang='lat' dir='ltr'><strong>proportio</strong></span> <span class='ocrx_word' id='word_1_496' title='bbox 563 4837 693 4918; x_wconf 78' lang='grc' dir='ltr'><strong>ριιιιιιι</strong></span> <span class='ocrx_word' id='word_1_497' title='bbox 715 4838 951 4902; x_wconf 85' lang='lat' dir='ltr'><strong>eccentricitatis</strong></span> <span class='ocrx_word' id='word_1_498' title='bbox 973 4841 1165 4922; x_wconf 90' lang='lat' dir='ltr'><strong>compositae.</strong></span> <span class='ocrx_word' id='word_1_499' title='bbox 1207 4842 1325 4906; x_wconf 90' lang='lat' dir='ltr'><strong>Dentur</strong></span> <span class='ocrx_word' id='word_1_500' title='bbox 1342 4842 1412 4927; x_wconf 25' lang='lat' dir='ltr'><strong>jarn-</strong></span> <span class='ocrx_word' id='word_1_501' title='bbox 1428 4849 1492 4904; x_wconf 90' lang='lat' dir='ltr'><strong>tres</strong></span> <span class='ocrx_word' id='word_1_502' title='bbox 1515 4840 1586 4924; x_wconf 83' lang='lat' dir='ltr'><strong>pla·</strong></span> 
     </span>
    </p>
   </div>
   <div class='ocr_carea' id='block_1_3' title="bbox 0 0 1682 5504">
    <p class='ocr_par' dir='ltr' id='par_1_8' title="bbox 0 0 1682 5504">
     <span class='ocr_line' id='line_1_52' title="bbox 0 0 1682 5504; baseline 0 2"><span class='ocrx_word' id='word_1_503' title='bbox 0 0 1682 5504; x_wconf 95' lang='lat' dir='ltr'><strong> </strong></span> 
     </span>
    </p>
   </div>
  </div>
 </body>
</html>
