3354 5504
683 271 824 347 abulen
842 270 983 333 muts
1437 272 1501 351 ote

159 456 189 517 in
212 455 301 519 annis
315 455 520 518 Nsbonassari
545 459 612 531 (seu
635 458 724 519 homo
742 459 806 538 jam
827 459 863 534 is,
888 478 939 520 seu
956 458 1058 520 fabola
1077 459 1190 532 luerit),
1213 459 1242 521 in
1266 460 1371 541 quibus
1395 469 1426 522 et
1448 479 1502 525 noa

159 545 250 607 bodie
279 545 478 607 certissimum
509 546 606 608 locum
638 547 803 611 invenimus
834 548 928 609 nostri
955 549 1099 627 temporie
1123 548 1320 627 assignatum.
1365 551 1503 630 Amplius

160 645 288 716 utraque
311 635 423 695 sociam
447 634 539 696 babet
554 643 653 697 aetate
667 636 885 699 'I'iuocharidis
900 637 1119 716 conscriptam
1143 654 1234 716 qnare
1258 647 1320 700 tam
1339 647 1423 700 certa
1445 646 1502 714 est,

160 741 250 804 quam
265 741 323 784 aua
336 724 427 785 socia.
460 724 596 806 Denique
615 733 740 805 utraque
758 743 812 805 per
827 727 929 787 Lunae
944 725 1145 805 praesentiam
1169 725 1213 786 ita
1236 734 1319 789 certa
1342 736 1390 789 est
1413 727 1523 811 fasc„

160 820 194 873 ut
217 831 275 874 non
299 813 397 893 possit
417 812 536 874 certior.
581 815 629 875 Ito
654 813 732 876 enirn
755 823 784 876 et
808 815 888 877 intra
913 808 971 877 10⁰
993 814 1040 875 vel
1064 810 1122 877 12ο
1144 813 1328 877 vicinitatem
1346 816 1451 883 Lunae
1473 825 1505 880 et

160 899 291 963 Veneris
319 911 372 962 aut
393 903 496 964 Lunae
524 911 555 964 et
577 903 716 965 Mercurii
745 903 981 983 conjunctionem
1013 905 1123 975 talem,
1156 921 1231 984 qnae
1263 904 1302 965 ad
1330 910 1504 985 expressum

158 989 239 1052 diem
258 989 371 1051 mensis
385 991 527 1071 Aegyptii
543 992 677 1071 expressi
700 992 836 1073 quadret,
859 993 939 1054 intra
962 1012 1020 1054 non
1043 994 1118 1054 dnos
1142 992 1188 1053 rel
1211 1001 1285 1068 tres,
1308 993 1362 1054 sed
1385 993 1504 1056 omnino

157 1077 304 1160 plurimos
327 1097 422 1142 annos
446 1079 578 1142 invenito
600 1081 699 1153 aliam,
724 1099 811 1161 qnam
830 1091 881 1143 est
898 1101 935 1142 ea
950 1100 1036 1162 quam
1053 1074 1244 1144 Ptolema'ens
1261 1082 1428 1144 annotavit.
1458 1083 1504 1145 Da
1626 1126 1634 1137 .

157 1168 249 1231 Luna
271 1167 342 1249 quid
366 1167 465 1230 verbis
494 1187 569 1249 opus
594 1170 665 1231 cst?
711 1169 838 1242 Quando
871 1170 947 1230 enirn
971 1189 1083 1251 quaeso
1105 1169 1162 1231 hoo
1185 1171 1422 1233 animadversum
1446 1176 1504 1245 est,

158 1258 278 1320 Lunam
299 1267 408 1318 exacto
437 1276 515 1318 anno
542 1259 590 1320 vel
613 1258 733 1320 Juliano
760 1259 809 1320 vel
831 1258 985 1340 Aegyptio
1017 1277 1132 1321 rursum
1165 1260 1269 1322 eodem
1298 1259 1347 1321 die
1375 1268 1406 1322 et
1431 1259 1506 1322 hora

159 1345 240 1420 diei,
274 1364 332 1406 non
356 1344 454 1408 dicam
478 1347 507 1408 in
530 1348 636 1409 eodem
659 1348 753 1427 gradu
776 1347 824 1409 vel
853 1347 931 1427 signi
960 1348 1092 1422 decano,
1124 1349 1177 1410 sed
1205 1348 1325 1411 omnino
1348 1348 1378 1410 in
1401 1348 1505 1411 eodem

158 1436 328 1517 quadrante
360 1436 475 1497 zodiaci
507 1436 618 1509 fuisse,
650 1455 708 1516 quo
736 1446 803 1499 erat
830 1437 858 1498 in
886 1445 1029 1516 suscepto
1057 1437 1199 1518 ternporis
1222 1436 1393 1518 principio?
1435 1437 1506 1500 Non

157 1532 266 1606 potest
288 1523 398 1605 itaque,
423 1543 566 1606 expressa
590 1527 663 1588 hora
685 1525 755 1600 dlei,
780 1526 827 1586 die
852 1524 963 1586 mensis
979 1525 1055 1588 certi
1073 1535 1106 1587 et
1128 1526 1193 1588 loco
1208 1526 1305 1600 Luna,
1328 1525 1505 1607 praesertim

158 1613 370 1695 conjunctione
394 1633 459 1675 cnm
488 1614 562 1689 fixa,
593 1613 687 1677 errari
715 1633 772 1675 uno
795 1614 843 1676 vel
867 1614 982 1676 duobus
1005 1613 1101 1676 annis.
1146 1614 1349 1677 lt'ovendeoim
1371 1615 1506 1695 integros

158 1703 347 1765 intercedere
362 1721 485 1764 neccsse
509 1713 567 1778 est,
591 1704 639 1764 vel
663 1710 744 1765 certc
767 1712 843 1765 octo.
882 1705 928 1766 De
952 1703 1114 1783 eclipsibus
1136 1723 1185 1766 res
1208 1712 1256 1766 est
1278 1711 1363 1766 tanto
1386 1701 1506 1777 certior,
1522 1726 1538 1776 ¹.

159 1798 275 1873 quanto
297 1791 383 1873 plura
405 1801 584 1854 concurrunt
606 1791 759 1873 requisita,
784 1810 860 1872 quae
876 1811 933 1852 non
953 1809 1126 1873 quocunque
1150 1810 1252 1855 mense
1274 1802 1404 1873 possunt·
1423 1790 1506 1854 acci-

159 1881 248 1955 dere,
279 1882 332 1942 sed
362 1900 400 1942 ne
427 1880 493 1942 dies
516 1880 635 1962 quidem
659 1881 762 1942 unicus
785 1881 892 1942 deesse
914 1890 1017 1961 potest
1039 1880 1241 1944 observationi
1264 1882 1378 1944 Lunae.
1424 1880 1507 1944 Date

159 1970 242 2033 enim
266 1989 344 2031 anno
368 1979 400 2032 et
422 1989 524 2032 mense
547 1989 613 2031 cnm
638 1971 703 2031 loco
727 1970 830 2031 Lunae
853 1971 942 2031 datur
964 1970 1039 2045 dies,
1063 1981 1095 2030 et
1119 1970 1250 2033 viciseIm
1273 1970 1321 2031 die
1345 1969 1418 2032 data
1440 1987 1507 2032 cum

160 2058 273 2121 ceteris
295 2058 385 2120 datur
406 2078 511 2120 annus.
559 2060 607 2121 Ita
634 2059 803 2133 conficitur,
832 2067 865 2120 nt
892 2058 949 2120 etsi
978 2059 1138 2121 concedam
1161 2059 1366 2122 Ptolemaeum
1389 2075 1507 2122 errasse

158 2149 195 2210 in
219 2146 309 2211 annis
332 2148 569 2228 Imperatorum,
602 2156 702 2209 tamen
731 2147 958 2210 observationes
986 2157 1129 2210 maneant
1155 2148 1185 2210 in
1218 2149 1281 2211 auis
1313 2146 1420 2223 sonis,
1452 2164 1507 2213 net

160 2237 281 2301 ratione
304 2256 447 2299 annorum
471 2237 603 2299 incertae
626 2238 709 2300 fiant.

249 2325 371 2400 Restat
396 2335 429 2388 ut
450 2327 488 2387 de
507 2325 641 2388 historiis
656 2344 753 2406 pauca
767 2324 873 2396 dicam,
896 2345 950 2386 nec
974 2325 1052 2387 enim
1075 2335 1124 2387 est
1146 2345 1213 2388 mea
1235 2325 1383 2406 professio
1406 2324 1437 2388 in
1460 2326 1508 2391 bia

160 2415 271 2478 literis.
308 2415 574 2496 stalagmium
593 2415 738 2495 judicium
762 2413 904 2477 libentius
926 2413 1055 2489 audiam,
1080 2414 1105 2476 si
1128 2415 1319 2480 Ptolemaeus
1341 2415 1429 2478 nobis
1451 2416 1507 2479 ob-

162 2503 355 2578 servationes
370 2503 528 2585 depromit,
551 2523 674 2585 quarum
699 2523 718 2564 a
741 2502 828 2564 nobis
851 2511 931 2565 retro
955 2502 1131 2565 distantiam
1156 2504 1300 2569 habemus
1323 2513 1446 2580 certam,
1468 2505 1508 2568 iia

161 2612 235 2657 raro
258 2592 336 2655 alios
350 2594 566 2674 Imperatorum
585 2611 680 2655 annos
699 2591 846 2661 attribuit,
870 2610 957 2673 quam
981 2591 1033 2653 alii
1056 2591 1191 2654 historici
1214 2595 1378 2658 attribuere
1400 2594 1508 2659 video·

160 2690 212 2747 tur
235 2681 361 2755 (iterum
384 2681 413 2743 in
432 2683 616 2745 distantiaa
638 2681 724 2744 nobis
748 2681 854 2754 retro),
877 2690 974 2743 utrum
999 2680 1165 2761 laciendum
1189 2679 1249 2743 sit:
1277 2684 1508 2747 Ptolemaeueue

161 2770 276 2837 enoris
298 2771 469 2852 arguendus
492 2771 574 2833 circa
597 2770 698 2832 stilum
722 2769 768 2832 sui
792 2769 899 2844 seculi,
931 2789 969 2831 an
993 2768 1127 2831 historici
1151 2788 1186 2831 eo
1209 2772 1416 2850 posteriores?
1460 2772 1507 2834 De

161 2878 237 2925 aera
258 2860 337 2923 enim
360 2860 466 2923 mortis
479 2859 649 2924 Alexandri
668 2879 760 2921 cansa
783 2857 812 2920 in
834 2859 972 2921 confesso
995 2865 1051 2931 est,
1074 2857 1134 2919 sita
1158 2877 1261 2939 nempe
1285 2859 1314 2923 in
1337 2860 1508 2941 ignorantia

161 2948 386 3029 chronologiae.
433 2949 508 3011 Mihi
537 2949 702 3011 astronomi
729 2947 873 3010 certiores
905 2958 1069 3026 temporum
1102 2946 1292 3011 characteres
1319 2949 1349 3010 in
1378 2948 1508 3011 siderum

162 3036 317 3122 aequabili
339 3048 421 3101 motu
444 3038 518 3112 (uisi
535 3040 614 3100 hunc
630 3037 812 3117 negaveris),
836 3055 924 3118 qnam
947 3035 1081 3097 historici
1104 3037 1133 3097 in
1157 3036 1219 3098 suis
1243 3038 1396 3100 consulum
1419 3044 1506 3099 cata·

162 3127 244 3209 logis
262 3126 373 3190 habere
387 3127 535 3190 videntur.
573 3126 675 3203 Quare
698 3125 778 3187 malo
798 3132 923 3206 propter
940 3125 1146 3186 astronomiae
1156 3126 1364 3189 certitudinem
1388 3124 1508 3207 obloqui

163 3215 275 3292 iactis,
307 3236 396 3297 quarn
427 3225 549 3297 propter
575 3215 846 3279 turbatissimorom
873 3215 1018 3276 sactorum
1048 3214 1228 3295 (quicunque
1251 3223 1521 3297 quantumcunque*

163 3305 328 3370 mendicati
352 3307 427 3379 sint)
450 3306 607 3379 fiduciam,
639 3303 839 3367 astronomiae
861 3302 941 3364 filum
960 3303 1145 3364 Daedaleam
1168 3321 1185 3364 e
1207 3304 1342 3366 manibus
1366 3302 1506 3385 abjicere.

162 3396 234 3459 Non
258 3403 325 3458 erat
347 3394 449 3476 itaque
472 3395 667 3467 inferendum,
692 3410 794 3455 omnes
813 3391 1039 3454 observationes
1055 3390 1219 3453 Ptolemaei
1238 3412 1316 3456 anno
1337 3412 1396 3455 nno
1418 3392 1508 3455 citius
1557 3424 1566 3467 5

163 3483 342 3564 contigisse,
366 3503 454 3566 quam
470 3484 509 3545 ab
532 3490 653 3545 anctore
675 3481 886 3556 inscribantur,
910 3479 963 3541 sed
980 3479 1036 3541 boo
1054 3481 1165 3559 potius,
1189 3500 1293 3544 omues
1307 3482 1508 3565 Imperatores
1566 3480 1569 3487 '

162 3592 222 3637 unc
246 3590 326 3635 anno
349 3572 465 3634 tardius
485 3572 631 3653 coepisse,
655 3590 742 3652 quam
767 3569 955 3633 Ptolemaeus
983 3568 1159 3633 tradiderit:
1189 3570 1334 3652 siqnidem
1356 3570 1508 3634 historicis

163 3661 265 3726 credis
293 3670 324 3723 et
351 3661 528 3743 antiquariis
556 3670 660 3723 contra
689 3660 892 3722 Ptolemaeum
924 3656 1085 3735 co'sonsqr,
1116 3678 1173 3720 nou
1201 3659 1279 3721 enirn
1306 3662 1507 3742 Imperatores

163 3770 307 3815 mensura
329 3759 400 3814 sunt
420 3759 552 3813 motuum
576 3749 761 3823 coelestium,
784 3747 838 3811 sed
860 3747 891 3810 hi
913 3748 1131 3829 Imperatorum
1153 3754 1185 3809 ct
1207 3749 1409 3830 Imperiorum.

254 3836 337 3912 Quid
358 3839 526 3920 Buntingns
549 3840 579 3901 in
602 3836 789 3901 ordinatione
812 3837 965 3899 consulum
987 3835 1188 3915 praestiterit,
1216 3837 1380 3900 astronomi
1401 3856 1508 3919 parum

163 3931 316 3994 iuteresse
344 3935 417 4009 puto
446 3936 481 3990 ut
511 3929 607 4001 sciat,
638 3925 696 3988 nisi
723 3934 870 4007 quatenus
893 3924 1022 4005 eclipses
1044 3923 1161 4007 aliquae
1185 3933 1412 4019 monstrantur,
1431 3946 1508 4010 quae

162 4026 286 4101 postea,
308 4017 380 4080 dato
403 4035 547 4079 annorum
570 4015 709 4090 confinio,
733 4022 912 4096 quaeruntur
934 4014 972 4076 ab
995 4020 1183 4088 astronomo,
1208 4021 1355 4096 utcunque
1378 4015 1507 4079 habente
1561 4042 1564 4049 ·

163 4105 362 4171 annotatione
384 4125 439 4186 per
461 4106 608 4168 consules.
655 4096 690 4168 Si
712 4102 921 4185 intempestive
950 4101 1050 4163 omisit
1077 4102 1147 4164 illos
1170 4104 1307 4165 consules
1331 4124 1408 4167 anno
1434 4098 1506 4179 lat,

162 4195 247 4281 quod
259 4196 303 4259 hh
318 4194 401 4257 Tuae
420 4213 458 4257 ex
471 4194 641 4257 anctorssrns
655 4192 742 4254 fidem
758 4191 878 4254 facienti
893 4191 991 4264 credo,
1016 4190 1225 4254 continuentur
1247 4210 1328 4272 ergo,
1353 4199 1385 4255 et
1406 4211 1507 4256 eornm

162 4286 233 4353 vite
256 4283 415 4349 omittatur
436 4283 517 4346 aliud
538 4302 594 4364 par
608 4281 716 4344 abhinc
732 4300 823 4363 nsque
839 4281 878 4342 ad
894 4278 1085 4343 Constantini
1101 4289 1247 4359 tempora
1279 4281 1358 4344 Nam
1378 4281 1507 4362 eclipses

161 4374 250 4438 clare
271 4381 436 4447 testantur,
467 4373 666 4435 Mercatorem
693 4370 844 4432 abundare
868 4389 926 4431 uno
949 4389 1025 4430 anno
1049 4368 1127 4431 inter
1150 4367 1202 4434 59.
1226 4379 1257 4432 et
1280 4365 1355 4434 360.
1381 4369 1505 4435 (lhristi.
1609 4402 1612 4407 ·

161 4462 232 4528 Nec
246 4461 363 4537 mirum,
386 4462 442 4524 hoo
463 4461 598 4524 accidere
618 4460 647 4521 in
663 4459 834 4521 oonsulibus
848 4459 902 4521 sub
916 4456 1167 4539 Imperatoribus:
1192 4478 1258 4521 oum
1273 4458 1351 4521 Dion
1367 4466 1504 4533 testetur,

161 4552 278 4617 multos
301 4551 469 4614 nominatos
496 4549 634 4612 consules
656 4548 865 4629 magistratum
888 4547 925 4608 ob
948 4547 1079 4628 inopiam
1102 4564 1161 4608 non
1184 4546 1330 4628 gessisse,
1359 4548 1413 4610 aad
1435 4567 1505 4611 oes-

161 4640 248 4706 aiass
270 4636 350 4704 aliis.
395 4640 497 4702 Facile
524 4637 573 4706 hic
600 4656 683 4701 error
708 4637 823 4716 irrepit:
868 4633 930 4697 Sed
952 4644 986 4697 tu
1008 4636 1139 4698 tortasse
1162 4653 1256 4699 annos
1280 4636 1504 4716 Imperatorum,

160 4728 359 4814 aub‘quibua
389 4729 488 4791 iactae
519 4726 764 4799 observationes,
795 4722 996 4789 indissolubili
1024 4742 1104 4789 nexu
1131 4742 1198 4787 cum
1222 4722 1307 4787 biaoe
1334 4725 1506 4789 consulibus

159 4819 250 4885 circa
271 4836 382 4881 mcum
403 4816 475 4883 Chr.
501 4813 564 4880 132
585 4813 749 4896 wujnngia.
794 4804 898 4892 DIoia,
928 4832 988 4877 uon
1015 4812 1091 4877 adeo
1118 4813 1302 4891 mirandum,
1334 4815 1412 4896 quod
1438 4814 1506 4898 plna
