3354 5504
170 304 235 380 686
287 362 291 375 ,
557 358 570 391 ,
766 311 906 366 Delma

119 524 121 528 ⁴
171 497 289 577 quidem
311 494 403 557 totius
423 492 648 556 accelerationis
661 510 715 573 per
730 499 825 554 totum
847 491 1040 572 quadrantem
1059 493 1123 573 jam
1143 501 1208 556 erat
1222 492 1293 556 milri
1308 493 1508 577 praescripta,

172 587 277 648 eadem
307 584 423 648 scilicet
453 602 527 664 quae
558 582 710 644 hactenus.
765 582 872 662 ltaque
902 592 1013 662 quanto
1043 602 1181 662 augerem
1213 580 1453 647 accelerationes
1482 586 1509 649 in

172 675 303 756 copulis,
335 682 419 736 tauto
449 673 586 734 videbam
616 670 792 733 diminutum
815 671 850 732 iri
874 681 991 731 ceteras
1018 680 1104 732 extra
1134 673 1267 752 copulas.
1315 672 1411 737 Sinus
1442 693 1510 756 ergo

171 766 333 845 primorum
357 761 499 841 graduum
524 760 716 841 digressionis
738 760 842 821 Lunae
866 780 884 820 a
907 759 1021 838 copulis
1045 781 1102 822 non
1127 772 1213 823 erant
1240 762 1344 842 magni
1367 780 1423 843 pro
1446 783 1511 826 mea

172 872 321 927 mensura,
346 852 427 914 sinus
451 870 521 912 vero
544 851 622 913 circa
644 850 773 931 quadras
797 858 828 910 et
850 848 936 911 linem
964 849 1138 931 quadrantis
1165 849 1253 912 nimis
1282 861 1372 913 erant
1400 853 1508 934 magni.

174 945 218 1005 At
239 943 322 1004 sinus
344 942 455 1023 primus
472 950 509 1019 ‚et
532 939 713 1002 incrementa
744 938 927 1018 sequentium
956 948 1025 1000 sunt
1057 940 1145 1000 index
1177 940 1377 1021 apparitionis
1407 942 1510 1004 latitu-

174 1032 252 1094 dinis
273 1031 375 1093 circuli
399 1029 622 1093 illuminationis
645 1028 784 1113 Terrae;¹
805 1046 861 1088 uon
885 1045 957 1106 ergo
980 1036 1013 1089 ut
1035 1029 1189 1091 evanescit
1216 1029 1346 1091 circulus
1369 1030 1420 1092 bic
1442 1030 1509 1092 ilin-

173 1121 343 1183 minationis
366 1122 477 1182 Terrae
504 1119 533 1180 in
556 1119 658 1193 Luna,
680 1117 734 1200 ,sic
762 1116 854 1177 etiam
885 1112 1025 1179 minuitn'r
1056 1118 1234 1180 variationis
1264 1118 1428 1196 celeritas,
1461 1119 1511 1182 sed

172 1211 269 1293 magis
290 1209 497 1292 praecipitatis
518 1210 611 1270 utitur
634 1206 842 1279 decrementis,
865 1214 932 1267 orta
955 1227 973 1266 a
995 1207 1100 1287 majori
1124 1207 1293 1288 quantitate
1318 1209 1426 1273 totius.

164 1358 170 1369 .
261 1300 353 1381 Coepi
386 1299 477 1379 igitur
505 1296 739 1376 circumspicere,
771 1295 910 1376 quidnam
935 1304 1017 1357 esset
1047 1296 1096 1381 hic
1126 1297 1253 1360 circulus
1283 1297 1512 1362 illuminationis

172 1391 297 1465 Terrae,
309 1390 356 1471 qui
377 1408 430 1468 pro
449 1397 563 1451 motore
581 1385 793 1458 constituitur,
802 1385 892 1464 juxta
906 1384 1029 1447 Terram
1045 1385 1141 1464 ipsam
1162 1386 1364 1466 inaequaliter
1380 1407 1513 1458 movens,

168 1482 257 1562 juata
274 1488 441 1542 moventem
461 1477 624 1558 aequaliter
638 1494 671 1537 se
687 1474 751 1553 ipso
766 1475 813 1551 (i),
833 1483 865 1535 et
880 1473 953 1553 quid
968 1482 1200 1537 consentaneum
1218 1475 1260 1537 sit
1274 1476 1313 1537 ab
1329 1477 1387 1538 hoc
1405 1477 1515 1540 circulo

173 1567 401 1632 illuminationis
414 1567 534 1630 moveri.
571 1566 651 1627 Nam
669 1563 695 1624 si
710 1563 813 1624 eadem
833 1572 882 1623 est
895 1562 996 1637 Terra,
1021 1583 1097 1644 quse
1112 1572 1214 1626 movet
1231 1565 1344 1645 duplici
1363 1574 1513 1646 respectu,

174 1668 205 1719 et
226 1658 343 1719 ratione
367 1657 411 1718 sui
435 1657 567 1735 corporis
598 1655 701 1716 diurno
731 1662 813 1715 motu
847 1653 938 1714 rotati
966 1660 998 1713 et
1021 1653 1135 1715 ratione
1167 1673 1239 1715 suae
1272 1653 1512 1728 illuminationis,

174 1748 277 1811 eodem
300 1747 387 1809 modo
406 1755 437 1808 et
458 1746 493 1807 de
514 1745 617 1807 Lunae
640 1760 762 1821 corpore
783 1740 939 1804 dicendum
962 1759 1030 1803 esse
1053 1741 1220 1816 videbatur,
1244 1753 1277 1804 nt
1299 1743 1412 1807 eadem
1433 1753 1515 1808 esset

175 1836 259 1899 Luna
282 1855 357 1918 qnae
380 1841 548 1897 moveretur
570 1832 681 1913 duplici
699 1838 855 1910 respectu,
880 1839 911 1891 et
933 1829 963 1892 in
987 1839 1129 1911 quantum
1152 1840 1200 1893 est
1223 1832 1353 1895 solidum
1376 1832 1409 1895 in
1433 1834 1514 1896 coelo

86 1950 89 1955 ’
173 1945 291 2006 corpus,
308 1934 338 1987 et
353 1925 382 1985 iu
403 1932 543 2004 qnantum
567 1931 599 1983 et
618 1923 686 2002 ipsa
702 1919 885 1982 illuminatur
905 1918 1021 1982 asole.
1068 1919 1114 1982 De
1137 1921 1226 2003 hujus
1244 1921 1287 1983 rei
1311 1922 1514 2002 possibilitate

173 2024 205 2078 et
229 2014 324 2088 modis
349 2023 379 2075 et
403 2013 438 2076 de
462 2035 502 2090 sq
525 2017 597 2074 trost
620 2011 773 2091 disputent
794 2007 1000 2090 metaphysici
1026 2008 1096 2071 mihi
1119 2018 1267 2091 utsupra
1290 2010 1408 2075 dictum
1430 2030 1514 2075 men·

61 2170 65 2181 ,
173 2123 261 2167 surae
292 2112 422 2166 motuum
451 2103 545 2176 tales,
580 2120 655 2181 qnae
686 2105 853 2178 appareant
879 2098 909 2159 in
932 2117 1028 2165 rerum
1056 2106 1173 2174 natura,
1204 2100 1242 2161 ad
1270 2099 1515 2184 investigandum

174 2201 244 2257 sunt
273 2192 443 2275 propositae
466 2201 499 2254 et
520 2211 554 2253 ao
578 2186 632 2252 dar.
678 2189 786 2266 Itaque
809 2185 926 2249 divisim
950 2187 1052 2249 etiam.
1098 2188 1227 2251 Telluris
1251 2188 1374 2271 quidem
1399 2198 1515 2253 rotatae

148 2282 299 2365 sepecies,
323 2290 358 2344 ut
370 2281 457 2343 solidi
480 2280 622 2359 corporis,
648 2275 797 2359 aequabili
816 2295 935 2338 suarum
955 2277 1061 2339 virium
1079 2277 1270 2339 contentione
1293 2287 1400 2342 movet
1414 2280 1514 2342 Lunae

175 2390 297 2453 corpus,
322 2380 355 2434 ut
377 2388 502 2450 corpus,
532 2366 770 2430 modificantibus
797 2374 897 2427 tamen
929 2366 1097 2428 intervallis
1119 2368 1204 2429 utin
1227 2367 1363 2448 planctis
1387 2368 1513 2432 cestris:
1557 2378 1564 2404 ⁶

176 2470 208 2523 at
230 2461 362 2541 ejusdem
375 2459 502 2524 Telluris
517 2477 624 2537 corpus
642 2457 685 2519 uti
706 2457 863 2534 figuratum
878 2455 960 2516 varie
974 2454 1066 2517 habet
1086 2457 1261 2536 adspectum
1285 2456 1514 2521 illuminationis

176 2570 248 2612 suae
270 2569 374 2613 versus
398 2550 513 2612 Lunam
535 2553 712 2629 porrectum,
737 2550 837 2606 movet
863 2543 996 2624 ejusdem
1019 2544 1122 2607 Lunae
1146 2565 1269 2627 corpus,
1294 2546 1339 2609 nti
1364 2555 1398 2609 et
1420 2547 1514 2628 ipsum

176 2640 259 2702 varie
277 2641 432 2720 figuratum
446 2638 539 2700 habet
553 2633 779 2699 illuminationis
798 2653 870 2695 suae
885 2633 1061 2714 adspectum
1076 2653 1181 2697 versus
1195 2635 1320 2697 Terram
1333 2645 1512 2717 porrectum

176 2732 280 2793 Movet
311 2729 411 2809 itaque
439 2745 587 2809 apparens
619 2723 747 2786 latitudo
779 2722 919 2785 circulum
948 2721 1193 2799 illuminationis,
1227 2731 1258 2786 et
1281 2733 1430 2805 qnantum
1451 2725 1515 2808 ipsa

176 2817 320 2881 lrabetiu
343 2836 375 2879 ss
398 2817 565 2880 latitudinis
595 2811 768 2894 apparentis
792 2819 823 2873 et
844 2819 987 2892 quantum
1016 2813 1081 2893 ejus
1110 2812 1223 2875 invenit
1245 2813 1274 2874 in
1299 2813 1392 2878 Luna
1413 2812 1514 2899 quovis
1538 2871 1544 2891 ,

175 2919 321 2991 tempore.
360 2907 452 2988 Atqui
477 2906 581 2968 eadem
604 2912 675 2966 sunt
690 2901 880 2963 incrementa
901 2900 1039 2980 plasium
1061 2909 1273 2985 utrarumque:
1297 2913 1332 2966 ut
1357 2923 1417 2986 qno
1439 2912 1513 2968 tem·

176 3017 247 3082 pore
271 2998 364 3060 Terra
386 2996 470 3058 videt
490 2996 605 3058 Lunam
638 2992 797 3063 falcatam,
829 2990 932 3053 eodem
956 2989 1042 3069 Lupa
1073 2991 1175 3053 videat
1197 2993 1324 3054 Terram
1348 2993 1512 3074 gibbosam.

177 3087 276 3150 atita
298 3086 401 3148 circuli
430 3082 654 3148 illuminationis
685 3077 824 3141 diametri
853 3078 1043 3142 latitudinum
1066 3079 1127 3142 sint
1158 3099 1276 3161 semper
1305 3082 1464 3161 paralleli,
1485 3088 1513 3143 et

177 3177 311 3258 ejusdem
332 3194 370 3237 ex
391 3174 582 3238 inclinatione
605 3168 783 3254 quantitatis
806 3168 989 3247 apparentis,
1013 3168 1041 3230 in
1066 3170 1288 3252 comparatione
1311 3171 1353 3232 ad
1377 3172 1512 3254 cujusque

176 3273 256 3328 recte
285 3264 421 3345 objectae
450 3262 594 3325 visionem
626 3259 713 3343 quasi
734 3258 870 3319 totalem.
916 3256 998 3337 Ergo
1021 3267 1150 3321 nonest
1176 3259 1419 3325 distribuendum
1445 3258 1512 3323 illud

177 3356 342 3419 auctarium
364 3348 443 3417 132⁰
457 3348 511 3416 45⁴
534 3347 680 3430 snper12
703 3348 807 3410 Lunae
830 3346 1031 3409 revolutiones
1052 3347 1196 3428 integras,
1221 3368 1280 3411 non
1303 3358 1364 3426 est,
1388 3350 1510 3432 inquam.

177 3443 411 3509 distribuendum
434 3441 595 3505 secundnm
621 3455 789 3500 mensuram
818 3434 963 3515 simplicis
985 3436 1073 3517 hujus
1097 3426 1266 3500 latitudinis
1296 3439 1443 3521 ellipseos
1464 3456 1512 3501 seu

177 3534 279 3598 circuli
301 3531 527 3596 illuminationis
556 3525 748 3609 apparentis,
781 3525 835 3586 sed
859 3531 980 3606 eportet
1009 3526 1090 3588 illam
1113 3526 1159 3588 bis
1182 3527 1348 3590 adhibere:
1381 3529 1439 3592 hoc
1460 3534 1512 3601 est,

177 3633 212 3686 nt
233 3621 411 3704 geometrice
444 3640 505 3683 rem
538 3619 677 3699 eloquar,
708 3634 765 3676 non
795 3614 976 3676 incrementa
1007 3615 1139 3697 ipsorum
1169 3616 1284 3678 sinuum
1318 3610 1512 3699 digressionis

178 3712 280 3776 Lunae
296 3712 334 3774 ab
348 3709 535 3792 oppositione
554 3708 603 3769 vel
619 3703 826 3785 conjunctione
843 3701 934 3779 Solis,
951 3711 984 3766 ut
998 3705 1154 3781 hactenns,
1169 3706 1222 3767 sed
1238 3705 1429 3771 incrementa
1443 3726 1513 3791 qna·

178 3803 329 3866 dratorum
352 3799 468 3862 sinuum
492 3799 604 3861 debent
626 3793 720 3858 statui
741 3811 797 3875 pru
815 3810 955 3855 mensura
977 3794 1205 3865 accelerationis
1227 3794 1317 3876 huius
1341 3796 1371 3859 in
1391 3794 1512 3879 copulis

265 3891 358 3954 Porro
381 3898 414 3951 ut
436 3897 571 3950 revertar
594 3886 632 3948 ad
654 3883 786 3955 initium,
819 3881 889 3944 talis
919 3882 1052 3946 nascitur
1082 3885 1177 3945 torma
1208 3883 1296 3965 hujus
1328 3886 1459 3962 calculi,
1480 3901 1514 3947 aa

179 4001 238 4066 qna
258 3978 490 4044 luculentissime
522 3981 685 4058 appareat,
719 3980 781 4034 tam
814 3971 1011 4035 variationem
1038 3971 1188 4077 Tpchonis
1220 3990 1309 4053 qnam
1342 3994 1515 4058 speonnam

162 4058 343 4134 ‘Ptolemaei
365 4087 402 4130 ex
424 4068 528 4130 eodem
551 4084 618 4128 esse
642 4063 734 4125 tonte.
772 4061 851 4123 Nam
874 4068 940 4122 esto
963 4061 994 4123 in
1018 4061 1136 4142 adjecto
1156 4062 1310 4141 schemata
1331 4065 1364 4127 A
1385 4072 1515 4129 centrum

808 4150 928 4225 Terrae,
951 4151 1008 4213 AB
1038 4151 1260 4214 semidiameter
1288 4146 1530 4218 illuminationis

433 4211 487 4278 ΗΒ·
508 4205 550 4258 ¹⁸·
806 4240 933 4312 Terrae,
969 4237 1153 4303 Gcentrum
1182 4241 1304 4316 Lunae,
1339 4240 1400 4308 GI)
1428 4234 1514 4308 senit-

273 4317 296 4362 i*
327 4371 382 4404 x
428 4352 582 4365 -----
725 4346 746 4387 s
805 4328 950 4392 diameter
977 4329 1203 4392 illuminationis
1225 4330 1341 4393 Lunae.
1361 4380 1369 4397 .
1390 4333 1426 4398 Si
1449 4350 1514 4416 ergo

254 4417 274 4538 ζ
385 4399 546 4489 χχ,
806 4436 924 4497 semper
947 4417 1006 4481 GD
1021 4427 1052 4481 et
1066 4421 1121 4483 AB
1145 4419 1310 4499 parallelae
1335 4440 1426 4503 quam
1449 4441 1514 4504 proe

212 4519 230 4559 n
659 4540 682 4586 A
806 4507 901 4580 xime,
926 4517 957 4570 et
973 4508 1000 4570 si
1024 4509 1107 4570 sinus
1131 4507 1220 4572 GAD
1244 4506 1515 4591 multiplicatusin

808 4598 903 4660 sinum
927 4596 1014 4662 ΑΘΒ
1039 4597 1113 4659 lacit
1134 4617 1300 4672 numerum,
1325 4601 1376 4680 qni
1400 4603 1515 4666 metitur

179 4686 377 4767 quantitatem
408 4708 460 4751 ssu
491 4689 624 4769 vigorem
654 4687 883 4752 accelerationis
913 4694 1130 4767 competentem
1160 4686 1190 4749 in
1220 4688 1276 4750 tali
1306 4688 1389 4765 situ,
1423 4694 1466 4755 sic
1485 4696 1515 4752 rt

180 4775 277 4837 lactus
298 4777 357 4839 iste
380 4779 421 4840 sit
443 4779 589 4842 maximus
612 4778 642 4840 in
665 4779 789 4861 copulis,
813 4776 886 4840 nihil
909 4776 938 4838 in
962 4775 1103 4858 quadris:
1129 4777 1216 4839 facile
1239 4787 1387 4860 apparet,
1413 4782 1513 4863 sijum

180 4863 272 4975 stiam
291 4867 509 4949 prolongentur
530 4867 628 4932 lineae
648 4868 717 4944 AD,
741 4867 809 4944 BG,
832 4884 895 4948 per·
909 4865 1144 4930 eccentricitatis
1167 4867 1373 4937 interventum
1396 4871 1513 4954 nquius
