<?xml version="1.0" encoding="UTF-8"?>
<!DOCTYPE html PUBLIC "-//W3C//DTD XHTML 1.0 Transitional//EN"
    "http://www.w3.org/TR/xhtml1/DTD/xhtml1-transitional.dtd">
<html xmlns="http://www.w3.org/1999/xhtml" xml:lang="en" lang="en">
 <head>
  <title>
</title>
<meta http-equiv="Content-Type" content="text/html;charset=utf-8" />
  <meta name='ocr-system' content='tesseract 3.04.00' />
  <meta name='ocr-capabilities' content='ocr_page ocr_carea ocr_par ocr_line ocrx_word'/>
</head>
<body>
  <div class='ocr_page' id='page_1' title='image "./joanniskepleria14frisgoog_0225.png"; bbox 0 0 3354 5504; ppageno 0'>
   <div class='ocr_carea' id='block_1_1' title="bbox 652 285 1032 359">
    <p class='ocr_par' dir='ltr' id='par_1_1' title="bbox 652 285 1032 359">
     <span class='ocr_line' id='line_1_1' title="bbox 652 285 1032 359; baseline 0.005 -15"><span class='ocrx_word' id='word_1_1' title='bbox 652 287 715 345; x_wconf 84' lang='lat' dir='ltr'><strong>Para</strong></span> <span class='ocrx_word' id='word_1_2' title='bbox 731 285 854 345; x_wconf 82' lang='lat' dir='ltr'><strong>Secunda</strong></span> <span class='ocrx_word' id='word_1_3' title='bbox 891 288 973 359; x_wconf 76' lang='lat' dir='ltr'><strong>Caput</strong></span> <span class='ocrx_word' id='word_1_4' title='bbox 988 288 1032 346; x_wconf 82' lang='lat' dir='ltr'><strong>m.</strong></span> 
     </span>
    </p>
   </div>
   <div class='ocr_carea' id='block_1_2' title="bbox 425 488 1201 766">
    <p class='ocr_par' dir='ltr' id='par_1_2' title="bbox 425 488 1201 766">
     <span class='ocr_line' id='line_1_2' title="bbox 734 488 946 626; baseline 0 -25"><span class='ocrx_word' id='word_1_5' title='bbox 734 488 853 626; x_wconf 85' lang='lat' dir='ltr'><strong>Caput</strong></span> <span class='ocrx_word' id='word_1_6' title='bbox 877 525 946 601; x_wconf 89' lang='lat' dir='ltr'><strong>XI.</strong></span> 
     </span>
     <span class='ocr_line' id='line_1_3' title="bbox 425 663 1201 766; baseline -0.003 -19"><span class='ocrx_word' id='word_1_7' title='bbox 425 663 431 673; x_wconf 44' lang='lat'>⁸</span> <span class='ocrx_word' id='word_1_8' title='bbox 477 682 534 747; x_wconf 86' lang='lat' dir='ltr'><strong>De</strong></span> <span class='ocrx_word' id='word_1_9' title='bbox 552 682 777 766; x_wconf 69' lang='lat' dir='ltr'><strong>paclicatus</strong></span> <span class='ocrx_word' id='word_1_10' title='bbox 799 686 926 750; x_wconf 76' lang='lat' dir='ltr'><strong>disemis</strong></span> <span class='ocrx_word' id='word_1_11' title='bbox 946 680 1054 747; x_wconf 81' lang='lat' dir='ltr'><strong>atellae</strong></span> <span class='ocrx_word' id='word_1_12' title='bbox 1076 683 1201 748; x_wconf 82' lang='lat' dir='ltr'><strong>Martis.</strong></span> 
     </span>
    </p>
   </div>
   <div class='ocr_carea' id='block_1_3' title="bbox 170 810 1509 1175">
    <p class='ocr_par' dir='ltr' id='par_1_3' title="bbox 170 810 1509 1175">
     <span class='ocr_line' id='line_1_4' title="bbox 256 810 1507 907; baseline 0.005 -22"><span class='ocrx_word' id='word_1_13' title='bbox 256 821 380 886; x_wconf 84' lang='lat' dir='ltr'><strong>Initium</strong></span> <span class='ocrx_word' id='word_1_14' title='bbox 403 824 473 886; x_wconf 92' lang='lat' dir='ltr'><strong>novi</strong></span> <span class='ocrx_word' id='word_1_15' title='bbox 496 825 553 887; x_wconf 90' lang='lat' dir='ltr'><strong>mei</strong></span> <span class='ocrx_word' id='word_1_16' title='bbox 577 826 688 890; x_wconf 91' lang='lat' dir='ltr'><strong>laboris</strong></span> <span class='ocrx_word' id='word_1_17' title='bbox 712 820 744 889; x_wconf 77' lang='grc' dir='ltr'>ἐι</span> <span class='ocrx_word' id='word_1_18' title='bbox 766 826 963 893; x_wconf 77' lang='lat' dir='ltr'><strong>restitutionis</strong></span> <span class='ocrx_word' id='word_1_19' title='bbox 988 810 1118 888; x_wconf 85' lang='lat' dir='ltr'><strong>motuuin</strong></span> <span class='ocrx_word' id='word_1_20' title='bbox 1140 820 1209 888; x_wconf 90' lang='lat' dir='ltr'><strong>lude</strong></span> <span class='ocrx_word' id='word_1_21' title='bbox 1232 826 1282 888; x_wconf 92' lang='lat' dir='ltr'><strong>ubi</strong></span> <span class='ocrx_word' id='word_1_22' title='bbox 1299 825 1365 907; x_wconf 84' lang='lat' dir='ltr'><strong>jam</strong></span> <span class='ocrx_word' id='word_1_23' title='bbox 1380 828 1507 891; x_wconf 78' lang='lat' dir='ltr'><strong>cessavi.</strong></span> 
     </span>
     <span class='ocr_line' id='line_1_5' title="bbox 170 910 1507 997; baseline 0.005 -25"><span class='ocrx_word' id='word_1_24' title='bbox 170 910 248 973; x_wconf 86' lang='lat' dir='ltr'><strong>Nam</strong></span> <span class='ocrx_word' id='word_1_25' title='bbox 277 931 316 975; x_wconf 85' lang='lat' dir='ltr'><strong>ex</strong></span> <span class='ocrx_word' id='word_1_26' title='bbox 347 922 435 994; x_wconf 87' lang='lat' dir='ltr'><strong>parte</strong></span> <span class='ocrx_word' id='word_1_27' title='bbox 466 915 563 996; x_wconf 91' lang='lat' dir='ltr'><strong>prima</strong></span> <span class='ocrx_word' id='word_1_28' title='bbox 584 924 687 996; x_wconf 85' lang='lat' dir='ltr'><strong>patet,</strong></span> <span class='ocrx_word' id='word_1_29' title='bbox 720 917 900 978; x_wconf 89' lang='lat' dir='ltr'><strong>assumenda</strong></span> <span class='ocrx_word' id='word_1_30' title='bbox 931 916 1048 997; x_wconf 90' lang='lat' dir='ltr'><strong>quidem</strong></span> <span class='ocrx_word' id='word_1_31' title='bbox 1073 914 1139 979; x_wconf 89' lang='lat' dir='ltr'><strong>loca</strong></span> <span class='ocrx_word' id='word_1_32' title='bbox 1162 923 1188 985; x_wconf 77' lang='lat' dir='ltr'><strong>d</strong></span> <span class='ocrx_word' id='word_1_33' title='bbox 1211 917 1265 977; x_wconf 91' lang='lat' dir='ltr'><strong>sub</strong></span> <span class='ocrx_word' id='word_1_34' title='bbox 1288 916 1507 997; x_wconf 83' lang='lat' dir='ltr'><strong>oppositionum</strong></span> 
     </span>
     <span class='ocr_line' id='line_1_6' title="bbox 170 998 1509 1087; baseline 0.006 -27"><span class='ocrx_word' id='word_1_35' title='bbox 170 1018 234 1063; x_wconf 92' lang='lat' dir='ltr'><strong>cum</strong></span> <span class='ocrx_word' id='word_1_36' title='bbox 269 998 310 1078; x_wconf 99' lang='grc' dir='ltr'>Θ</span> <span class='ocrx_word' id='word_1_37' title='bbox 343 1020 480 1066; x_wconf 87' lang='lat' dir='ltr'><strong>verarum</strong></span> <span class='ocrx_word' id='word_1_38' title='bbox 504 1004 664 1079; x_wconf 88' lang='lat' dir='ltr'><strong>articulos,</strong></span> <span class='ocrx_word' id='word_1_39' title='bbox 699 1007 752 1068; x_wconf 86' lang='lat' dir='ltr'><strong>sed</strong></span> <span class='ocrx_word' id='word_1_40' title='bbox 778 1014 877 1068; x_wconf 91' lang='lat' dir='ltr'><strong>tamen</strong></span> <span class='ocrx_word' id='word_1_41' title='bbox 902 1006 945 1068; x_wconf 90' lang='lat' dir='ltr'><strong>sic</strong></span> <span class='ocrx_word' id='word_1_42' title='bbox 967 1024 1024 1067; x_wconf 95' lang='lat' dir='ltr'><strong>nou</strong></span> <span class='ocrx_word' id='word_1_43' title='bbox 1048 1023 1152 1066; x_wconf 87' lang='lat' dir='ltr'><strong>omnen</strong></span> <span class='ocrx_word' id='word_1_44' title='bbox 1176 1006 1249 1087; x_wconf 59' lang='lat' dir='ltr'><strong>exui,</strong></span> <span class='ocrx_word' id='word_1_45' title='bbox 1265 1005 1509 1086; x_wconf 77' lang='lat' dir='ltr'><strong>inaequalitatem</strong></span> 
     </span>
     <span class='ocr_line' id='line_1_7' title="bbox 170 1090 1509 1175; baseline 0.004 -25"><span class='ocrx_word' id='word_1_46' title='bbox 170 1090 344 1169; x_wconf 88' lang='lat' dir='ltr'><strong>secundam,</strong></span> <span class='ocrx_word' id='word_1_47' title='bbox 367 1091 421 1154; x_wconf 89' lang='lat' dir='ltr'><strong>sed</strong></span> <span class='ocrx_word' id='word_1_48' title='bbox 436 1111 510 1172; x_wconf 90' lang='lat' dir='ltr'><strong>opns</strong></span> <span class='ocrx_word' id='word_1_49' title='bbox 529 1111 596 1155; x_wconf 88' lang='lat' dir='ltr'><strong>esse</strong></span> <span class='ocrx_word' id='word_1_50' title='bbox 611 1103 645 1156; x_wconf 92' lang='lat' dir='ltr'><strong>ut</strong></span> <span class='ocrx_word' id='word_1_51' title='bbox 658 1114 744 1157; x_wconf 92' lang='lat' dir='ltr'><strong>arcus</strong></span> <span class='ocrx_word' id='word_1_52' title='bbox 758 1095 788 1158; x_wconf 93' lang='lat' dir='ltr'><strong>in</strong></span> <span class='ocrx_word' id='word_1_53' title='bbox 803 1095 941 1175; x_wconf 92' lang='lat' dir='ltr'><strong>ecliptica</strong></span> <span class='ocrx_word' id='word_1_54' title='bbox 955 1105 1126 1156; x_wconf 88' lang='lat' dir='ltr'><strong>numeratus</strong></span> <span class='ocrx_word' id='word_1_55' title='bbox 1145 1094 1304 1156; x_wconf 90' lang='lat' dir='ltr'><strong>reducatur</strong></span> <span class='ocrx_word' id='word_1_56' title='bbox 1324 1093 1363 1156; x_wconf 93' lang='lat' dir='ltr'><strong>ad</strong></span> <span class='ocrx_word' id='word_1_57' title='bbox 1381 1095 1509 1158; x_wconf 92' lang='lat' dir='ltr'><strong>orbitam</strong></span> 
     </span>
    </p>
   </div>
   <div class='ocr_carea' id='block_1_4' title="bbox 168 1178 1607 1265">
    <p class='ocr_par' dir='ltr' id='par_1_4' title="bbox 168 1178 1607 1265">
     <span class='ocr_line' id='line_1_8' title="bbox 168 1178 1607 1265; baseline 0.003 -24"><span class='ocrx_word' id='word_1_58' title='bbox 168 1178 321 1259; x_wconf 87' lang='lat' dir='ltr'><strong>planatae.</strong></span> <span class='ocrx_word' id='word_1_59' title='bbox 356 1183 402 1243; x_wconf 86' lang='lat' dir='ltr'><strong>At</strong></span> <span class='ocrx_word' id='word_1_60' title='bbox 424 1182 522 1244; x_wconf 91' lang='lat' dir='ltr'><strong>orbita</strong></span> <span class='ocrx_word' id='word_1_61' title='bbox 542 1183 682 1264; x_wconf 88' lang='lat' dir='ltr'><strong>planetae</strong></span> <span class='ocrx_word' id='word_1_62' title='bbox 704 1185 787 1265; x_wconf 92' lang='lat' dir='ltr'><strong>prius</strong></span> <span class='ocrx_word' id='word_1_63' title='bbox 806 1192 853 1246; x_wconf 91' lang='lat' dir='ltr'><strong>est</strong></span> <span class='ocrx_word' id='word_1_64' title='bbox 871 1183 1080 1263; x_wconf 86' lang='lat' dir='ltr'><strong>investiganda</strong></span> <span class='ocrx_word' id='word_1_65' title='bbox 1093 1201 1146 1261; x_wconf 92' lang='lat' dir='ltr'><strong>per</strong></span> <span class='ocrx_word' id='word_1_66' title='bbox 1163 1182 1385 1245; x_wconf 84' lang='lat' dir='ltr'><strong>inclinationem</strong></span> <span class='ocrx_word' id='word_1_67' title='bbox 1399 1184 1508 1265; x_wconf 92' lang='lat' dir='ltr'><strong>plano·</strong></span> <span class='ocrx_word' id='word_1_68' title='bbox 1605 1197 1607 1200; x_wconf 76' lang='grc'>’</span> 
     </span>
    </p>
   </div>
   <div class='ocr_carea' id='block_1_5' title="bbox 162 1271 1585 3043">
    <p class='ocr_par' dir='ltr' id='par_1_5' title="bbox 167 1271 1509 1531">
     <span class='ocr_line' id='line_1_9' title="bbox 168 1271 1506 1352; baseline 0.002 -21"><span class='ocrx_word' id='word_1_69' title='bbox 168 1287 230 1331; x_wconf 73' lang='lat' dir='ltr'><strong>nm</strong></span> <span class='ocrx_word' id='word_1_70' title='bbox 253 1277 287 1330; x_wconf 87' lang='lat' dir='ltr'><strong>et</strong></span> <span class='ocrx_word' id='word_1_71' title='bbox 309 1288 366 1350; x_wconf 91' lang='lat' dir='ltr'><strong>par</strong></span> <span class='ocrx_word' id='word_1_72' title='bbox 384 1271 525 1333; x_wconf 92' lang='lat' dir='ltr'><strong>nodorum</strong></span> <span class='ocrx_word' id='word_1_73' title='bbox 544 1272 751 1352; x_wconf 88' lang='lat' dir='ltr'><strong>cognitionem.</strong></span> <span class='ocrx_word' id='word_1_74' title='bbox 796 1273 926 1335; x_wconf 82' lang='lat' dir='ltr'><strong>Rursum</strong></span> <span class='ocrx_word' id='word_1_75' title='bbox 948 1272 1101 1334; x_wconf 83' lang='lat' dir='ltr'><strong>inclinatio</strong></span> <span class='ocrx_word' id='word_1_76' title='bbox 1125 1280 1157 1333; x_wconf 91' lang='lat' dir='ltr'><strong>et</strong></span> <span class='ocrx_word' id='word_1_77' title='bbox 1178 1271 1248 1334; x_wconf 90' lang='lat' dir='ltr'><strong>nudi</strong></span> <span class='ocrx_word' id='word_1_78' title='bbox 1271 1280 1420 1352; x_wconf 91' lang='lat' dir='ltr'><strong>nequeunt</strong></span> <span class='ocrx_word' id='word_1_79' title='bbox 1443 1273 1506 1334; x_wconf 88' lang='lat' dir='ltr'><strong>niue</strong></span> 
     </span>
     <span class='ocr_line' id='line_1_10' title="bbox 167 1358 1509 1442; baseline 0.003 -22"><span class='ocrx_word' id='word_1_80' title='bbox 167 1358 315 1438; x_wconf 86' lang='lat' dir='ltr'><strong>parallaxi</strong></span> <span class='ocrx_word' id='word_1_81' title='bbox 339 1359 444 1422; x_wconf 90' lang='lat' dir='ltr'><strong>diurna</strong></span> <span class='ocrx_word' id='word_1_82' title='bbox 466 1361 604 1441; x_wconf 82' lang='lat' dir='ltr'><strong>cognosci</strong></span> <span class='ocrx_word' id='word_1_83' title='bbox 628 1361 772 1442; x_wconf 90' lang='lat' dir='ltr'><strong>siquidem</strong></span> <span class='ocrx_word' id='word_1_84' title='bbox 795 1364 868 1424; x_wconf 91' lang='lat' dir='ltr'><strong>haec</strong></span> <span class='ocrx_word' id='word_1_85' title='bbox 892 1362 933 1423; x_wconf 91' lang='lat' dir='ltr'><strong>sit</strong></span> <span class='ocrx_word' id='word_1_86' title='bbox 955 1361 1174 1441; x_wconf 90' lang='lat' dir='ltr'><strong>grandiuscula.</strong></span> <span class='ocrx_word' id='word_1_87' title='bbox 1211 1361 1242 1422; x_wconf 82' lang='lat' dir='ltr'>A</span> <span class='ocrx_word' id='word_1_88' title='bbox 1256 1361 1403 1441; x_wconf 86' lang='lat' dir='ltr'><strong>parallaxi</strong></span> <span class='ocrx_word' id='word_1_89' title='bbox 1417 1360 1509 1442; x_wconf 87' lang='lat' dir='ltr'><strong>igitur</strong></span> 
     </span>
     <span class='ocr_line' id='line_1_11' title="bbox 169 1446 1059 1531; baseline 0.003 -23"><span class='ocrx_word' id='word_1_90' title='bbox 169 1446 376 1528; x_wconf 88' lang='lat' dir='ltr'><strong>incipiendum,</strong></span> <span class='ocrx_word' id='word_1_91' title='bbox 400 1448 481 1528; x_wconf 87' lang='lat' dir='ltr'><strong>cujus</strong></span> <span class='ocrx_word' id='word_1_92' title='bbox 504 1449 696 1531; x_wconf 89' lang='lat' dir='ltr'><strong>inquirendae</strong></span> <span class='ocrx_word' id='word_1_93' title='bbox 718 1452 821 1514; x_wconf 91' lang='lat' dir='ltr'><strong>modos</strong></span> <span class='ocrx_word' id='word_1_94' title='bbox 845 1453 918 1513; x_wconf 89' lang='lat' dir='ltr'><strong>duos</strong></span> <span class='ocrx_word' id='word_1_95' title='bbox 941 1469 1059 1531; x_wconf 85' lang='lat' dir='ltr'><strong>ponam.</strong></span> 
     </span>
    </p>

    <p class='ocr_par' dir='ltr' id='par_1_6' title="bbox 167 1535 1506 1707">
     <span class='ocr_line' id='line_1_12' title="bbox 252 1535 1506 1627; baseline 0.002 -29"><span class='ocrx_word' id='word_1_96' title='bbox 252 1535 367 1599; x_wconf 87' lang='lat' dir='ltr'><strong>Prior</strong></span> <span class='ocrx_word' id='word_1_97' title='bbox 393 1539 518 1600; x_wconf 90' lang='lat' dir='ltr'><strong>modus</strong></span> <span class='ocrx_word' id='word_1_98' title='bbox 551 1541 694 1612; x_wconf 89' lang='lat' dir='ltr'><strong>(usitatus</strong></span> <span class='ocrx_word' id='word_1_99' title='bbox 728 1546 758 1602; x_wconf 91' lang='lat' dir='ltr'><strong>et</strong></span> <span class='ocrx_word' id='word_1_100' title='bbox 789 1540 912 1614; x_wconf 92' lang='lat' dir='ltr'><strong>ceteris)</strong></span> <span class='ocrx_word' id='word_1_101' title='bbox 937 1538 1154 1602; x_wconf 86' lang='lat' dir='ltr'><strong>examinabitur</strong></span> <span class='ocrx_word' id='word_1_102' title='bbox 1189 1538 1219 1599; x_wconf 93' lang='lat' dir='ltr'><strong>iu</strong></span> <span class='ocrx_word' id='word_1_103' title='bbox 1248 1538 1506 1627; x_wconf 87' lang='lat' dir='ltr'><strong>observationibus</strong></span> 
     </span>
     <span class='ocr_line' id='line_1_13' title="bbox 167 1624 1414 1707; baseline -0.002 -19"><span class='ocrx_word' id='word_1_104' title='bbox 167 1624 345 1688; x_wconf 90' lang='lat' dir='ltr'><strong>Braheauis.</strong></span> <span class='ocrx_word' id='word_1_105' title='bbox 1391 1654 1414 1707; x_wconf 69' lang='lat'>0</span> 
     </span>
    </p>

    <p class='ocr_par' dir='ltr' id='par_1_7' title="bbox 165 1712 1585 2848">
     <span class='ocr_line' id='line_1_14' title="bbox 252 1712 1505 1799; baseline 0.001 -21"><span class='ocrx_word' id='word_1_106' title='bbox 252 1714 346 1778; x_wconf 84' lang='lat' dir='ltr'><strong>Anno</strong></span> <span class='ocrx_word' id='word_1_107' title='bbox 372 1712 464 1794; x_wconf 90' lang='lat' dir='ltr'><strong>igitur</strong></span> <span class='ocrx_word' id='word_1_108' title='bbox 497 1714 582 1799; x_wconf 72' lang='grc' dir='ltr'><strong>Ι1582</strong></span> <span class='ocrx_word' id='word_1_109' title='bbox 614 1726 729 1787; x_wconf 71' lang='lat' dir='ltr'><strong>eumd</strong></span> <span class='ocrx_word' id='word_1_110' title='bbox 751 1727 950 1798; x_wconf 90' lang='lat' dir='ltr'><strong>opponeretur</strong></span> <span class='ocrx_word' id='word_1_111' title='bbox 973 1715 1013 1795; x_wconf 96' lang='grc' dir='ltr'>Θ</span> <span class='ocrx_word' id='word_1_112' title='bbox 1041 1716 1070 1778; x_wconf 92' lang='lat' dir='ltr'><strong>in</strong></span> <span class='ocrx_word' id='word_1_113' title='bbox 1096 1729 1145 1791; x_wconf 71' lang='lat' dir='ltr'><strong>ee,</strong></span> <span class='ocrx_word' id='word_1_114' title='bbox 1177 1715 1379 1778; x_wconf 87' lang='lat' dir='ltr'><strong>incredibilem</strong></span> <span class='ocrx_word' id='word_1_115' title='bbox 1407 1717 1505 1779; x_wconf 88' lang='lat' dir='ltr'><strong>inveni</strong></span> 
     </span>
     <span class='ocr_line' id='line_1_15' title="bbox 167 1803 1504 1888; baseline -0.001 -19"><span class='ocrx_word' id='word_1_116' title='bbox 167 1803 354 1886; x_wconf 83' lang='lat' dir='ltr'><strong>diligentiam</strong></span> <span class='ocrx_word' id='word_1_117' title='bbox 372 1803 403 1865; x_wconf 92' lang='lat' dir='ltr'><strong>in</strong></span> <span class='ocrx_word' id='word_1_118' title='bbox 422 1804 617 1880; x_wconf 90' lang='lat' dir='ltr'><strong>observando,</strong></span> <span class='ocrx_word' id='word_1_119' title='bbox 644 1826 709 1869; x_wconf 89' lang='lat' dir='ltr'><strong>curn</strong></span> <span class='ocrx_word' id='word_1_120' title='bbox 723 1805 972 1888; x_wconf 74' lang='lat' dir='ltr'><strong>titulo&#39;l&#39;ychouis</strong></span> <span class='ocrx_word' id='word_1_121' title='bbox 988 1805 1190 1886; x_wconf 89' lang='lat' dir='ltr'><strong>manuscripto</strong></span> <span class='ocrx_word' id='word_1_122' title='bbox 1213 1823 1282 1885; x_wconf 93' lang='lat' dir='ltr'><strong>pro</strong></span> <span class='ocrx_word' id='word_1_123' title='bbox 1305 1805 1504 1885; x_wconf 91' lang='lat' dir='ltr'><strong>inquiran-</strong></span> 
     </span>
     <span class='ocr_line' id='line_1_16' title="bbox 167 1886 1506 1977; baseline 0.001 -21"><span class='ocrx_word' id='word_1_124' title='bbox 167 1893 220 1956; x_wconf 87' lang='lat' dir='ltr'><strong>dis</strong></span> <span class='ocrx_word' id='word_1_125' title='bbox 242 1892 519 1975; x_wconf 85' lang='lat' dir='ltr'><strong>parallaxibus</strong></span> <span class='ocrx_word' id='word_1_126' title='bbox 542 1886 696 1972; x_wconf 81' lang='lat' dir='ltr'><strong>Mar&#39;tis,</strong></span> <span class='ocrx_word' id='word_1_127' title='bbox 720 1895 774 1957; x_wconf 91' lang='lat' dir='ltr'><strong>sed</strong></span> <span class='ocrx_word' id='word_1_128' title='bbox 796 1915 835 1957; x_wconf 83' lang='lat' dir='ltr'><strong>ex</strong></span> <span class='ocrx_word' id='word_1_129' title='bbox 858 1910 916 1977; x_wconf 90' lang='lat' dir='ltr'><strong>qua</strong></span> <span class='ocrx_word' id='word_1_130' title='bbox 935 1903 988 1957; x_wconf 93' lang='lat' dir='ltr'><strong>aut</strong></span> <span class='ocrx_word' id='word_1_131' title='bbox 1005 1896 1093 1976; x_wconf 85' lang='lat' dir='ltr'><strong>plane</strong></span> <span class='ocrx_word' id='word_1_132' title='bbox 1117 1895 1227 1955; x_wconf 92' lang='lat' dir='ltr'><strong>nullam</strong></span> <span class='ocrx_word' id='word_1_133' title='bbox 1246 1903 1299 1955; x_wconf 91' lang='lat' dir='ltr'><strong>aut</strong></span> <span class='ocrx_word' id='word_1_134' title='bbox 1316 1894 1506 1976; x_wconf 84' lang='lat' dir='ltr'><strong>perexiguam</strong></span> 
     </span>
     <span class='ocr_line' id='line_1_17' title="bbox 167 1982 1508 2065; baseline 0.001 -21"><span class='ocrx_word' id='word_1_135' title='bbox 167 1982 304 2046; x_wconf 89' lang='lat' dir='ltr'><strong>elicueris</strong></span> <span class='ocrx_word' id='word_1_136' title='bbox 328 1982 438 2045; x_wconf 88' lang='lat' dir='ltr'><strong>Martis</strong></span> <span class='ocrx_word' id='word_1_137' title='bbox 460 1983 637 2063; x_wconf 78' lang='lat' dir='ltr'><strong>parallaain.</strong></span> <span class='ocrx_word' id='word_1_138' title='bbox 675 1987 773 2047; x_wconf 87' lang='lat' dir='ltr'><strong>Taceo</strong></span> <span class='ocrx_word' id='word_1_139' title='bbox 796 1985 872 2065; x_wconf 93' lang='lat' dir='ltr'><strong>quod</strong></span> <span class='ocrx_word' id='word_1_140' title='bbox 887 1986 981 2058; x_wconf 87' lang='lat' dir='ltr'><strong>(more</strong></span> <span class='ocrx_word' id='word_1_141' title='bbox 998 1983 1102 2057; x_wconf 89' lang='lat' dir='ltr'><strong>solito)</strong></span> <span class='ocrx_word' id='word_1_142' title='bbox 1121 1983 1240 2045; x_wconf 85' lang='lat' dir='ltr'><strong>stellam</strong></span> <span class='ocrx_word' id='word_1_143' title='bbox 1255 1991 1281 2052; x_wconf 70' lang='grc' dir='ltr'><strong>(ς</strong></span> <span class='ocrx_word' id='word_1_144' title='bbox 1295 1994 1508 2062; x_wconf 89' lang='lat' dir='ltr'><strong>compararunt</strong></span> 
     </span>
     <span class='ocr_line' id='line_1_18' title="bbox 167 2071 1525 2154; baseline 0.001 -19"><span class='ocrx_word' id='word_1_145' title='bbox 167 2072 202 2135; x_wconf 82' lang='lat' dir='ltr'><strong>sd</strong></span> <span class='ocrx_word' id='word_1_146' title='bbox 224 2071 336 2134; x_wconf 82' lang='lat' dir='ltr'><strong>stellas</strong></span> <span class='ocrx_word' id='word_1_147' title='bbox 360 2071 516 2152; x_wconf 89' lang='lat' dir='ltr'><strong>eclipticae</strong></span> <span class='ocrx_word' id='word_1_148' title='bbox 539 2073 653 2134; x_wconf 87' lang='lat' dir='ltr'><strong>vicinae</strong></span> <span class='ocrx_word' id='word_1_149' title='bbox 677 2084 708 2135; x_wconf 92' lang='lat' dir='ltr'><strong>et</strong></span> <span class='ocrx_word' id='word_1_150' title='bbox 730 2074 901 2154; x_wconf 88' lang='lat' dir='ltr'><strong>plerumque</strong></span> <span class='ocrx_word' id='word_1_151' title='bbox 924 2075 1010 2154; x_wconf 89' lang='lat' dir='ltr'><strong>longe</strong></span> <span class='ocrx_word' id='word_1_152' title='bbox 1030 2073 1189 2134; x_wconf 89' lang='lat' dir='ltr'><strong>distantes.</strong></span> <span class='ocrx_word' id='word_1_153' title='bbox 1228 2071 1304 2134; x_wconf 86' lang='lat' dir='ltr'><strong>Cum</strong></span> <span class='ocrx_word' id='word_1_154' title='bbox 1320 2071 1410 2151; x_wconf 87' lang='lat' dir='ltr'><strong>igitur</strong></span> <span class='ocrx_word' id='word_1_155' title='bbox 1425 2092 1525 2136; x_wconf 72' lang='grc' dir='ltr'><strong>ιοιιι-1</strong></span> 
     </span>
     <span class='ocr_line' id='line_1_19' title="bbox 165 2160 1505 2242; baseline 0 -18"><span class='ocrx_word' id='word_1_156' title='bbox 165 2160 322 2242; x_wconf 78' lang='lat' dir='ltr'><strong>paratione</strong></span> <span class='ocrx_word' id='word_1_157' title='bbox 335 2160 501 2222; x_wconf 89' lang='lat' dir='ltr'><strong>matutinae</strong></span> <span class='ocrx_word' id='word_1_158' title='bbox 513 2169 544 2223; x_wconf 94' lang='lat' dir='ltr'><strong>et</strong></span> <span class='ocrx_word' id='word_1_159' title='bbox 561 2164 748 2242; x_wconf 83' lang='lat' dir='ltr'><strong>vespertinas</strong></span> <span class='ocrx_word' id='word_1_160' title='bbox 763 2162 981 2226; x_wconf 90' lang='lat' dir='ltr'><strong>observationis</strong></span> <span class='ocrx_word' id='word_1_161' title='bbox 997 2162 1095 2224; x_wconf 88' lang='lat' dir='ltr'><strong>soleat</strong></span> <span class='ocrx_word' id='word_1_162' title='bbox 1108 2160 1214 2242; x_wconf 90' lang='lat' dir='ltr'><strong>inquiri</strong></span> <span class='ocrx_word' id='word_1_163' title='bbox 1223 2160 1388 2241; x_wconf 88' lang='lat' dir='ltr'><strong>parallaxis</strong></span> <span class='ocrx_word' id='word_1_164' title='bbox 1397 2163 1505 2224; x_wconf 89' lang='lat' dir='ltr'><strong>stellae</strong></span> 
     </span>
     <span class='ocr_line' id='line_1_20' title="bbox 165 2248 1585 2332; baseline -0.001 -19"><span class='ocrx_word' id='word_1_165' title='bbox 165 2250 283 2314; x_wconf 87' lang='lat' dir='ltr'><strong>mobilis</strong></span> <span class='ocrx_word' id='word_1_166' title='bbox 307 2250 349 2323; x_wconf 67' lang='grc' dir='ltr'><strong>(ὁ</strong></span> <span class='ocrx_word' id='word_1_167' title='bbox 372 2249 450 2311; x_wconf 90' lang='lat' dir='ltr'><strong>enim</strong></span> <span class='ocrx_word' id='word_1_168' title='bbox 470 2248 509 2328; x_wconf 95' lang='grc' dir='ltr'>Θ</span> <span class='ocrx_word' id='word_1_169' title='bbox 530 2250 684 2331; x_wconf 91' lang='lat' dir='ltr'><strong>oppositus</strong></span> <span class='ocrx_word' id='word_1_170' title='bbox 707 2250 818 2314; x_wconf 91' lang='lat' dir='ltr'><strong>incedit</strong></span> <span class='ocrx_word' id='word_1_171' title='bbox 840 2259 921 2315; x_wconf 91' lang='lat' dir='ltr'><strong>motu</strong></span> <span class='ocrx_word' id='word_1_172' title='bbox 936 2250 1137 2332; x_wconf 88' lang='lat' dir='ltr'><strong>retrogrado),</strong></span> <span class='ocrx_word' id='word_1_173' title='bbox 1162 2249 1229 2312; x_wconf 90' lang='lat' dir='ltr'><strong>hinc</strong></span> <span class='ocrx_word' id='word_1_174' title='bbox 1253 2251 1374 2325; x_wconf 85' lang='lat' dir='ltr'><strong>factum,</strong></span> <span class='ocrx_word' id='word_1_175' title='bbox 1394 2259 1429 2313; x_wconf 92' lang='lat' dir='ltr'><strong>nt</strong></span> <span class='ocrx_word' id='word_1_176' title='bbox 1443 2253 1505 2314; x_wconf 90' lang='lat' dir='ltr'><strong>lere</strong></span> <span class='ocrx_word' id='word_1_177' title='bbox 1582 2280 1585 2284; x_wconf 42' lang='lat'>*</span> 
     </span>
     <span class='ocr_line' id='line_1_21' title="bbox 165 2337 1506 2425; baseline 0.001 -24"><span class='ocrx_word' id='word_1_178' title='bbox 165 2339 200 2425; x_wconf 84' lang='lat' dir='ltr'><strong>ab</strong></span> <span class='ocrx_word' id='word_1_179' title='bbox 231 2339 304 2402; x_wconf 84' lang='lat' dir='ltr'><strong>aliia</strong></span> <span class='ocrx_word' id='word_1_180' title='bbox 332 2339 430 2401; x_wconf 88' lang='lat' dir='ltr'><strong>stellis</strong></span> <span class='ocrx_word' id='word_1_181' title='bbox 452 2359 554 2409; x_wconf 92' lang='lat' dir='ltr'><strong>mane,</strong></span> <span class='ocrx_word' id='word_1_182' title='bbox 574 2339 651 2401; x_wconf 57' lang='lat' dir='ltr'><strong>&gt;aliis</strong></span> <span class='ocrx_word' id='word_1_183' title='bbox 676 2340 792 2422; x_wconf 90' lang='lat' dir='ltr'><strong>vesperi</strong></span> <span class='ocrx_word' id='word_1_184' title='bbox 815 2348 840 2410; x_wconf 70' lang='grc' dir='ltr'><em>ὀ</em></span> <span class='ocrx_word' id='word_1_185' title='bbox 863 2340 954 2402; x_wconf 86' lang='lat' dir='ltr'><strong>fuerit</strong></span> <span class='ocrx_word' id='word_1_186' title='bbox 977 2341 1163 2402; x_wconf 87' lang='lat' dir='ltr'><strong>observatus.</strong></span> <span class='ocrx_word' id='word_1_187' title='bbox 1209 2337 1303 2418; x_wconf 78' lang='lat' dir='ltr'><strong>Cujus</strong></span> <span class='ocrx_word' id='word_1_188' title='bbox 1327 2340 1406 2401; x_wconf 92' lang='lat' dir='ltr'><strong>euim</strong></span> <span class='ocrx_word' id='word_1_189' title='bbox 1430 2340 1506 2402; x_wconf 84' lang='lat' dir='ltr'><strong>lixae</strong></span> 
     </span>
     <span class='ocr_line' id='line_1_22' title="bbox 167 2425 1552 2511; baseline 0.001 -20"><span class='ocrx_word' id='word_1_190' title='bbox 167 2447 252 2491; x_wconf 85' lang='lat' dir='ltr'><strong>mane</strong></span> <span class='ocrx_word' id='word_1_191' title='bbox 282 2425 371 2507; x_wconf 89' lang='lat' dir='ltr'><strong>copia</strong></span> <span class='ocrx_word' id='word_1_192' title='bbox 397 2427 454 2490; x_wconf 88' lang='lat' dir='ltr'><strong>luit</strong></span> <span class='ocrx_word' id='word_1_193' title='bbox 482 2428 612 2501; x_wconf 90' lang='lat' dir='ltr'><strong>(altioris</strong></span> <span class='ocrx_word' id='word_1_194' title='bbox 645 2430 751 2511; x_wconf 89' lang='lat' dir='ltr'><strong>quippe</strong></span> <span class='ocrx_word' id='word_1_195' title='bbox 782 2448 868 2509; x_wconf 91' lang='lat' dir='ltr'><strong>qnam</strong></span> <span class='ocrx_word' id='word_1_196' title='bbox 892 2437 940 2491; x_wconf 86' lang='lat' dir='ltr'><strong>est</strong></span> <span class='ocrx_word' id='word_1_197' title='bbox 967 2434 1007 2502; x_wconf 78' lang='lat'><strong>0¹)</strong></span> <span class='ocrx_word' id='word_1_198' title='bbox 1031 2449 1076 2502; x_wconf 90' lang='lat' dir='ltr'><strong>ea,</strong></span> <span class='ocrx_word' id='word_1_199' title='bbox 1101 2427 1126 2489; x_wconf 92' lang='lat' dir='ltr'><strong>si</strong></span> <span class='ocrx_word' id='word_1_200' title='bbox 1149 2428 1190 2489; x_wconf 93' lang='lat' dir='ltr'><strong>sit</strong></span> <span class='ocrx_word' id='word_1_201' title='bbox 1213 2427 1370 2508; x_wconf 82' lang='lat' dir='ltr'><strong>eclipticas</strong></span> <span class='ocrx_word' id='word_1_202' title='bbox 1393 2429 1501 2504; x_wconf 87' lang='lat' dir='ltr'><strong>vicina,</strong></span> <span class='ocrx_word' id='word_1_203' title='bbox 1545 2492 1552 2507; x_wconf 80' lang='grc'><strong>,</strong></span> 
     </span>
     <span class='ocr_line' id='line_1_23' title="bbox 166 2515 1504 2598; baseline 0.004 -22"><span class='ocrx_word' id='word_1_204' title='bbox 166 2515 285 2598; x_wconf 89' lang='lat' dir='ltr'><strong>vesperi</strong></span> <span class='ocrx_word' id='word_1_205' title='bbox 308 2517 349 2589; x_wconf 75' lang='lat' dir='ltr'><strong>(d</strong></span> <span class='ocrx_word' id='word_1_206' title='bbox 367 2516 432 2597; x_wconf 90' lang='lat' dir='ltr'><strong>jam</strong></span> <span class='ocrx_word' id='word_1_207' title='bbox 454 2517 483 2579; x_wconf 94' lang='lat' dir='ltr'><strong>iu</strong></span> <span class='ocrx_word' id='word_1_208' title='bbox 499 2518 591 2598; x_wconf 92' lang='lat' dir='ltr'><strong>plaga</strong></span> <span class='ocrx_word' id='word_1_209' title='bbox 608 2520 785 2580; x_wconf 87' lang='lat' dir='ltr'><strong>occidentali</strong></span> <span class='ocrx_word' id='word_1_210' title='bbox 805 2520 959 2592; x_wconf 87' lang='lat' dir='ltr'><strong>versante)</strong></span> <span class='ocrx_word' id='word_1_211' title='bbox 983 2526 1035 2581; x_wconf 91' lang='lat' dir='ltr'><strong>aut</strong></span> <span class='ocrx_word' id='word_1_212' title='bbox 1054 2516 1162 2579; x_wconf 91' lang='lat' dir='ltr'><strong>occidit</strong></span> <span class='ocrx_word' id='word_1_213' title='bbox 1177 2525 1230 2578; x_wconf 91' lang='lat' dir='ltr'><strong>aut</strong></span> <span class='ocrx_word' id='word_1_214' title='bbox 1243 2518 1281 2578; x_wconf 93' lang='lat' dir='ltr'><strong>ob</strong></span> <span class='ocrx_word' id='word_1_215' title='bbox 1295 2518 1504 2581; x_wconf 85' lang='lat' dir='ltr'><strong>refractionem</strong></span> 
     </span>
     <span class='ocr_line' id='line_1_24' title="bbox 165 2606 1504 2689; baseline 0.001 -21"><span class='ocrx_word' id='word_1_216' title='bbox 165 2606 268 2689; x_wconf 90' lang='lat' dir='ltr'><strong>inepta</strong></span> <span class='ocrx_word' id='word_1_217' title='bbox 289 2606 391 2667; x_wconf 92' lang='lat' dir='ltr'><strong>estin</strong></span> <span class='ocrx_word' id='word_1_218' title='bbox 413 2606 470 2667; x_wconf 91' lang='lat' dir='ltr'><strong>hoc</strong></span> <span class='ocrx_word' id='word_1_219' title='bbox 493 2606 596 2668; x_wconf 88' lang='lat' dir='ltr'><strong>subtili</strong></span> <span class='ocrx_word' id='word_1_220' title='bbox 619 2608 749 2687; x_wconf 89' lang='lat' dir='ltr'><strong>negotio.</strong></span> <span class='ocrx_word' id='word_1_221' title='bbox 793 2607 866 2669; x_wconf 86' lang='lat' dir='ltr'><strong>Alia</strong></span> <span class='ocrx_word' id='word_1_222' title='bbox 888 2607 979 2688; x_wconf 89' lang='lat' dir='ltr'><strong>igitur</strong></span> <span class='ocrx_word' id='word_1_223' title='bbox 993 2606 1202 2670; x_wconf 90' lang='lat' dir='ltr'><strong>substituenda</strong></span> <span class='ocrx_word' id='word_1_224' title='bbox 1222 2607 1288 2668; x_wconf 86' lang='lat' dir='ltr'><strong>luit.</strong></span> <span class='ocrx_word' id='word_1_225' title='bbox 1326 2607 1372 2669; x_wconf 85' lang='lat' dir='ltr'><strong>At</strong></span> <span class='ocrx_word' id='word_1_226' title='bbox 1385 2608 1410 2669; x_wconf 91' lang='lat' dir='ltr'><strong>si</strong></span> <span class='ocrx_word' id='word_1_227' title='bbox 1427 2609 1504 2670; x_wconf 89' lang='lat' dir='ltr'><strong>stel-</strong></span> 
     </span>
     <span class='ocr_line' id='line_1_25' title="bbox 165 2695 1503 2778; baseline 0 -20"><span class='ocrx_word' id='word_1_228' title='bbox 165 2698 207 2758; x_wconf 86' lang='lat' dir='ltr'><strong>lae</strong></span> <span class='ocrx_word' id='word_1_229' title='bbox 230 2698 312 2758; x_wconf 82' lang='lat' dir='ltr'><strong>fixae</strong></span> <span class='ocrx_word' id='word_1_230' title='bbox 335 2695 414 2756; x_wconf 86' lang='lat' dir='ltr'><strong>aliae</strong></span> <span class='ocrx_word' id='word_1_231' title='bbox 438 2695 504 2758; x_wconf 89' lang='lat' dir='ltr'><strong>aliis</strong></span> <span class='ocrx_word' id='word_1_232' title='bbox 526 2705 747 2776; x_wconf 90' lang='lat' dir='ltr'><strong>permutentur,</strong></span> <span class='ocrx_word' id='word_1_233' title='bbox 779 2716 895 2777; x_wconf 90' lang='lat' dir='ltr'><strong>semper</strong></span> <span class='ocrx_word' id='word_1_234' title='bbox 917 2697 1013 2759; x_wconf 87' lang='lat' dir='ltr'><strong>minor</strong></span> <span class='ocrx_word' id='word_1_235' title='bbox 1035 2695 1109 2758; x_wconf 88' lang='lat' dir='ltr'><strong>fides</strong></span> <span class='ocrx_word' id='word_1_236' title='bbox 1132 2702 1181 2757; x_wconf 90' lang='lat' dir='ltr'><strong>est</strong></span> <span class='ocrx_word' id='word_1_237' title='bbox 1202 2695 1338 2777; x_wconf 91' lang='lat' dir='ltr'><strong>negotio,</strong></span> <span class='ocrx_word' id='word_1_238' title='bbox 1369 2699 1503 2778; x_wconf 88' lang='lat' dir='ltr'><strong>quamsi</strong></span> 
     </span>
     <span class='ocr_line' id='line_1_26' title="bbox 165 2782 466 2848; baseline -0.01 0"><span class='ocrx_word' id='word_1_239' title='bbox 165 2782 269 2848; x_wconf 86' lang='lat' dir='ltr'><strong>eadem</strong></span> <span class='ocrx_word' id='word_1_240' title='bbox 292 2783 466 2847; x_wconf 85' lang='lat' dir='ltr'><strong>retineatur.</strong></span> 
     </span>
    </p>

    <p class='ocr_par' dir='ltr' id='par_1_8' title="bbox 162 2871 1506 3043">
     <span class='ocr_line' id='line_1_27' title="bbox 249 2871 1505 2954; baseline -0.001 -18"><span class='ocrx_word' id='word_1_241' title='bbox 249 2871 328 2936; x_wconf 83' lang='lat' dir='ltr'><strong>Cum</strong></span> <span class='ocrx_word' id='word_1_242' title='bbox 352 2880 451 2935; x_wconf 90' lang='lat' dir='ltr'><strong>autern</strong></span> <span class='ocrx_word' id='word_1_243' title='bbox 474 2873 643 2947; x_wconf 81' lang='lat' dir='ltr'><strong>Braheus</strong></span> <span class='ocrx_word' id='word_1_244' title='bbox 671 2873 785 2954; x_wconf 86' lang='lat' dir='ltr'><strong>passim</strong></span> <span class='ocrx_word' id='word_1_245' title='bbox 811 2872 885 2935; x_wconf 89' lang='lat' dir='ltr'><strong>viris</strong></span> <span class='ocrx_word' id='word_1_246' title='bbox 915 2873 1013 2934; x_wconf 89' lang='lat' dir='ltr'><strong>doctis</strong></span> <span class='ocrx_word' id='word_1_247' title='bbox 1037 2872 1241 2942; x_wconf 85' lang='lat' dir='ltr'><strong>affirmaverit,</strong></span> <span class='ocrx_word' id='word_1_248' title='bbox 1265 2890 1302 2934; x_wconf 87' lang='lat' dir='ltr'><strong>ex</strong></span> <span class='ocrx_word' id='word_1_249' title='bbox 1325 2871 1412 2952; x_wconf 86' lang='lat' dir='ltr'><strong>hujus</strong></span> <span class='ocrx_word' id='word_1_250' title='bbox 1436 2873 1505 2935; x_wconf 89' lang='lat' dir='ltr'><strong>anui</strong></span> 
     </span>
     <span class='ocr_line' id='line_1_28' title="bbox 162 2960 1506 3043; baseline -0.002 -17"><span class='ocrx_word' id='word_1_251' title='bbox 162 2961 330 3026; x_wconf 83' lang='lat' dir='ltr'><strong>observatis</strong></span> <span class='ocrx_word' id='word_1_252' title='bbox 358 2961 510 3025; x_wconf 88' lang='lat' dir='ltr'><strong>inventam</strong></span> <span class='ocrx_word' id='word_1_253' title='bbox 534 2981 600 3023; x_wconf 87' lang='lat' dir='ltr'><strong>esse</strong></span> <span class='ocrx_word' id='word_1_254' title='bbox 623 2962 791 3043; x_wconf 79' lang='lat' dir='ltr'><strong>parallarin</strong></span> <span class='ocrx_word' id='word_1_255' title='bbox 816 2962 1040 3032; x_wconf 62' lang='lat' dir='ltr'><strong>&amp;notabiliter</strong></span> <span class='ocrx_word' id='word_1_256' title='bbox 1067 2961 1210 3042; x_wconf 85' lang='lat' dir='ltr'><strong>majorem</strong></span> <span class='ocrx_word' id='word_1_257' title='bbox 1233 2960 1349 3035; x_wconf 90' lang='lat' dir='ltr'><strong>Solari‚</strong></span> <span class='ocrx_word' id='word_1_258' title='bbox 1378 2981 1442 3042; x_wconf 90' lang='lat' dir='ltr'><strong>ego</strong></span> <span class='ocrx_word' id='word_1_259' title='bbox 1472 2970 1506 3023; x_wconf 91' lang='lat' dir='ltr'><strong>ut</strong></span> 
     </span>
    </p>
   </div>
   <div class='ocr_carea' id='block_1_6' title="bbox 162 3050 1627 3134">
    <p class='ocr_par' dir='ltr' id='par_1_9' title="bbox 162 3050 1627 3134">
     <span class='ocr_line' id='line_1_29' title="bbox 162 3050 1627 3134; baseline -0.001 -20"><span class='ocrx_word' id='word_1_260' title='bbox 162 3051 366 3134; x_wconf 84' lang='lat' dir='ltr'><strong>operationem</strong></span> <span class='ocrx_word' id='word_1_261' title='bbox 394 3070 447 3114; x_wconf 89' lang='lat' dir='ltr'><strong>seu</strong></span> <span class='ocrx_word' id='word_1_262' title='bbox 480 3051 625 3114; x_wconf 89' lang='lat' dir='ltr'><strong>calculum</strong></span> <span class='ocrx_word' id='word_1_263' title='bbox 655 3051 733 3113; x_wconf 89' lang='lat' dir='ltr'><strong>huna</strong></span> <span class='ocrx_word' id='word_1_264' title='bbox 762 3051 893 3132; x_wconf 90' lang='lat' dir='ltr'><strong>penitius</strong></span> <span class='ocrx_word' id='word_1_265' title='bbox 925 3052 1071 3131; x_wconf 88' lang='lat' dir='ltr'><strong>inspicere</strong></span> <span class='ocrx_word' id='word_1_266' title='bbox 1101 3069 1238 3130; x_wconf 88' lang='lat' dir='ltr'><strong>possem,</strong></span> <span class='ocrx_word' id='word_1_267' title='bbox 1274 3058 1372 3112; x_wconf 91' lang='lat' dir='ltr'><strong>totum</strong></span> <span class='ocrx_word' id='word_1_268' title='bbox 1399 3050 1506 3113; x_wconf 91' lang='lat' dir='ltr'><strong>librum</strong></span> <span class='ocrx_word' id='word_1_269' title='bbox 1621 3091 1627 3102; x_wconf 89' lang='lat'><strong>·</strong></span> 
     </span>
    </p>
   </div>
   <div class='ocr_carea' id='block_1_7' title="bbox 125 3138 1506 4915">
    <p class='ocr_par' dir='ltr' id='par_1_10' title="bbox 125 3138 1506 4915">
     <span class='ocr_line' id='line_1_30' title="bbox 162 3138 1506 3225; baseline -0.002 -20"><span class='ocrx_word' id='word_1_270' title='bbox 162 3141 391 3223; x_wconf 81' lang='lat' dir='ltr'><strong>diligentissime</strong></span> <span class='ocrx_word' id='word_1_271' title='bbox 412 3141 603 3221; x_wconf 87' lang='lat' dir='ltr'><strong>perlustravi.</strong></span> <span class='ocrx_word' id='word_1_272' title='bbox 648 3138 691 3202; x_wconf 83' lang='lat' dir='ltr'><strong>Et</strong></span> <span class='ocrx_word' id='word_1_273' title='bbox 712 3140 811 3225; x_wconf 77' lang='lat' dir='ltr'><strong>inveni</strong></span> <span class='ocrx_word' id='word_1_274' title='bbox 825 3141 943 3220; x_wconf 90' lang='lat' dir='ltr'><strong>quidem</strong></span> <span class='ocrx_word' id='word_1_275' title='bbox 954 3141 1082 3216; x_wconf 89' lang='lat' dir='ltr'><strong>titulum,</strong></span> <span class='ocrx_word' id='word_1_276' title='bbox 1102 3140 1152 3220; x_wconf 91' lang='lat' dir='ltr'><strong>qui</strong></span> <span class='ocrx_word' id='word_1_277' title='bbox 1161 3141 1307 3202; x_wconf 91' lang='lat' dir='ltr'><strong>rationem</strong></span> <span class='ocrx_word' id='word_1_278' title='bbox 1316 3138 1506 3219; x_wconf 85' lang='lat' dir='ltr'><strong>profiteretur</strong></span> 
     </span>
     <span class='ocr_line' id='line_1_31' title="bbox 162 3227 1506 3313; baseline -0.004 -19"><span class='ocrx_word' id='word_1_279' title='bbox 162 3229 324 3313; x_wconf 87' lang='lat' dir='ltr'><strong>inquirendi</strong></span> <span class='ocrx_word' id='word_1_280' title='bbox 347 3230 514 3308; x_wconf 82' lang='lat' dir='ltr'><strong>parallaxin</strong></span> <span class='ocrx_word' id='word_1_281' title='bbox 539 3237 564 3300; x_wconf 73' lang='grc' dir='ltr'><strong>(ς</strong></span> <span class='ocrx_word' id='word_1_282' title='bbox 588 3247 627 3290; x_wconf 86' lang='lat' dir='ltr'><strong>ex</strong></span> <span class='ocrx_word' id='word_1_283' title='bbox 648 3229 727 3291; x_wconf 89' lang='lat' dir='ltr'><strong>illius</strong></span> <span class='ocrx_word' id='word_1_284' title='bbox 751 3228 821 3292; x_wconf 92' lang='lat' dir='ltr'><strong>anni</strong></span> <span class='ocrx_word' id='word_1_285' title='bbox 845 3229 1115 3292; x_wconf 89' lang='lat' dir='ltr'><strong>observationibus.</strong></span> <span class='ocrx_word' id='word_1_286' title='bbox 1171 3229 1234 3292; x_wconf 90' lang='lat' dir='ltr'><strong>Sed</strong></span> <span class='ocrx_word' id='word_1_287' title='bbox 1262 3248 1298 3290; x_wconf 89' lang='lat' dir='ltr'><strong>eu</strong></span> <span class='ocrx_word' id='word_1_288' title='bbox 1321 3247 1384 3289; x_wconf 90' lang='lat' dir='ltr'><strong>rem</strong></span> <span class='ocrx_word' id='word_1_289' title='bbox 1406 3227 1506 3312; x_wconf 91' lang='lat' dir='ltr'><strong>inopi-</strong></span> 
     </span>
     <span class='ocr_line' id='line_1_32' title="bbox 125 3316 1502 3409; baseline -0.002 -26"><span class='ocrx_word' id='word_1_290' title='bbox 125 3329 126 3332; x_wconf 76' lang='grc'>’</span> <span class='ocrx_word' id='word_1_291' title='bbox 155 3328 270 3409; x_wconf 78' lang='grc' dir='ltr'><strong>Ιιιιιιιιιι.</strong></span> <span class='ocrx_word' id='word_1_292' title='bbox 316 3319 428 3380; x_wconf 79' lang='lat' dir='ltr'><strong>Lucum</strong></span> <span class='ocrx_word' id='word_1_293' title='bbox 451 3327 476 3389; x_wconf 73' lang='lat' dir='ltr'><strong>d</strong></span> <span class='ocrx_word' id='word_1_294' title='bbox 498 3318 686 3380; x_wconf 89' lang='lat' dir='ltr'><strong>observando</strong></span> <span class='ocrx_word' id='word_1_295' title='bbox 711 3319 864 3380; x_wconf 92' lang='lat' dir='ltr'><strong>inventum</strong></span> <span class='ocrx_word' id='word_1_296' title='bbox 884 3320 1145 3381; x_wconf 86' lang='lat' dir='ltr'><strong>accommodarunt</strong></span> <span class='ocrx_word' id='word_1_297' title='bbox 1163 3318 1202 3379; x_wconf 93' lang='lat' dir='ltr'><strong>ad</strong></span> <span class='ocrx_word' id='word_1_298' title='bbox 1217 3318 1338 3379; x_wconf 89' lang='lat' dir='ltr'><strong>schema</strong></span> <span class='ocrx_word' id='word_1_299' title='bbox 1353 3316 1502 3398; x_wconf 86' lang='lat' dir='ltr'><strong>Ooparni-</strong></span> 
     </span>
     <span class='ocr_line' id='line_1_33' title="bbox 161 3406 1503 3488; baseline -0.002 -17"><span class='ocrx_word' id='word_1_300' title='bbox 161 3428 275 3484; x_wconf 87' lang='lat' dir='ltr'><strong>canum,</strong></span> <span class='ocrx_word' id='word_1_301' title='bbox 300 3407 510 3487; x_wconf 89' lang='lat' dir='ltr'><strong>operosissime</strong></span> <span class='ocrx_word' id='word_1_302' title='bbox 534 3415 566 3468; x_wconf 90' lang='lat' dir='ltr'><strong>et</strong></span> <span class='ocrx_word' id='word_1_303' title='bbox 589 3408 817 3488; x_wconf 88' lang='lat' dir='ltr'><strong>diligentissime</strong></span> <span class='ocrx_word' id='word_1_304' title='bbox 835 3408 1024 3470; x_wconf 90' lang='lat' dir='ltr'><strong>delineatum.</strong></span> <span class='ocrx_word' id='word_1_305' title='bbox 1062 3408 1096 3470; x_wconf 92' lang='lat' dir='ltr'><strong>In</strong></span> <span class='ocrx_word' id='word_1_306' title='bbox 1117 3426 1151 3468; x_wconf 90' lang='lat' dir='ltr'><strong>eo</strong></span> <span class='ocrx_word' id='word_1_307' title='bbox 1173 3408 1325 3469; x_wconf 87' lang='lat' dir='ltr'><strong>schemate</strong></span> <span class='ocrx_word' id='word_1_308' title='bbox 1345 3406 1503 3469; x_wconf 90' lang='lat' dir='ltr'><strong>immanem</strong></span> 
     </span>
     <span class='ocr_line' id='line_1_34' title="bbox 160 3494 1502 3578; baseline -0.001 -18"><span class='ocrx_word' id='word_1_309' title='bbox 160 3506 332 3578; x_wconf 84' lang='lat' dir='ltr'><strong>sumserunt</strong></span> <span class='ocrx_word' id='word_1_310' title='bbox 364 3496 514 3572; x_wconf 90' lang='lat' dir='ltr'><strong>laborem,</strong></span> <span class='ocrx_word' id='word_1_311' title='bbox 543 3496 643 3557; x_wconf 92' lang='lat' dir='ltr'><strong>omnia</strong></span> <span class='ocrx_word' id='word_1_312' title='bbox 664 3496 829 3576; x_wconf 89' lang='lat' dir='ltr'><strong>triangula,</strong></span> <span class='ocrx_word' id='word_1_313' title='bbox 866 3515 941 3577; x_wconf 90' lang='lat' dir='ltr'><strong>quae</strong></span> <span class='ocrx_word' id='word_1_314' title='bbox 964 3516 1056 3558; x_wconf 87' lang='lat' dir='ltr'><strong>causa</strong></span> <span class='ocrx_word' id='word_1_315' title='bbox 1079 3495 1204 3576; x_wconf 91' lang='lat' dir='ltr'><strong>duplicis</strong></span> <span class='ocrx_word' id='word_1_316' title='bbox 1228 3495 1354 3577; x_wconf 87' lang='lat' dir='ltr'><strong>epicycli</strong></span> <span class='ocrx_word' id='word_1_317' title='bbox 1377 3494 1502 3558; x_wconf 88' lang='lat' dir='ltr'><strong>iu&#39;con-</strong></span> 
     </span>
     <span class='ocr_line' id='line_1_35' title="bbox 160 3584 1504 3675; baseline -0.001 -26"><span class='ocrx_word' id='word_1_318' title='bbox 160 3587 292 3649; x_wconf 86' lang='lat' dir='ltr'><strong>centrico</strong></span> <span class='ocrx_word' id='word_1_319' title='bbox 321 3586 536 3661; x_wconf 88' lang='lat' dir='ltr'><strong>nascebantur,</strong></span> <span class='ocrx_word' id='word_1_320' title='bbox 569 3585 704 3675; x_wconf 84' lang='lat' dir='ltr'><strong>solvendi</strong></span> <span class='ocrx_word' id='word_1_321' title='bbox 733 3584 863 3649; x_wconf 89' lang='lat' dir='ltr'><strong>numeris</strong></span> <span class='ocrx_word' id='word_1_322' title='bbox 885 3585 1112 3665; x_wconf 83' lang='lat' dir='ltr'><strong>prolixissimis,</strong></span> <span class='ocrx_word' id='word_1_323' title='bbox 1145 3585 1325 3664; x_wconf 87' lang='lat' dir='ltr'><strong>tandemque</strong></span> <span class='ocrx_word' id='word_1_324' title='bbox 1356 3584 1405 3647; x_wconf 90' lang='lat' dir='ltr'><strong>hic</strong></span> <span class='ocrx_word' id='word_1_325' title='bbox 1437 3596 1504 3647; x_wconf 92' lang='lat' dir='ltr'><strong>erat</strong></span> 
     </span>
     <span class='ocr_line' id='line_1_36' title="bbox 160 3672 1503 3754; baseline -0.001 -16"><span class='ocrx_word' id='word_1_326' title='bbox 160 3676 224 3738; x_wconf 84' lang='lat' dir='ltr'><strong>bnis</strong></span> <span class='ocrx_word' id='word_1_327' title='bbox 248 3673 373 3750; x_wconf 89' lang='lat' dir='ltr'><strong>calculi,</strong></span> <span class='ocrx_word' id='word_1_328' title='bbox 404 3684 437 3737; x_wconf 93' lang='lat' dir='ltr'><strong>ut</strong></span> <span class='ocrx_word' id='word_1_329' title='bbox 458 3674 705 3754; x_wconf 82' lang='lat' dir='ltr'><strong>pronunciarent,</strong></span> <span class='ocrx_word' id='word_1_330' title='bbox 727 3674 895 3753; x_wconf 81' lang='lat' dir='ltr'><strong>parallaxin</strong></span> <span class='ocrx_word' id='word_1_331' title='bbox 918 3674 1027 3736; x_wconf 91' lang='lat' dir='ltr'><strong>Martis</strong></span> <span class='ocrx_word' id='word_1_332' title='bbox 1050 3692 1120 3736; x_wconf 89' lang='lat' dir='ltr'><strong>vere</strong></span> <span class='ocrx_word' id='word_1_333' title='bbox 1143 3675 1205 3736; x_wconf 84' lang='lat' dir='ltr'><strong>fieri</strong></span> <span class='ocrx_word' id='word_1_334' title='bbox 1229 3673 1370 3753; x_wconf 85' lang='lat' dir='ltr'><strong>majorem</strong></span> <span class='ocrx_word' id='word_1_335' title='bbox 1394 3672 1503 3737; x_wconf 88' lang='lat' dir='ltr'><strong>Solari.</strong></span> 
     </span>
     <span class='ocr_line' id='line_1_37' title="bbox 160 3760 1503 3844; baseline -0.001 -17"><span class='ocrx_word' id='word_1_336' title='bbox 160 3766 250 3827; x_wconf 82' lang='lat' dir='ltr'><strong>Aliud</strong></span> <span class='ocrx_word' id='word_1_337' title='bbox 289 3762 380 3842; x_wconf 90' lang='lat' dir='ltr'><strong>igitur</strong></span> <span class='ocrx_word' id='word_1_338' title='bbox 411 3764 547 3826; x_wconf 88' lang='lat' dir='ltr'><strong>Braheus</strong></span> <span class='ocrx_word' id='word_1_339' title='bbox 579 3771 795 3844; x_wconf 90' lang='lat' dir='ltr'><strong>proposuerat,</strong></span> <span class='ocrx_word' id='word_1_340' title='bbox 833 3760 931 3824; x_wconf 79' lang='lat' dir='ltr'><strong>alind·</strong></span> <span class='ocrx_word' id='word_1_341' title='bbox 950 3763 1078 3825; x_wconf 91' lang='lat' dir='ltr'><strong>ministri</strong></span> <span class='ocrx_word' id='word_1_342' title='bbox 1114 3763 1221 3825; x_wconf 92' lang='lat' dir='ltr'><strong>calculi</strong></span> <span class='ocrx_word' id='word_1_343' title='bbox 1253 3770 1324 3824; x_wconf 93' lang='lat' dir='ltr'><strong>sunt</strong></span> <span class='ocrx_word' id='word_1_344' title='bbox 1359 3764 1503 3825; x_wconf 84' lang='lat' dir='ltr'><strong>exsecuti.</strong></span> 
     </span>
     <span class='ocr_line' id='line_1_38' title="bbox 159 3850 1503 3932; baseline -0.001 -15"><span class='ocrx_word' id='word_1_345' title='bbox 159 3855 211 3917; x_wconf 92' lang='lat' dir='ltr'><strong>Ille</strong></span> <span class='ocrx_word' id='word_1_346' title='bbox 239 3850 381 3928; x_wconf 88' lang='lat' dir='ltr'><strong>volebat,</strong></span> <span class='ocrx_word' id='word_1_347' title='bbox 414 3861 450 3915; x_wconf 93' lang='lat' dir='ltr'><strong>ut</strong></span> <span class='ocrx_word' id='word_1_348' title='bbox 480 3873 518 3914; x_wconf 86' lang='lat' dir='ltr'><strong>ex</strong></span> <span class='ocrx_word' id='word_1_349' title='bbox 539 3852 695 3915; x_wconf 86' lang='lat' dir='ltr'><strong>matutinis</strong></span> <span class='ocrx_word' id='word_1_350' title='bbox 724 3860 756 3913; x_wconf 93' lang='lat' dir='ltr'><strong>et</strong></span> <span class='ocrx_word' id='word_1_351' title='bbox 778 3851 957 3932; x_wconf 88' lang='lat' dir='ltr'><strong>vespertinis</strong></span> <span class='ocrx_word' id='word_1_352' title='bbox 981 3851 1237 3914; x_wconf 85' lang='lat' dir='ltr'><strong>observationibus</strong></span> <span class='ocrx_word' id='word_1_353' title='bbox 1261 3851 1339 3914; x_wconf 91' lang='lat' dir='ltr'><strong>inter</strong></span> <span class='ocrx_word' id='word_1_354' title='bbox 1362 3871 1397 3914; x_wconf 91' lang='lat' dir='ltr'><strong>se</strong></span> <span class='ocrx_word' id='word_1_355' title='bbox 1419 3870 1503 3916; x_wconf 89' lang='lat' dir='ltr'><strong>com·</strong></span> 
     </span>
     <span class='ocr_line' id='line_1_39' title="bbox 158 3939 1502 4024; baseline -0.001 -18"><span class='ocrx_word' id='word_1_356' title='bbox 158 3943 275 4024; x_wconf 82' lang='lat' dir='ltr'><strong>parata&#39;s</strong></span> <span class='ocrx_word' id='word_1_357' title='bbox 317 3939 500 4021; x_wconf 86' lang='lat' dir='ltr'><strong>inquirerent</strong></span> <span class='ocrx_word' id='word_1_358' title='bbox 535 3941 702 4022; x_wconf 83' lang='lat' dir='ltr'><strong>parallaxiu</strong></span> <span class='ocrx_word' id='word_1_359' title='bbox 739 3941 864 4004; x_wconf 84' lang='lat' dir='ltr'><strong>Martis:</strong></span> <span class='ocrx_word' id='word_1_360' title='bbox 911 3940 1047 4004; x_wconf 75' lang='lat' dir='ltr'><strong>bivero</strong></span> <span class='ocrx_word' id='word_1_361' title='bbox 1087 3940 1319 4021; x_wconf 87' lang='lat' dir='ltr'><strong>inquisiverunt,</strong></span> <span class='ocrx_word' id='word_1_362' title='bbox 1361 3950 1502 4022; x_wconf 83' lang='lat' dir='ltr'><strong>quantam</strong></span> 
     </span>
     <span class='ocr_line' id='line_1_40' title="bbox 157 4029 1504 4113; baseline -0.004 -17"><span class='ocrx_word' id='word_1_363' title='bbox 157 4029 332 4113; x_wconf 79' lang='lat' dir='ltr'><strong>parallaxin</strong></span> <span class='ocrx_word' id='word_1_364' title='bbox 371 4031 485 4093; x_wconf 85' lang='lat' dir='ltr'><strong>laceret</strong></span> <span class='ocrx_word' id='word_1_365' title='bbox 516 4032 638 4097; x_wconf 87' lang='lat' dir='ltr'><strong>schema</strong></span> <span class='ocrx_word' id='word_1_366' title='bbox 662 4029 908 4112; x_wconf 85' lang='lat' dir='ltr'><strong>Caperuicauum.</strong></span> <span class='ocrx_word' id='word_1_367' title='bbox 962 4030 1013 4091; x_wconf 82' lang='lat' dir='ltr'><strong>An</strong></span> <span class='ocrx_word' id='word_1_368' title='bbox 1043 4030 1133 4110; x_wconf 91' lang='lat' dir='ltr'><strong>igitur</strong></span> <span class='ocrx_word' id='word_1_369' title='bbox 1157 4048 1194 4091; x_wconf 87' lang='lat' dir='ltr'><strong>ex</strong></span> <span class='ocrx_word' id='word_1_370' title='bbox 1216 4029 1363 4107; x_wconf 73' lang='lat' dir='ltr'><strong>haaaolp</strong></span> <span class='ocrx_word' id='word_1_371' title='bbox 1385 4048 1504 4094; x_wconf 90' lang='lat' dir='ltr'><strong>suorum</strong></span> 
     </span>
     <span class='ocr_line' id='line_1_41' title="bbox 159 4119 1504 4242; baseline -0.003 -58"><span class='ocrx_word' id='word_1_372' title='bbox 159 4121 364 4242; x_wconf 61' lang='lat' dir='ltr'><strong>ministrprum</strong></span> <span class='ocrx_word' id='word_1_373' title='bbox 395 4121 452 4183; x_wconf 91' lang='lat' dir='ltr'><strong>lide</strong></span> <span class='ocrx_word' id='word_1_374' title='bbox 484 4120 621 4182; x_wconf 89' lang='lat' dir='ltr'><strong>Braheus</strong></span> <span class='ocrx_word' id='word_1_375' title='bbox 654 4121 690 4183; x_wconf 93' lang='lat' dir='ltr'><strong>de</strong></span> <span class='ocrx_word' id='word_1_376' title='bbox 713 4119 917 4199; x_wconf 81' lang='lat' dir='ltr'><strong>parallaxibus</strong></span> <span class='ocrx_word' id='word_1_377' title='bbox 939 4119 1195 4199; x_wconf 90' lang='lat' dir='ltr'><strong>pronunciaverit,</strong></span> <span class='ocrx_word' id='word_1_378' title='bbox 1218 4119 1433 4203; x_wconf 89' lang='lat' dir='ltr'><strong>incompertum</strong></span> <span class='ocrx_word' id='word_1_379' title='bbox 1455 4128 1504 4181; x_wconf 91' lang='grc' dir='ltr'><strong>ιιι</strong></span> 
     </span>
     <span class='ocr_line' id='line_1_42' title="bbox 158 4205 1268 4290; baseline -0.002 -16"><span class='ocrx_word' id='word_1_380' title='bbox 158 4211 239 4275; x_wconf 89' lang='lat' dir='ltr'><strong>milri.</strong></span> <span class='ocrx_word' id='word_1_381' title='bbox 259 4205 302 4290; x_wconf 82' lang='lat'><strong>¹)</strong></span> <span class='ocrx_word' id='word_1_382' title='bbox 1203 4268 1228 4279; x_wconf 85' lang='grc'><strong>.,</strong></span> <span class='ocrx_word' id='word_1_383' title='bbox 1249 4268 1268 4273; x_wconf 93' lang='grc'><strong>..</strong></span> 
     </span>
     <span class='ocr_line' id='line_1_43' title="bbox 246 4294 1503 4379; baseline -0.001 -15"><span class='ocrx_word' id='word_1_384' title='bbox 246 4300 313 4364; x_wconf 85' lang='grc' dir='ltr'><strong>Νοι</strong></span> <span class='ocrx_word' id='word_1_385' title='bbox 335 4297 403 4377; x_wconf 90' lang='lat' dir='ltr'><strong>ipsa</strong></span> <span class='ocrx_word' id='word_1_386' title='bbox 425 4297 587 4360; x_wconf 91' lang='lat' dir='ltr'><strong>observata</strong></span> <span class='ocrx_word' id='word_1_387' title='bbox 610 4298 767 4378; x_wconf 82' lang='lat' dir='ltr'><strong>(quantum</strong></span> <span class='ocrx_word' id='word_1_388' title='bbox 782 4297 820 4360; x_wconf 90' lang='lat' dir='ltr'><strong>ad</strong></span> <span class='ocrx_word' id='word_1_389' title='bbox 839 4297 990 4379; x_wconf 83' lang='lat' dir='ltr'><strong>negotium</strong></span> <span class='ocrx_word' id='word_1_390' title='bbox 1004 4304 1137 4360; x_wconf 90' lang='lat' dir='ltr'><strong>nostrum</strong></span> <span class='ocrx_word' id='word_1_391' title='bbox 1153 4294 1282 4377; x_wconf 79' lang='lat' dir='ltr'><strong>attinet)</strong></span> <span class='ocrx_word' id='word_1_392' title='bbox 1293 4296 1503 4363; x_wconf 88' lang='lat' dir='ltr'><strong>consulamus:</strong></span> 
     </span>
     <span class='ocr_line' id='line_1_44' title="bbox 158 4380 1503 4453; baseline -0.003 0"><span class='ocrx_word' id='word_1_393' title='bbox 158 4389 247 4453; x_wconf 78' lang='lat' dir='ltr'><strong>Anno</strong></span> <span class='ocrx_word' id='word_1_394' title='bbox 283 4383 368 4450; x_wconf 79' lang='lat'><strong>1582</strong></span> <span class='ocrx_word' id='word_1_395' title='bbox 399 4393 486 4449; x_wconf 90' lang='lat' dir='ltr'><strong>nocte</strong></span> <span class='ocrx_word' id='word_1_396' title='bbox 518 4386 597 4449; x_wconf 91' lang='lat' dir='ltr'><strong>inter</strong></span> <span class='ocrx_word' id='word_1_397' title='bbox 625 4383 678 4450; x_wconf 80' lang='lat'><strong>23.</strong></span> <span class='ocrx_word' id='word_1_398' title='bbox 708 4398 740 4449; x_wconf 92' lang='lat' dir='ltr'><strong>et</strong></span> <span class='ocrx_word' id='word_1_399' title='bbox 761 4380 814 4450; x_wconf 80' lang='grc'><strong>24.</strong></span> <span class='ocrx_word' id='word_1_400' title='bbox 838 4387 918 4451; x_wconf 91' lang='lat' dir='ltr'><strong>Nov.</strong></span> <span class='ocrx_word' id='word_1_401' title='bbox 947 4386 1110 4450; x_wconf 87' lang='lat' dir='ltr'><strong>distantiae</strong></span> <span class='ocrx_word' id='word_1_402' title='bbox 1138 4384 1392 4453; x_wconf 71' lang='lat' dir='ltr'><strong>adxis&#39;aaedam</strong></span> <span class='ocrx_word' id='word_1_403' title='bbox 1414 4407 1503 4450; x_wconf 87' lang='lat' dir='ltr'><strong>man-</strong></span> 
     </span>
     <span class='ocr_line' id='line_1_45' title="bbox 160 4475 1502 4560; baseline -0.001 -18"><span class='ocrx_word' id='word_1_404' title='bbox 160 4485 265 4542; x_wconf 82' lang='lat' dir='ltr'><strong>serunt</strong></span> <span class='ocrx_word' id='word_1_405' title='bbox 305 4475 431 4539; x_wconf 88' lang='lat' dir='ltr'><strong>diversis</strong></span> <span class='ocrx_word' id='word_1_406' title='bbox 467 4476 559 4539; x_wconf 91' lang='lat' dir='ltr'><strong>horis.</strong></span> <span class='ocrx_word' id='word_1_407' title='bbox 605 4475 664 4538; x_wconf 86' lang='lat' dir='ltr'><strong>Hic</strong></span> <span class='ocrx_word' id='word_1_408' title='bbox 700 4475 791 4555; x_wconf 90' lang='lat' dir='ltr'><strong>igitur</strong></span> <span class='ocrx_word' id='word_1_409' title='bbox 822 4475 962 4539; x_wconf 85' lang='lat' dir='ltr'><strong>stationis</strong></span> <span class='ocrx_word' id='word_1_410' title='bbox 984 4475 1127 4540; x_wconf 89' lang='lat' dir='ltr'><strong>terminus</strong></span> <span class='ocrx_word' id='word_1_411' title='bbox 1160 4476 1225 4540; x_wconf 87' lang='lat' dir='ltr'><strong>fuit.</strong></span> <span class='ocrx_word' id='word_1_412' title='bbox 1251 4475 1435 4560; x_wconf 77' lang='lat' dir='ltr'><strong>‘Sequentia</strong></span> <span class='ocrx_word' id='word_1_413' title='bbox 1454 4477 1502 4540; x_wconf 93' lang='lat' dir='ltr'><strong>bi-</strong></span> 
     </span>
     <span class='ocr_line' id='line_1_46' title="bbox 160 4563 1481 4631; baseline -0.005 -3"><span class='ocrx_word' id='word_1_414' title='bbox 160 4567 207 4630; x_wconf 92' lang='lat' dir='ltr'><strong>dui</strong></span> <span class='ocrx_word' id='word_1_415' title='bbox 234 4573 336 4631; x_wconf 85' lang='lat' dir='ltr'><strong>motus</strong></span> <span class='ocrx_word' id='word_1_416' title='bbox 359 4563 417 4627; x_wconf 86' lang='lat' dir='ltr'><strong>fuit</strong></span> <span class='ocrx_word' id='word_1_417' title='bbox 442 4563 493 4627; x_wconf 86' lang='lat' dir='ltr'><strong>ll‘</strong></span> <span class='ocrx_word' id='word_1_418' title='bbox 516 4574 548 4628; x_wconf 89' lang='lat' dir='ltr'><strong>et</strong></span> <span class='ocrx_word' id='word_1_419' title='bbox 573 4564 635 4629; x_wconf 80' lang='lat'><strong>15‘.</strong></span> <span class='ocrx_word' id='word_1_420' title='bbox 1203 4618 1207 4623; x_wconf 83' lang='lat'><strong>.</strong></span> <span class='ocrx_word' id='word_1_421' title='bbox 1478 4564 1481 4569; x_wconf 74' lang='grc'>’</span> 
     </span>
     <span class='ocr_line' id='line_1_47' title="bbox 245 4648 1501 4734; baseline -0.001 -14"><span class='ocrx_word' id='word_1_422' title='bbox 245 4655 346 4720; x_wconf 82' lang='grc' dir='ltr'>Νοιιι</span> <span class='ocrx_word' id='word_1_423' title='bbox 375 4653 434 4716; x_wconf 88' lang='lat' dir='ltr'><strong>diei</strong></span> <span class='ocrx_word' id='word_1_424' title='bbox 461 4648 514 4718; x_wconf 83' lang='lat'><strong>26.</strong></span> <span class='ocrx_word' id='word_1_425' title='bbox 537 4653 613 4717; x_wconf 88' lang='lat' dir='ltr'><strong>Dec.</strong></span> <span class='ocrx_word' id='word_1_426' title='bbox 644 4651 764 4716; x_wconf 89' lang='lat' dir='ltr'><strong>transiit</strong></span> <span class='ocrx_word' id='word_1_427' title='bbox 790 4653 868 4716; x_wconf 90' lang='lat' dir='ltr'><strong>inter</strong></span> <span class='ocrx_word' id='word_1_428' title='bbox 899 4654 1059 4718; x_wconf 90' lang='lat' dir='ltr'><strong>secundam</strong></span> <span class='ocrx_word' id='word_1_429' title='bbox 1091 4661 1124 4717; x_wconf 88' lang='lat' dir='ltr'><strong>et</strong></span> <span class='ocrx_word' id='word_1_430' title='bbox 1144 4651 1304 4734; x_wconf 89' lang='lat' dir='ltr'><strong>septimam</strong></span> <span class='ocrx_word' id='word_1_431' title='bbox 1326 4653 1355 4716; x_wconf 89' lang='grc' dir='ltr'>Π</span> <span class='ocrx_word' id='word_1_432' title='bbox 1384 4653 1501 4719; x_wconf 86' lang='lat' dir='ltr'><strong>distans</strong></span> 
     </span>
     <span class='ocr_line' id='line_1_48' title="bbox 163 4736 1501 4827; baseline 0 -18"><span class='ocrx_word' id='word_1_433' title='bbox 163 4745 228 4827; x_wconf 84' lang='lat' dir='ltr'><strong>(per</strong></span> <span class='ocrx_word' id='word_1_434' title='bbox 243 4736 378 4825; x_wconf 87' lang='lat' dir='ltr'><strong>radium)</strong></span> <span class='ocrx_word' id='word_1_435' title='bbox 402 4762 421 4805; x_wconf 90' lang='lat' dir='ltr'><strong>a</strong></span> <span class='ocrx_word' id='word_1_436' title='bbox 443 4743 542 4824; x_wconf 86' lang='lat' dir='ltr'><strong>capite</strong></span> <span class='ocrx_word' id='word_1_437' title='bbox 557 4741 705 4806; x_wconf 82' lang='lat' dir='ltr'><strong>inferioris</strong></span> <span class='ocrx_word' id='word_1_438' title='bbox 722 4739 913 4804; x_wconf 89' lang='lat' dir='ltr'><strong>Geminorum</strong></span> <span class='ocrx_word' id='word_1_439' title='bbox 928 4763 981 4805; x_wconf 91' lang='lat' dir='ltr'><strong>seu</strong></span> <span class='ocrx_word' id='word_1_440' title='bbox 993 4764 1019 4806; x_wconf 86' lang='lat' dir='ltr'><strong>a</strong></span> <span class='ocrx_word' id='word_1_441' title='bbox 1034 4744 1171 4821; x_wconf 76' lang='lat' dir='ltr'><strong>secunda</strong></span> <span class='ocrx_word' id='word_1_442' title='bbox 1182 4738 1222 4803; x_wconf 81' lang='lat'><strong>2⁰</strong></span> <span class='ocrx_word' id='word_1_443' title='bbox 1243 4737 1298 4805; x_wconf 76' lang='lat'><strong>25‘</strong></span> <span class='ocrx_word' id='word_1_444' title='bbox 1319 4743 1368 4805; x_wconf 91' lang='lat' dir='ltr'><strong>vel</strong></span> <span class='ocrx_word' id='word_1_445' title='bbox 1382 4739 1423 4820; x_wconf 63' lang='lat'><strong>2!</strong></span> <span class='ocrx_word' id='word_1_446' title='bbox 1436 4741 1501 4821; x_wconf 81' lang='lat'><strong>26¹,</strong></span> 
     </span>
     <span class='ocr_line' id='line_1_49' title="bbox 165 4827 1502 4915; baseline 0.001 -19"><span class='ocrx_word' id='word_1_447' title='bbox 165 4835 214 4898; x_wconf 84' lang='lat' dir='ltr'><strong>red</strong></span> <span class='ocrx_word' id='word_1_448' title='bbox 238 4853 259 4897; x_wconf 83' lang='lat' dir='ltr'><strong>a</strong></span> <span class='ocrx_word' id='word_1_449' title='bbox 280 4831 411 4915; x_wconf 80' lang='lat' dir='ltr'><strong>septime</strong></span> <span class='ocrx_word' id='word_1_450' title='bbox 436 4827 473 4895; x_wconf 79' lang='lat'><strong>1⁰</strong></span> <span class='ocrx_word' id='word_1_451' title='bbox 494 4829 526 4896; x_wconf 75' lang='grc' dir='ltr'><strong>θ’</strong></span> <span class='ocrx_word' id='word_1_452' title='bbox 551 4832 598 4895; x_wconf 89' lang='lat' dir='ltr'><strong>vel</strong></span> <span class='ocrx_word' id='word_1_453' title='bbox 625 4828 660 4896; x_wconf 86' lang='lat'><strong>1⁰</strong></span> <span class='ocrx_word' id='word_1_454' title='bbox 684 4828 724 4904; x_wconf 77' lang='lat'><strong>7‘.</strong></span> <span class='ocrx_word' id='word_1_455' title='bbox 749 4839 783 4893; x_wconf 91' lang='lat' dir='ltr'><strong>ut</strong></span> <span class='ocrx_word' id='word_1_456' title='bbox 805 4830 932 4893; x_wconf 82' lang='lat' dir='ltr'><strong>latitudo</strong></span> <span class='ocrx_word' id='word_1_457' title='bbox 942 4832 1033 4894; x_wconf 87' lang='lat' dir='ltr'><strong>tuerit</strong></span> <span class='ocrx_word' id='word_1_458' title='bbox 1047 4827 1086 4895; x_wconf 77' lang='lat'><strong>⁴⁰</strong></span> <span class='ocrx_word' id='word_1_459' title='bbox 1104 4831 1136 4895; x_wconf 74' lang='grc' dir='ltr'><strong>θ’</strong></span> <span class='ocrx_word' id='word_1_460' title='bbox 1150 4831 1277 4893; x_wconf 70' lang='lat' dir='ltr'><strong>onear.</strong></span> <span class='ocrx_word' id='word_1_461' title='bbox 1314 4831 1397 4896; x_wconf 83' lang='lat' dir='ltr'><strong>Hora</strong></span> <span class='ocrx_word' id='word_1_462' title='bbox 1411 4833 1502 4915; x_wconf 80' lang='lat' dir='ltr'><strong>igitur</strong></span> 
     </span>
    </p>
   </div>
   <div class='ocr_carea' id='block_1_8' title="bbox 0 0 1682 5504">
    <p class='ocr_par' dir='ltr' id='par_1_11' title="bbox 0 0 1682 5504">
     <span class='ocr_line' id='line_1_50' title="bbox 0 0 1682 5504; baseline 0 3"><span class='ocrx_word' id='word_1_463' title='bbox 0 0 1682 5504; x_wconf 95' lang='lat' dir='ltr'><strong> </strong></span> 
     </span>
    </p>
   </div>
  </div>
 </body>
</html>
