3354 5504
555 301 616 355 Pars
634 303 726 356 Tertia.
763 302 844 369 Caput
860 301 972 355 XXXVI.

604 506 725 635 Caput
748 533 928 610 XXXVI.

133 712 167 757 ra
186 715 337 789 maura
357 695 465 786 virm
478 715 518 758 ee
541 692 616 758 Sole
638 697 756 760 metria
774 717 835 779 per
855 696 968 760 maadi
991 695 1232 781 amplitrrdioem
1254 704 1436 762 adenaetnr

159 816 324 917 &equitur
334 838 570 918 alteraobjeotio
581 840 670 918 paulo
679 836 833 910 difficilior,
844 846 911 899 orta
921 858 957 900 ex
968 858 1013 915 eo,
1026 839 1104 920 qnod
1114 837 1438 920 supracap.XXXIII.
1514 866 1518 875 ·
1567 844 1570 851 ’

133 942 156 987 n
180 927 314 989 secundo
338 927 395 989 suit
418 928 587 1009 oppositum
612 926 784 1008 cognationi
808 927 882 988 lueis
906 935 938 990 et
960 929 1082 991 virtutis
1104 927 1254 1002 metricis,
1286 928 1341 990 sed
1364 945 1440 1009 quae

133 1032 157 1077 rr
181 1023 289 1077 nostra
312 1016 422 1097 speciei
454 1017 675 1079 immateriatae
699 1016 951 1096 contemplatione
980 1037 1112 1099 pugnare
1140 1017 1258 1080 videtur
1286 1016 1440 1093 infensius,

133 1122 227 1186 seque
251 1124 297 1166 me
321 1107 370 1167 diu
394 1106 537 1187 fatigavit
560 1105 766 1185 improvidum.

181 1193 431 1257 Demonstratnm
447 1203 495 1257 est
509 1214 574 1276 cap.
594 1194 728 1270 XXXII,
744 1195 934 1275 planetarum
957 1202 1056 1258 motus
1069 1194 1267 1258 intensionem
1284 1199 1315 1255 et
1331 1194 1441 1256 remis-

134 1300 207 1345 nem
231 1285 315 1364 sequi
345 1284 568 1364 proportionem
595 1284 806 1346 distantiarum
838 1283 1012 1362 simplicem.
1059 1284 1104 1347 At
1132 1282 1251 1346 videtur
1279 1282 1376 1345 virtus
1405 1303 1443 1345 ex

133 1370 162 1434 le
186 1391 331 1435 emanans
354 1373 468 1436 intendi
492 1383 524 1436 et
548 1374 661 1436 remitti
685 1374 794 1436 debere
817 1371 847 1433 in
876 1373 1069 1455 proportione
1094 1373 1247 1454 duplicata
1269 1371 1317 1433 vel
1341 1371 1443 1455 tripli-

133 1480 161 1523 ’a
181 1460 394 1525 distantiarum
418 1482 472 1524 seu
495 1463 638 1525 lineamm
669 1464 807 1526 ellluxus.
853 1460 935 1541 Ergo
966 1460 1094 1526 intensio
1120 1469 1150 1524 et
1179 1459 1316 1525 remissio
1344 1468 1443 1525 motus

133 1558 280 1614 metarum
305 1572 363 1615 non
387 1551 444 1614 erit
473 1572 510 1615 ex
541 1551 748 1614 attenuatione
778 1550 901 1613 virtutis
930 1570 967 1613 ex
990 1550 1062 1615 Sole
1091 1550 1270 1614 emanantis.
1317 1550 1445 1614 Probari

133 1640 212 1705 letur
235 1661 421 1723 consequens
447 1641 475 1703 in
499 1642 576 1705 huuc
600 1641 728 1716 modum,
753 1648 817 1703 tarn
840 1641 876 1702 de
901 1641 965 1702 luoe
990 1661 1077 1723 quarn
1093 1642 1129 1704 da
1152 1641 1265 1704 virtute
1288 1648 1444 1717 movente;

133 1729 197 1792 lde
224 1731 290 1794 luce
314 1748 469 1793 sermones
491 1740 562 1793 aunt
578 1731 730 1794 clariores.
769 1731 882 1792 Lector
895 1729 1035 1792 virtutem
1050 1731 1204 1793 ruotricem
1224 1727 1444 1811 subintelligat.

133 1830 141 1881 t
174 1819 261 1882 initio
294 1828 436 1902 punctum
461 1821 580 1903 aliquod
613 1845 632 1883 α
655 1826 721 1894 (rig.
742 1823 799 1890 80.)
828 1820 865 1880 de
889 1838 1012 1899 corpore
1037 1817 1133 1882 Solis:
1166 1819 1197 1881 id
1225 1837 1297 1900 ergo
1319 1826 1446 1901 sparget

133 1908 195 1972 lios
218 1909 248 1971 in
264 1910 367 1972 orbem
381 1929 515 1971 ornnem:
541 1917 571 1971 et
589 1910 866 1991 perdemonstrata
888 1909 918 1969 in
934 1906 1052 1988 Opticis
1076 1917 1110 1972 ut
1132 1928 1200 1971 sese
1223 1908 1317 1971 habet
1331 1907 1443 1989 ampli-
1562 1966 1566 1973 .

133 1997 164 2061 lo
188 1999 365 2078 sphaericae
383 1998 546 2080 superficiei
569 2022 585 2079 y
607 1996 768 2078 amplioris,
795 1997 894 2059 radios
919 1998 1011 2060 hosce
1034 2018 1087 2080 per
1110 1996 1357 2080 imaginationem
1378 2006 1445 2061 ter-

133 2088 252 2164 nantis,
276 2089 315 2151 ad
338 2089 358 2166 β
381 2089 599 2168 angustiorem,
623 2088 667 2150 sio
690 2106 722 2148 se
740 2086 870 2151 babebit
894 2086 1029 2149 densitas
1053 2086 1127 2151 lueis
1157 2087 1187 2151 in
1211 2087 1282 2150 orbe
1304 2088 1326 2167 ll
1347 2104 1445 2169 angu-

133 2196 186 2241 ore
210 2179 250 2241 ad
274 2177 454 2239 densitatem
479 2177 612 2258 ejusdem
636 2178 664 2238 in
688 2199 702 2256 y
725 2175 877 2256 ampliore.

181 2267 233 2331 Sit
249 2267 357 2329 deinde
378 2265 507 2329 circulus
523 2267 631 2349 aliquis
646 2265 795 2327 maximus
810 2270 846 2326 da
869 2264 899 2326 iu
914 2284 1037 2346 corpore
1052 2265 1134 2329 Solis
1153 2266 1280 2330 lucidus.
1304 2264 1361 2333 ng.
1378 2260 1422 2321 8⁸·

133 2376 168 2421 ue
192 2374 266 2437 ergo
289 2355 408 2436 singula
430 2364 549 2437 puncta,
574 2374 696 2435 quorum
720 2362 790 2416 sunt
812 2353 942 2431 infinita,
967 2361 1113 2437 spargent
1134 2355 1192 2418 hac
1215 2357 1284 2438 ipsa
1380 2394 1403 2461 f
1432 2358 1436 2367 '

133 2446 287 2529 opertione
311 2446 413 2508 radios
435 2446 465 2506 in
489 2445 607 2526 singula
629 2443 883 2524 hemisphaeriatt
907 2452 939 2506 et
951 2467 975 2524 y.
1011 2446 1059 2507 Ao
1082 2451 1115 2506 ut
1136 2464 1168 2508 se
1192 2446 1284 2511 habet

133 2535 243 2599 stantia
265 2536 303 2599 ab
325 2534 494 2613 hujusmodi
518 2535 598 2597 linea
621 2531 757 2596 circulari
783 2534 873 2614 (quae
897 2533 1011 2596 eminus
1035 2543 1162 2617 apparet
1184 2537 1283 2612 recta)

133 2624 214 2707 rgior
230 2647 271 2703 αγ
293 2624 332 2685 ad
347 2623 513 2685 breviorem
529 2625 584 2701 αβ,
607 2621 774 2685 conversim
792 2622 884 2683 habet
899 2641 932 2684 se
948 2623 1125 2705 apparentia
1146 2624 1284 2689 diametri

133 2714 199 2807 guli
223 2713 252 2775 in
278 2713 423 2775 distantia
444 2712 591 2787 breviori,
624 2731 676 2774 seu
700 2712 761 2788 tlte
784 2709 928 2790 angulus,
959 2712 998 2774 ad
1021 2715 1229 2795 apparentiam
1252 2714 1282 2775 in

133 2796 243 2867 rtantia
266 2801 407 2882 longiori,
439 2822 492 2864 seu
515 2808 571 2882 dyo
600 2801 748 2880 angulum.
797 2799 873 2863 Cum
896 2819 967 2880 ergo
991 2801 1121 2882 longior
1139 2811 1284 2886 appareat

133 2912 170 2957 ee
197 2892 344 2954 diameter
368 2911 383 2952 e
410 2891 576 2972 propinquo
600 2891 620 2967 pl
649 2909 738 2971 quam
761 2909 777 2949 e
801 2889 962 2971 longinquo
986 2913 1001 2969 p
1023 2890 1053 2952 in
1077 2893 1182 2955 eadem
1210 2911 1283 2974 pro-

133 2982 251 3057 rtione;
275 2980 397 3044 densior
420 2989 519 3043 autem
544 2980 634 3043 etiam
657 2978 819 3058 cujuslibet
840 2979 943 3059 puncti
966 2980 1095 3043 radiatio
1119 3002 1134 3043 e
1157 2982 1283 3063 propin·
1375 3017 1379 3030 ,.

133 3092 151 3136 n
174 3073 196 3152 β
218 3090 307 3151 quarn
330 3090 346 3131 e
370 3071 531 3150 longinquo
555 3090 587 3149 y:
618 3070 649 3130 in
673 3068 764 3149 dupla
787 3067 879 3148 igitur
905 3070 1097 3152 proportione
1121 3072 1221 3154 ipsius·
1240 3072 1285 3149 αβ
1372 3141 1373 3144 ¹

154 3184 193 3243 oy
216 3160 338 3222 densior
361 3159 479 3220 videtur
502 3161 603 3221 lutura
626 3157 757 3219 radiatio
781 3156 885 3220 circuli
910 3158 945 3220 de
965 3157 1130 3242 propinquo
1153 3162 1173 3239 β
1197 3179 1285 3241 quam
1371 3158 1373 3166 ⁴

152 3249 318 3330 longinquo
341 3272 364 3329 y.

182 3339 233 3403 Sit
254 3338 345 3400 tertio
376 3337 477 3399 discus
509 3335 574 3417 ipse
606 3353 756 3416 apparens
789 3337 924 3415 eorporis
947 3336 1030 3400 Solis
1054 3343 1133 3412 toa,
1165 3344 1197 3399 et
1219 3356 1286 3399 eum

133 3427 271 3513 perficies
294 3426 409 3489 similes
429 3428 478 3498 (ut
492 3425 540 3486 hic
564 3424 725 3486 circulares
749 3424 824 3486 disci
849 3428 1045 3505 apparentes)
1070 3426 1131 3489 siut
1149 3426 1180 3490 in
1195 3426 1286 3507 dupla

133 3516 287 3603 opertione
311 3517 541 3589 diametrorum,
566 3512 706 3591 diametri
729 3532 800 3575 vero
815 3512 898 3601 Solis
922 3523 1103 3596 apparentes
1127 3515 1157 3577 in
1177 3515 1286 3596 simpla

133 3607 287 3692 spontione
322 3604 535 3679 distantiarum
568 3627 622 3684 ay,
654 3602 699 3679 αβ
731 3621 854 3664 eversa:
892 3601 968 3665 disci
999 3602 1091 3685 igitur
1123 3602 1286 3666 circulares

133 3692 283 3783 parebunt
306 3694 334 3757 in
359 3694 450 3774 dupla
472 3693 664 3775 proportione
688 3691 900 3753 distantiarum
923 3717 942 3755 α
948 3716 972 3774 y,
992 3694 1045 3771 αβ.
1084 3691 1160 3775 Cum
1184 3701 1286 3756 autem

133 3785 224 3851 liatio
248 3783 350 3846 circuli
366 3789 403 3845 da
426 3783 456 3844 in
476 3805 491 3862 y
513 3790 543 3843 et
566 3783 585 3859 β
604 3783 668 3861 jam
694 3781 823 3861 probata
845 3780 886 3845 sit
909 3781 1001 3862 dupla
1023 3782 1067 3843 uti
1090 3782 1282 3864 proportione
1332 3803 1335 3867 ι
1416 3811 1418 3819 ·

133 3874 306 3940 stantiarum
321 3874 374 3951 αβ,
390 3895 438 3952 ay,
461 3891 553 3933 eausa
569 3872 647 3932 alius
664 3876 752 3951 atque
777 3869 855 3932 alius
870 3890 943 3932 suae
962 3870 1140 3947 densitatis,
1164 3870 1283 3934 videtur

133 3984 163 4029 re
187 3962 316 4026 radiatio
340 3961 425 4036 disci,
449 3981 541 4023 causa
563 3958 724 4021 densitatis
750 3959 798 4020 vel
815 3959 1010 4036 fortitudinis,
1031 3960 1126 4048 tripla
1147 3960 1192 4024 uti
1209 3980 1283 4041 pro-

133 4054 234 4119 rtione
267 4050 478 4113 distantiarum
505 4072 556 4129 oy,
581 4051 633 4127 αβ.
679 4049 722 4110 Ut
752 4048 777 4110 si
811 4048 975 4111 distantiae
1009 4056 1112 4112 essent
1134 4073 1175 4129 ay
1196 4058 1229 4112 ut
1252 4048 1284 4127 2,

133 4147 140 4205 l
161 4149 198 4205 nt
224 4139 258 4203 1:
283 4148 385 4202 essent
407 4140 592 4201 radiatioues
615 4139 718 4218 puncti
742 4159 781 4216 ay
803 4146 837 4200 ut
863 4138 890 4212 l,
914 4140 959 4216 αβ
981 4145 1015 4201 ut
1037 4136 1068 4214 2,
1092 4157 1185 4202 eausa
1208 4138 1284 4202 den·

133 4233 198 4296 atis
222 4230 317 4303 lucis,
341 4238 371 4289 et
394 4228 533 4290 diametri
557 4226 659 4289 circuli
683 4235 866 4307 apparentes
889 4226 919 4289 iu
943 4250 964 4307 y,
986 4228 1013 4303 1,
1037 4227 1068 4289 iu
1091 4229 1121 4305 β,
1138 4225 1167 4291 2.
1202 4228 1284 4310 Ergo

133 4322 282 4385 diatioues
306 4324 342 4379 ea
366 4318 504 4380 diametri
527 4317 631 4379 circuli
653 4316 683 4376 in
707 4337 729 4394 y,
757 4314 784 4390 1,
809 4316 838 4377 in
862 4317 891 4393 β,
905 4313 936 4378 4.
989 4316 1054 4393 Sed
1074 4317 1150 4381 disci
1174 4319 1296 4381 suntin
1318 4336 1446 4401 propor-
1497 4348 1518 4399 2„

133 4430 179 4497 ge
197 4410 290 4490 dupla
309 4408 530 4469 diametrorum.
567 4407 648 4486 Ergo
671 4403 747 4466 disci
770 4403 948 4485 apparentia
967 4406 1031 4486 iny
1053 4413 1136 4468 esset
1152 4405 1179 4481 l,
1204 4406 1235 4467 in
1260 4408 1280 4484 β
1301 4414 1384 4470 esset
1406 4403 1445 4470 cl:

133 4498 184 4564 asi
206 4498 301 4572 dicas,
326 4496 440 4559 discum
457 4502 522 4559 dae
546 4497 617 4573 exp
639 4493 733 4555 videri
757 4493 922 4575 quadmplo
945 4495 1033 4576 plura
1055 4502 1167 4575 puncta
1190 4495 1343 4558 continere
1357 4515 1447 4579 qnaru

133 4612 186 4672 ¹y,
219 4605 343 4670 quorum
373 4593 548 4667 punctorum
579 4582 733 4666 quodlibet
764 4582 837 4659 ind
870 4582 961 4663 duplo
992 4584 1114 4646 densius
1146 4584 1227 4646 lueet
1258 4602 1346 4666 quam
1369 4585 1400 4648 in
1421 4609 1444 4666 y.

133 4676 285 4761 impositis
312 4676 403 4755 igitur
432 4673 674 4756 proportionibus
713 4670 891 4733 radiationis
920 4673 1014 4736 totius
1038 4673 1113 4736 disci
1137 4678 1199 4737 dor
1222 4673 1357 4738 densitas
1380 4673 1447 4758 in'y

133 4820 135 4831 ,
157 4766 343 4831 densitatem
365 4763 542 4833 radiationis
565 4762 659 4825 totius
683 4759 759 4822 disci
783 4766 846 4822 toa
869 4760 1104 4842 ingrassetur
1129 4761 1144 4825 1
1171 4762 1210 4825 ad
1233 4760 1262 4827 8.

187 4855 274 4920 Nihil
296 4853 345 4916 hic
368 4871 423 4916 uos
446 4852 558 4925 turbat,
580 4848 658 4933 quod
681 4858 876 4930 apparentem
899 4848 1013 4915 discum
1032 4849 1112 4914 Solis
1136 4860 1353 4933 computamus,
1377 4872 1444 4916 oum
