3354 5504
164 289 233 366 art
675 301 990 371 ·rnmu=e

251 480 372 561 Conjice
396 481 425 544 in
447 500 534 545 unam
558 500 701 543 summam
725 480 965 545 semidiametros
987 481 1183 559 luminarium,
1202 480 1373 563 parallaxin
1397 481 1502 545 Lunae

162 569 373 634 horizontalem
397 578 429 639 et
451 571 606 635 semissem
629 571 666 631 de
689 572 838 650 parallaxi
856 570 938 636 Solis
960 572 1166 646 horizontalis.
1189 572 1371 637 conflabitur
1389 588 1504 636 summa

162 660 443 722 semidiametrorum
467 660 542 723 disci
565 667 597 722 et
618 660 809 740 pennmbrae.

681 801 881 865 Theorama
902 801 974 866 XII.

162 907 380 970 Parallaxis
407 907 531 969 Lunae
569 907 820 971 horizontalis
857 909 889 971 in
927 910 1093 990 quolibet
1123 916 1256 990 puncto
1290 907 1502 972 distantiae

213 998 309 1078 ejus
344 997 504 1059 aTerra
540 998 710 1077 aequalis
747 1006 814 1060 est
851 999 1126 1062 semidiametro
1163 997 1275 1062 disci
1303 999 1460 1061 Terrae

713 1088 948 1167 apparenti

246 1175 325 1237 Nam
362 1173 432 1257 quia
462 1174 683 1254 proportionem
710 1177 877 1256 quaerimus
905 1177 1189 1240 semidiametrorurn
1217 1177 1294 1240 disci
1322 1177 1438 1238 Terrae
1473 1181 1504 1236 et

162 1263 357 1346 pannmbrae‚
386 1264 511 1343 angulos
530 1262 635 1336 etiarn,
673 1265 779 1345 quibus
809 1276 933 1348 utraque
961 1277 1098 1348 apparet,
1136 1267 1240 1329 eodem
1269 1267 1335 1328 loco
1358 1261 1503 1326 constitui

162 1361 289 1434 oportet
340 1351 434 1434 Atqui
462 1352 640 1431 pennmbrae
670 1363 702 1416 et
736 1355 858 1416 umbrae
885 1356 1011 1434 angulos
1038 1357 1207 1420 necessarie
1239 1354 1452 1418 constituimus
1473 1352 1501 1414 iu

161 1445 261 1517 Luna,
290 1442 398 1523 quippe
427 1460 447 1502 a
472 1460 532 1520 qus
560 1440 703 1505 dilatatur
728 1443 893 1523 peunmbra
922 1445 1057 1520 (MKN).
1103 1442 1204 1516 Quare
1236 1445 1327 1507 etiarn
1358 1442 1501 1505 semidia-

161 1542 257 1595 meter
280 1530 354 1594 disci
377 1531 488 1592 Terrae
511 1529 689 1594 subtendere
717 1533 808 1596 debet
830 1534 969 1614 angulum
992 1535 1022 1596 in
1046 1535 1141 1598 Luna.
1187 1533 1232 1596 At
1253 1551 1341 1616 quem
1363 1532 1394 1594 in
1417 1530 1501 1594 Luna

163 1616 317 1684 subtendit
348 1619 570 1683 semidiameter
597 1621 707 1684 Terrae
736 1622 890 1702 angulum,
923 1623 950 1685 is
982 1631 1031 1686 est
1060 1623 1250 1706 parallaxaos
1276 1623 1383 1686 Lunae
1420 1619 1499 1683 hori·

158 1701 297 1774 scutalia.

673 1798 881 1863 Theorema
901 1799 990 1863 XIII.

162 1905 299 1968 Lineae
330 1911 448 1968 motus
478 1903 777 1983 longitudinis)
804 1902 886 1983 εΘ
913 1906 971 1969 vel
997 1906 1214 1970 latitudinis
1241 1906 1285 1969 ab
1312 1904 1498 1986 ecliptica,

161 1995 195 2056 in
229 1995 377 2076 planum
410 1992 504 2056 disci
532 1994 667 2056 Terrae
703 1993 908 2074 projectae,
952 2003 1039 2059 snut
1067 1997 1130 2058 sub
1158 1995 1305 2076 angnIIs
1336 1994 1372 2058 in
1403 1995 1500 2059 Luna

160 2084 437 2166 proportionem
460 2101 535 2144 eam
553 2081 777 2144 habentibus
796 2083 840 2145 ad
858 2083 1027 2165 angulos,
1053 2085 1182 2166 quibus
1203 2084 1308 2166 ipsae
1326 2083 1502 2147 ridentur

228 2193 273 2235 ex
300 2172 431 2249 Terra,
467 2189 562 2254 qnae
590 2179 652 2234 est
683 2190 821 2233 summa
850 2172 1094 2253 parallaxeon
1123 2175 1244 2237 Lunae
1272 2170 1440 2239 etSolis

533 2260 579 2323 ad
605 2261 828 2341 parallaxin
852 2262 975 2324 Lunae
1004 2264 1132 2328 solam.

253 2352 288 2413 In
311 2349 462 2413 schemate
485 2347 515 2412 2.
540 2349 581 2411 sit
603 2351 618 2414 I
639 2358 779 2432 punctum
803 2350 918 2414 orbitae
941 2352 1044 2413 Lunae
1068 2352 1233 2432 subjectum
1256 2349 1431 2433 eclipticas,
1458 2347 1499 2413 tr

164 2459 252 2502 arcus
276 2438 459 2513 latitudinis,
494 2439 618 2500 ducatur
640 2439 698 2501 AL
721 2447 752 2501 et
773 2441 962 2502 continuetur
982 2440 1012 2501 in
1037 2442 1060 2504 Z
1082 2450 1223 2523 puuctum
1245 2440 1275 2504 iu
1297 2440 1392 2522 plano
1415 2437 1496 2503 disti.

164 2529 223 2591 Est
256 2527 349 2609 igitur
374 2535 408 2589 nt
428 2528 475 2592 AI
501 2527 540 2588 ad
562 2526 619 2602 IL,
651 2527 695 2590 sic
717 2528 775 2592 AB
797 2529 836 2590 ad
859 2528 921 2591 ΒΖ.
972 2527 1034 2592 Sed
1062 2531 1117 2594 AB
1141 2530 1250 2593 estad
1272 2530 1319 2594 Ar
1341 2526 1497 2611 ntparal·

162 2617 239 2681 laxis
260 2619 287 2692 J
312 2625 344 2679 st
367 2613 406 2695 Θ
430 2617 469 2678 ad
491 2616 657 2698 parallaxin
681 2618 785 2681 Lunae
808 2617 985 2693 solitariam,
1008 2638 1037 2700 q.
1062 2639 1087 2681 e.
1111 2620 1146 2682 d:
1242 2645 1256 2666 ν

681 2777 882 2840 Problema
904 2779 976 2841 VII.

576 2882 769 2946 Horarium
792 2883 866 2947 rite
889 2885 1078 2966 ampliare.

249 2972 410 3036 Dividetur
431 2970 595 3053 parallaxis
617 2972 643 3043 D
668 2991 722 3053 per
744 2973 912 3053 parallaxin
937 2971 989 3053 Θ,
1013 2974 1149 3055 quotiens
1172 2970 1289 3034 dividat
1311 2970 1496 3036 arcnmlati·

164 3062 276 3125 tudinis
298 3061 347 3125 vel
369 3059 520 3124 horarium
541 3061 644 3124 Lunae
669 3069 702 3123 et
724 3060 772 3123 hic
795 3061 932 3143 quotiens
955 3064 1112 3145 adjiciatur
1133 3061 1199 3124 toti.

677 3220 877 3284 Theorema
898 3222 989 3287 xlv,

163 3308 312 3391 Duobu‘s
338 3326 498 3390 circulis
525 3326 624 3390 inter
652 3346 690 3388 se
721 3327 978 3407 inaequalibus
1005 3347 1042 3391 se
1069 3334 1188 3390 mutuo
1212 3326 1445 3402 secantibus,
1467 3324 1495 3388 si

162 3428 265 3483 recta
286 3435 352 3499 per
372 3424 503 3479 centra
524 3416 721 3498 utriusque
744 3416 854 3479 ducta
876 3427 914 3480 et
931 3417 1158 3480 continuata
1178 3415 1220 3478 ad
1236 3416 1496 3478 circumieran-

163 3508 237 3570 tias
264 3505 435 3588 utrinque
468 3515 572 3569 secta
606 3506 722 3568 fuerit
748 3524 812 3587 per
838 3516 978 3571 rectam
1002 3505 1210 3569 sectionum
1233 3505 1496 3569 circumferen-

163 3598 316 3660 tiarum:
355 3595 540 3678 siqnidem
576 3602 744 3658 centrum
779 3595 933 3658 minoris
972 3595 1084 3659 fuerit
1117 3595 1150 3657 in
1188 3593 1497 3658 circumferentia

162 3685 331 3766 maJoria‚
363 3685 578 3766 quadratum
615 3683 884 3746 semidiametri
911 3685 1065 3747 minoris
1094 3684 1283 3764 aequabit·
1303 3691 1496 3764 rectamqu-

206 3775 275 3838 lum
298 3774 361 3838 snb
384 3782 468 3837 tota
488 3775 677 3838 diametro
699 3773 832 3851 majori
854 3781 891 3835 et
916 3775 999 3854 ejus
1023 3780 1212 3854 segmento
1234 3772 1369 3837 minori
1391 3790 1458 3854 psr

578 3869 721 3925 rectam
744 3861 949 3926 sectionum
974 3864 1082 3926 iacto.

696 3949 745 4013 Sit
774 3951 901 4013 circulus
929 3952 1023 4033 major
1042 3950 1145 4025 ΑΚΝ,
1168 3969 1254 4032 quern
1286 3957 1372 4013 secet
1393 3949 1494 4024 minor,

607 4047 710 4100 centro
738 4040 769 4101 A
796 4041 825 4100 io
854 4040 1091 4104 circumferentia
1120 4040 1243 4121 majoris
1273 4049 1397 4102 stante:
1425 4058 1496 4102 sec·

606 4127 703 4190 tiones
727 4128 787 4190 sint
806 4129 844 4205 V,
859 4130 901 4206 Χ,
925 4139 957 4194 et
979 4150 1031 4213 per
1053 4149 1104 4192 eas
1126 4129 1251 4192 ducatur
1272 4138 1368 4205 recta,
1393 4147 1497 4193 aaut

607 4215 727 4280 ductam
750 4236 803 4299 per
826 4227 929 4282 centra
949 4217 986 4296 Ε,
1006 4220 1046 4295 Α,
1070 4229 1102 4281 et
1123 4219 1327 4280 continuatam
1351 4219 1390 4280 ad
1412 4218 1449 4293 Β,
1468 4212 1498 4280 Y

606 4305 878 4370 circumferentias:
917 4309 1011 4372 sectio
1047 4308 1088 4370 sit
1116 4308 1155 4370 D.
1207 4307 1283 4369 Dico
1320 4308 1494 4389 quadratum

606 4394 819 4458 semidiametri
850 4395 971 4460 minoris
998 4399 1054 4462 AB
1085 4397 1204 4476 aequari
1234 4396 1412 4477 rectangnlo
1442 4395 1496 4460 snb

588 4481 661 4549 ΧΑ
684 4492 715 4545 et
737 4484 805 4547 AD.
829 4516 871 4528 -
895 4484 1099 4550 connectatur
1120 4506 1149 4547 n.
1172 4496 1306 4548 centrum
1329 4485 1361 4549 A
1383 4482 1496 4550 cumX

606 4573 748 4634 sectione.
795 4570 874 4645 Quia
903 4576 994 4657 Igitur
1022 4574 1079 4656 ipsi
1106 4575 1161 4637 AB
1190 4575 1325 4657 aequalis
1356 4583 1405 4637 est
1427 4574 1494 4648 AX,

113 4679 119 4692 ·
606 4666 638 4724 ‘et
659 4662 719 4725 DX
741 4663 993 4743 perpendicularis
1015 4665 1053 4725 ad
1077 4664 1145 4740 AY,
1168 4663 1229 4726 erit
1249 4672 1284 4725 nt
1300 4663 1365 4729 ns
1384 4660 1497 4730 arsx

165 4757 209 4820 sie
222 4757 287 4822 Ax
307 4748 348 4813 ad
360 4749 428 4814 AY.
464 4752 499 4815 In
512 4751 782 4830 proportionalibus
799 4769 870 4817 vero
888 4753 1026 4818 continue
1049 4753 1226 4834 quadratum
1246 4753 1366 4819 madiae
1388 4760 1496 4837 aquai

163 4837 366 4928 mmmmm
388 4840 443 4905 'ub
465 4838 627 4915 meni.)
647 4857 677 4922 q·
701 4858 728 4904 θ·
751 4840 781 4909 d·
1234 4838 1240 4849 '
