3354 5504
159 40 194 95 ·.·,·.

159 280 213 351 ’78
590 282 689 337 Literna
706 280 807 347 Koplsri
825 280 975 348 chorumque
991 285 1092 334 maa

170 464 284 546 quales,
308 469 341 524 et
358 462 455 524 lineae
469 458 539 543 HG,
556 460 607 521 ΤΡ
621 461 674 522 ιιι.
700 461 849 540 aequales,
874 459 1038 540 ubicunque
1054 455 1109 521 Sol
1124 459 1187 522 sive
1203 459 1296 522 Terra
1311 457 1340 521 in
1365 466 1419 520 sao
1443 457 1514 525 orbo

170 553 303 616 consitat
325 553 414 632 louge
437 551 485 612 vel
508 568 611 628 prope.
658 548 737 610 Sunt
760 558 861 612 autem
883 549 950 624 HL,
971 550 1022 610 TL
1042 550 1095 611 duc.
1121 567 1222 610 omnes
1245 547 1419 628 parallelae,
1445 547 1516 628 quia

75 671 78 676 ¹
168 661 335 724 apogaeum
357 637 571 703 insensibiliter
593 638 709 700 interea
732 639 876 719 procedit.
922 637 1027 718 Neque
1052 646 1168 700 tantum
1184 636 1252 712 GH,
1273 637 1326 698 FT
1337 638 1390 699 duc.
1415 635 1514 707 lineae

168 733 292 814 aquales
310 737 417 804 erunt,
449 728 503 790 sod
531 727 621 788 etiam
644 728 670 789 si
694 746 730 789 ex
753 728 863 790 Martis
887 728 961 790 locis
985 727 1014 788 in
1039 728 1166 790 medium
1190 725 1271 789 Solis
1294 726 1392 789 locum
1412 724 1514 789 lineae

167 823 362 893 ducerentun
387 818 464 899 quod
487 817 579 891 addo,
612 837 650 878 ne
675 815 730 877 tibi
752 818 952 897 suspicionem
976 824 1111 891 moveat,
1144 815 1279 898 quamvis
1302 815 1378 877 haec
1400 815 1514 878 mentio

168 930 234 972 meo
258 909 398 972 instituto
422 927 480 968 non
505 907 545 967 sit
567 906 750 968 necessaria.
798 906 901 968 Tertio
925 927 963 968 ex
992 906 1107 968 calculo
1131 905 1280 987 Tychonis
1309 905 1419 967 dantur
1442 924 1515 968 vera

167 1000 236 1063 loca
258 999 402 1062 linearum
423 997 493 1071 ΑΗ,
517 995 574 1057 AT
597 997 650 1057 irc.
676 996 730 1057 sub
754 996 829 1070 fixis,
855 1015 946 1075 quare
970 1004 1002 1057 et
1024 995 1125 1076 anguli
1149 994 1249 1069 HAT,
1278 994 1361 1062 TAE
1385 995 1440 1057 dac.
1465 997 1515 1058 vel

168 1089 199 1153 in
231 1085 396 1169 Oopsrnico
427 1089 521 1169 hoq,
552 1107 618 1161 ηαι
649 1085 701 1146 dcc.
732 1084 1032 1160 (operosam).
1086 1083 1202 1155 Quarto
1235 1103 1272 1144 ex
1302 1083 1514 1148 observatione

71 1202 74 1206 “
169 1180 279 1241 dantur
301 1174 469 1240 certissima
491 1176 558 1236 loca
582 1170 727 1236 linearum
746 1173 817 1249 AG,
837 1175 893 1236 AF
908 1175 961 1236 bc.
987 1174 1041 1235 sub
1065 1174 1132 1236 fixis
1155 1174 1193 1235 ad
1217 1172 1316 1234 omnia
1339 1172 1406 1235 loca
1420 1171 1513 1236 Solis.

96 1277 101 1285 '
169 1264 281 1340 Quinto
304 1269 338 1340 θ,
362 1287 388 1342 q,
413 1287 437 1339 a,
461 1260 479 1336 ζ
499 1264 546 1324 vel
569 1264 608 1338 H,
633 1263 669 1338 Τ,
692 1263 776 1339 E,S
808 1263 1039 1345 praesupposita
1069 1271 1139 1327 sunt
1170 1282 1238 1325 esse
1271 1261 1455 1326 sensibiliter
1482 1264 1515 1326 iu

167 1374 225 1419 uno
249 1354 368 1418 circulo.
407 1351 507 1424 Quare
526 1351 573 1413 his
587 1353 676 1433 plane
696 1353 850 1427 assumtis,
875 1372 933 1414 non
948 1352 1081 1431 pluribus
1105 1370 1162 1414 non
1176 1351 1377 1434 paucioribus,
1401 1358 1512 1415 neces-

167 1444 258 1508 sitate
283 1442 461 1522 triangulari
484 1442 572 1505 datur
594 1442 746 1522 proportio
770 1442 900 1504 omnium
919 1441 987 1516 ΑΗ,
1007 1443 1076 1513 AT
1078 1443 1130 1504 duc.
1154 1443 1193 1504 ad
1215 1439 1285 1516 HG,
1310 1442 1361 1503 TF
1384 1443 1438 1504 bc.
1476 1441 1514 1505 Id

167 1535 258 1597 etiam
282 1531 397 1595 tentavi
422 1531 519 1594 ductis
542 1532 633 1593 rectis
657 1550 695 1592 ex
718 1540 743 1602 d
766 1531 796 1594 in
821 1532 916 1593 locum
940 1530 1021 1593 Solis
1045 1531 1189 1614 medium,
1215 1529 1378 1592 secundum
1402 1550 1512 1594 eccen-

168 1621 333 1687 trinitatem
357 1616 454 1686 3600.
501 1620 580 1682 Nam
604 1620 742 1682 inventus
775 1630 824 1683 est
846 1610 896 1683 ille
920 1620 1034 1683 medius
1058 1619 1112 1682 Sol
1136 1616 1333 1702 inaequaliter
1356 1618 1470 1684 distare
1491 1642 1514 1684 a

169 1712 263 1776 Terra
285 1711 410 1793 ideoque
434 1728 492 1771 non
515 1727 586 1771 vere
610 1729 677 1772 esse
701 1711 815 1772 medius
839 1708 902 1772 Sol.

251 1801 344 1865 Porro
369 1819 406 1861 ex
429 1796 509 1861 datis
520 1799 765 1878 ,longitudinibus
779 1801 848 1874 ΑΗ,
865 1800 921 1863 AT
935 1798 1034 1862 duo.
1009 1819 1052 1860 src
1068 1798 1273 1861 ordinatarum
1288 1797 1377 1877 plane
1401 1818 1511 1861 ncces-

165 1890 245 1957 sario
268 1889 402 1970 sequitur
424 1896 509 1950 certa
532 1888 632 1968 aliqua
655 1889 865 1951 eccentricitas
898 1908 991 1969 eaque
1019 1884 1103 1952 1800
1134 1887 1278 1967 proxime,
1301 1888 1391 1969 plano
1414 1895 1462 1950 ut·
1481 1896 1514 1951 ct

167 1981 243 2045 ratio
267 1977 414 2042 naturalis
438 1976 554 2041 suadet.
602 1979 659 2040 Hic
681 1986 722 2052 te,
746 1978 882 2053 Fabrici,
913 1978 1007 2040 virum
1029 1987 1153 2058 praesta
1177 1984 1208 2038 et
1230 1977 1288 2037 non
1312 1976 1364 2038 illa
1388 1975 1511 2042 Christ-

163 2070 324 2135 manniana
339 2067 566 2148 argumentandi
587 2068 682 2129 forma
695 2088 741 2131 me
758 2087 912 2150 oppugnes
926 2072 1017 2140 (comp.
1036 2075 1091 2126 vol.
1105 2074 1138 2132 11,
1158 2089 1216 2142 pag.
1235 2071 1310 2141 431),
1335 2086 1402 2128 cum
1424 2067 1530 2148 prin-¹

100 2230 103 2235 ,
128 2158 132 2167 “
164 2159 244 2241 cipis
266 2157 370 2219 videas
393 2157 432 2218 ob
456 2158 569 2231 oculos,
592 2155 699 2239 quibus
723 2157 877 2219 dissolutis
901 2163 968 2219 ruet
986 2157 1064 2237 quod
1079 2154 1335 2237 superaedificavi,
1359 2155 1511 2220 stantibus

163 2247 259 2311 stabit
290 2254 396 2313 contra
427 2265 528 2315 omues
552 2247 682 2310 Martiae
715 2248 917 2330 hypotheseos
950 2247 1074 2308 furores.
1121 2246 1200 2307 Nam
1222 2253 1256 2311 ιιι
1281 2246 1346 2325 jam
1375 2265 1510 2328 pergam,

90 2337 93 2342 ’
165 2336 318 2401 stantibus
342 2335 390 2397 his
413 2334 568 2400 stabilitur
591 2357 650 2398 una
672 2337 756 2399 locus
788 2337 885 2403 lineae
908 2334 968 2398 HG
998 2336 1053 2397 sub
1081 2337 1148 2398 fixis
1171 2335 1322 2416 (quaru'vis
1345 2335 1394 2398 hic
1417 2335 1512 2400 etiam

79 2458 81 2463 ⁴
154 2447 202 2506 ¹ex
224 2425 434 2488 observatione
458 2424 561 2487 haberi
584 2425 696 2506 possit,
726 2426 751 2487 si
775 2426 871 2489 altera
895 2444 932 2487 cx
955 2424 1001 2487 his
1024 2422 1045 2488 4
1068 2423 1328 2487 observationibus
1351 2425 1393 2487 sit
1415 2424 1511 2507 ἀκρο-

157 2509 269 2599 νύχιος,
293 2513 342 2577 ubi
364 2515 449 2577 Mars
472 2514 589 2578 exuitur
610 2515 761 2595 parallaxi
785 2525 817 2578 et
839 2520 995 2596 spectetur
1017 2515 1047 2576 in
1071 2535 1124 2577 suo
1139 2532 1218 2576 ‘vero
1242 2513 1307 2577 loco
1331 2515 1509 2591 eccentrico,

161 2605 192 2675 in
216 2625 272 2687 quo
297 2604 388 2675 etiam
411 2611 460 2665 est
481 2612 552 2685 post
574 2605 709 2683 integras
729 2605 940 2683 revolutiones,
966 2603 1131 2685 ubicunque
1155 2613 1217 2666 tum
1241 2602 1294 2666 Sol
1318 2604 1385 2678 sit),
1410 2605 1511 2668 stabi-

162 2695 234 2758 litur
256 2693 349 2756 ctiam
371 2694 524 2774 proportio
549 2693 608 2756 GH
632 2695 671 2756 ad
695 2714 896 2776 quamcunque
921 2712 959 2754 ex
981 2693 1062 2768 Α(α)
1096 2694 1133 2755 ad
1157 2692 1272 2755 radium
1304 2695 1368 2773 ejus
1397 2692 1509 2770 circuli,

161 2802 273 2865 inquo
296 2790 367 2846 sunt
388 2782 545 2858 omnesH,
561 2783 595 2857 T,
611 2783 648 2856 E,
663 2782 686 2846 S
710 2786 759 2846 vel
782 2787 936 2856 omnesd,
950 2805 977 2859 η,
992 2807 1015 2854 a,
1031 2777 1055 2856 ζ.
1094 2781 1249 2846 Consimili
1263 2777 1352 2862 plane
1366 2784 1510 2848 methodo

163 2873 315 2939 invenitur
338 2871 443 2933 eadem
466 2872 612 2935 distantia
628 2881 653 2943 0·
669 2870 720 2951 Θ,
745 2873 771 2936 si
787 2881 812 2944 0¹
826 2875 868 2936 sit
886 2873 967 2935 eirca
981 2891 1156 2952 apogaeum,
1180 2879 1211 2934 et
1225 2871 1251 2933 si
1266 2873 1308 2934 sit
1323 2872 1404 2941 eirca
1425 2873 1510 2955 peri-

35 2986 39 2991 ·
186 2980 279 3026 aeum
296 2969 328 3024 et
350 2961 376 3023 si
398 2960 479 3023 circa
501 2960 704 3042 longitudines
728 2964 853 3026 medias.
887 2960 1118 3043 Comparatioue
1142 2962 1241 3064 igitur·
1256 2961 1340 3024 facta
1361 2962 1512 3027 invenitur

161 2983 231 3130 b&
257 3048 466 3115 eccentricitas
489 3057 521 3113 et
543 3049 604 3113 HG
627 3052 763 3132 longior,
789 3073 876 3134 quam
900 3060 933 3113 nt
956 3051 1040 3113 vel
1032 3072 1061 3113 ru
1082 3052 1138 3113 hoo
1162 3051 1241 3114 vel'
1233 3071 1264 3112 ιιι
1287 3052 1383 3114 altero
1414 3052 1511 3117 semi-

161 3142 272 3206 circulo
296 3149 378 3202 staro
400 3140 508 3219 possit.
556 3142 641 3204 Unde
665 3141 808 3217 discitur,
832 3142 941 3206 Martis
973 3130 1094 3203 motum
1122 3161 1189 3205 esse
1221 3143 1345 3222 figuram
1380 3142 1509 3219 ovalem,

161 3231 247 3314 quod
262 3247 379 3302 rursum
400 3229 532 3314 physicis
557 3230 722 3294 rationibus
746 3232 879 3314 apprime
903 3239 1137 3293 consentaneum
1156 3240 1211 3293 est.
1250 3227 1391 3300 Quare
1366 3251 1392 3293 ιιι
1408 3240 1511 3295 motus

161 3319 327 3385 intenditur
342 3337 409 3381 cum
423 3320 709 3403 appropinquatione
724 3329 749 3392 (ς
764 3331 795 3384 ct
810 3319 862 3399 Θ,
886 3321 989 3385 statim
1006 3321 1149 3424 sequitur,
1174 3329 1208 3383 ut
1224 3320 1371 3383 hactenns
1391 3322 1512 3402 quidem

147 3405 327 3490 'geometria
346 3407 406 3471 fuit
428 3410 562 3484 exculta,
589 3417 614 3480 0¹
638 3411 735 3474 locum
759 3410 957 3474 eccentricum
980 3410 1148 3491 computari
1170 3428 1228 3472 non
1250 3427 1342 3490 posse
1366 3430 1510 3493 compen-

162 3498 254 3561 diose.
303 3497 465 3587 Quaeritur
487 3517 557 3579 ergo
580 3510 720 3579 punctum
744 3501 882 3574 circaB,
917 3501 996 3563 circa
1026 3500 1104 3582 quod
1133 3500 1269 3596 quamvis
1301 3499 1510 3581 imaginarium

162 3588 296 3650 calculus
320 3578 528 3668 compendiose
552 3590 705 3669 procedat
752 3592 787 3652 Id
811 3599 912 3652 autem
936 3610 1078 3671 quaerere
1102 3609 1226 3651 necesse
1250 3609 1308 3651 non
1335 3598 1393 3652 est.
1440 3590 1510 3656 Jam

162 3675 240 3739 enim
263 3679 414 3740 inventum
438 3687 495 3746 est,
519 3697 586 3741 cum
609 3681 854 3762 acronychiarum
873 3681 1116 3742 observationum
1130 3679 1262 3742 calculus
1276 3698 1331 3759 per
1345 3686 1511 3796 quaternas

162 3766 387 3830 observationes
411 3766 626 3831 institueretur.

250 3854 330 3926 Quid
353 3854 410 3932 hic,
434 3876 555 3937 quaeso,
581 3859 689 3938 duplex
713 3857 793 3920 Solis
824 3857 1055 3920 eccentricitas?
1096 3855 1163 3936 Age
1196 3857 1348 3938 paciscere
1381 3877 1510 3934 mecum,

162 3952 246 4007 utere
270 3905 442 4028 Tychoniba
474 3948 598 4027 antiqua
630 3941 788 4030 hypothesi
812 3947 1072 4030 acronychiarum,
1105 3965 1180 4026 quae
1214 3948 1349 4010 omnibus
1372 3947 1447 4011 locis
1463 3950 1511 4012 ad

161 4031 193 4096 'l‘
224 4034 348 4098 circiter
374 4035 526 4097 satisfacit
559 4037 747 4099 dissimulato
778 4038 834 4098 hoc
867 4037 1024 4100 errorculo.
1072 4037 1185 4098 Postea
1216 4037 1386 4101 haerebas
1411 4039 1509 4103 forma

161 4124 438 4207 demonstrationis,
471 4135 502 4186 et
533 4127 574 4187 sit
604 4127 659 4188 tibi
683 4128 713 4188 H
736 4128 818 4189 locus
842 4126 924 4190 Solis
947 4126 1060 4188 medius
1084 4134 1116 4188 et
1138 4125 1226 4188 HAT
1247 4127 1296 4188 vel
1318 4131 1382 4209 dury
1407 4128 1510 4209 anguli

142 4233 199 4275 vex
227 4215 334 4277 mediis
368 4215 498 4276 motibus
529 4213 611 4278 Solis
642 4218 804 4297 prodeant,
839 4216 972 4278 invenies
997 4214 1184 4278 nihilominus
1207 4215 1278 4289 ΑΗ,
1301 4217 1358 4279 AT
1381 4217 1436 4279 &c
1460 4219 1509 4282 in·

162 4305 303 4386 aequales
333 4313 363 4365 et
394 4306 649 4367 eccentricitatem
685 4303 778 4374 1800,
812 4325 878 4366 cum
901 4306 970 4366 illas
994 4305 1153 4385 aequales,
1184 4305 1262 4369 hanc
1293 4306 1409 4390 nullam
1440 4327 1510 4372 essa

161 4393 304 4463 decuerit.
352 4394 490 4455 Invenies
513 4391 582 4470 ΕΘ
607 4395 863 4458 eccentricitatem
887 4394 1045 4456 eccentrici
1075 4395 1162 4474 longe
1191 4396 1282 4458 aliam
1313 4397 1449 4477 (saepius
1465 4405 1512 4473 ¹et

160 4481 191 4544 in
213 4481 296 4545 vario
322 4489 347 4552 d
370 4483 441 4554 situ,
463 4482 493 4544 in
517 4502 661 4564 apogaeo,
685 4485 835 4565 perigaeo,
860 4483 1094 4564 longitudinibus
1116 4485 1221 4549 mediis
1246 4504 1283 4547 ex
1301 4486 1329 4547 B
1350 4485 1509 4566 oppositis,

160 4572 273 4635 iterata
286 4579 352 4635 tota
365 4572 550 4652 pragmatia)
566 4576 653 4652 quam
667 4574 823 4637 habiturus
842 4594 875 4635 es
888 4573 916 4636 in
933 4573 1091 4656 hypothesi
1105 4576 1361 4658 acrouychiarum,
1375 4575 1510 4640 invenies

161 4663 236 4725 duas
269 4669 295 4732 ο·
328 4661 582 4723 aBdistantias
606 4663 635 4724 in
658 4663 764 4725 mediis
788 4662 1021 4744 longitudinibus
1045 4664 1209 4745 oppositis,
1242 4665 1396 4730 breviores
1420 4686 1511 4748 quam

161 4760 210 4815 ast
224 4749 342 4825 HG(?).
379 4750 425 4812 At
447 4749 517 4832 quia
535 4753 635 4814 omnia
658 4753 697 4814 ad
720 4752 848 4815 medium
870 4761 982 4815 motum
996 4751 1078 4815 Solis
1101 4754 1256 4831 reduxisti,
1280 4756 1416 4819 invenies
1439 4756 1510 4825 lon-

161 4840 261 4923 giores
283 4842 313 4902 in
337 4838 434 4901 altero
458 4839 653 4918 semicirculo,
679 4844 814 4922 quamvis
838 4842 1003 4924 aequaliter
1021 4842 1060 4905 ab
1079 4862 1214 4925 apogaeo
1230 4845 1354 4909 distent.
1391 4842 1435 4909 Et
1448 4844 1516 4910 alia·
