3354 5504
459 283 490 336 ds
507 278 695 337 Οιιιιιιιιὶἱι
713 284 744 337 de
762 292 829 336 motn
847 285 934 337 stellae
952 280 1048 336 Martia.
1352 338 1354 342 ,
1380 280 1432 350 71.

64 460 167 510 stitnaa
184 518 186 522 ‚
205 456 311 511 Rectius
336 461 441 521 locens,
465 462 486 510 si
504 461 554 511 Soli
578 477 624 513 ana
647 464 818 514 eccentricitas
845 463 947 526 simplex
973 463 1153 526 permanserit.
1182 476 1213 512 ne
1232 462 1257 510 in
1275 469 1344 512 motu
1368 465 1421 526 elus

66 534 258 582 amatissime
277 548 293 581 a
306 533 425 595 Tychone
445 533 568 596 explorato
587 535 679 585 lunatio
698 536 807 585 violenta
825 538 993 585 committatur
1013 543 1042 585 et
1056 535 1108 584 alia
1125 534 1222 593 ¹ratione
1234 532 1323 584 Martis
1342 540 1421 584 motas
1513 530 1517 537 '

66 603 178 652 salvetur
197 619 241 667 per
259 598 396 654 circellum?
414 629 448 639 -

157 674 273 724 Tandem
293 682 400 740 accepta
417 675 519 740 Kepleri
537 679 693 740 responsione
712 678 838 727 Fabricius
857 675 892 736 (d.
912 675 982 740 81¹8.
996 676 1058 726 Nor.
1073 674 1160 735 ιθθῖς
1178 691 1257 741 comp.
1270 677 1290 735 I,
1309 692 1332 741 p.
1348 672 1421 738 312),
1513 712 1518 721 .

65 746 205 808 respiciens
223 748 307 806 verba,
327 749 413 811 quibus
430 747 552 810 Keplerus
580 749 717 806 concludit,
746 750 822 799 dicit:
851 747 907 797 Non
926 748 1046 812 estquod
1063 750 1164 806 verens,
1195 749 1233 798 rel
1252 749 1296 798 illa
1313 748 1351 798 vel
1371 749 1422 798 alia

68 815 301 879 Tpehonianisaut
320 818 376 867 aliis
393 819 547 882 propalatum
564 821 600 869 iri.
637 820 667 870 ln
685 823 784 885 negotio
802 820 950 869 reductionis
970 819 1002 869 ad
1020 819 1161 884 eclipticam
1178 820 1238 869 mihi
1256 820 1330 884 plana
1348 821 1421 869 satis·

67 887 158 937 tesiam
197 888 283 946 Miror,
304 888 445 951 'l'ychonem
463 890 514 940 tale
532 891 590 955 quid
607 907 658 941 non
676 893 807 956 cogitasse.
833 891 925 940 Verum
944 898 989 947 est,
1009 890 1116 941 Martem
1135 906 1182 942 nec
1200 893 1225 940 in
1243 893 1295 941 riso
1314 906 1361 941 nec
1379 905 1424 955 per

70 957 139 1008 illurn
155 959 263 1010 reducto
282 961 373 1011 ιίιιιΙι
390 962 490 1017 versam,
508 962 596 1011 sedin
608 963 658 1013 alio
676 964 757 1013 tertio.
783 963 820 1013 Ex
832 963 894 1011 falso
906 964 988 1027 ,igitur
1006 976 1089 1013 verum
1102 964 1155 1013 dari
1168 978 1216 1012 nou
1235 969 1324 1027 potest
1351 961 1423 1023 Quae

69 1028 102 1079 ad
119 1032 295 1095 probationem
313 1032 443 1095 bipartitae
468 1035 661 1085 eccentricitats'a
678 1032 771 1085 Solaria
795 1033 911 1094 adducis,
939 1048 1009 1085 meas
1028 1034 1178 1096 objectiones
1204 1035 1333 1098 potissima
1350 1041 1423 1098 parte

70 1101 177 1153 diluunt
214 1103 328 1161 Gaudeo,
347 1119 387 1155 me
405 1119 468 1167 rano
486 1111 555 1157 metu
573 1120 604 1156 ex
619 1106 757 1157 sarlatione
774 1104 939 1170 hypotheseos
958 1104 1050 1155 Solaria
1068 1111 1121 1154 orto
1139 1105 1271 1155 liberatum
1289 1120 1351 1155 esse.

156 1189 287 1242 husim
302 1207 385 1243 meum
396 1192 428 1244 de
439 1195 489 1243 tnia
507 1192 697 1259 cogitationlbm
708 1194 835 1245 motsicem
846 1184 960 1243 drtntom
972 1193 1060 1245 Martis
1078 1195 1247 1258 spectantibus
1262 1197 1315 1257 jam
1329 1195 1424 1258 aperire

70 1274 121 1313 aaa
137 1277 243 1327 possum
258 1272 360 1329 propter
375 1267 504 1329 penuriam
520 1266 645 1331 temporis.
681 1264 748 1317 llam
765 1265 818 1316 herl
836 1272 895 1315 tuae
913 1266 1001 1315 literae
1018 1265 1078 1315 mihi
1096 1265 1203 1315 traditae
1221 1273 1287 1315 sunt.

157 1349 193 1403 In
209 1352 316 1418 epistola
334 1353 359 1402 d.
378 1353 403 1407 d,
421 1350 491 1417 titt.
503 1353 567 1411 Dec.
587 1352 656 1419 (Vos
669 1353 703 1414 11,
716 1369 740 1421 p.
754 1349 800 1417 ih)
817 1354 927 1405 nondum
945 1361 1051 1418 accepta
1063 1353 1165 1419 Kepleri
1183 1355 1288 1418 epistola
1305 1361 1424 1420 sequente

69 1422 171 1493 m
188 1422 222 1473 ad
238 1438 291 1474 rann
310 1424 409 1475 acmdit
426 1425 561 1485 Fabricius,
579 1426 682 1477 dicenn

159 1494 202 1545 'l'u
218 1504 313 1545 motum
331 1494 419 1547 unus
438 1512 468 1547 ex
486 1497 577 1562 duplici
603 1496 750 1563 hypothesi,
768 1509 821 1548 una
841 1498 967 1547 sicaria
994 1496 1074 1547 altera
1091 1512 1150 1547 sera
1167 1499 1288 1562 inquirere
1316 1494 1423 1555 laboras,

10 1574 12 1579 '
56 1564 136 1631 qut
152 1573 302 1631 ηιιιιιιι
321 1573 368 1625 est,
386 1567 532 1632 hypothesin
557 1568 623 1619 hanc
640 1584 691 1619 non
717 1583 832 1632 seraper
856 1571 941 1618 omnia
963 1583 1045 1619 reram
1064 1569 1101 1619 rel
1119 1569 1208 1619 saltem
1225 1582 1340 1620 mancam
1360 1584 1422 1620 esse.

74 1634 112 1687 Er
129 1638 226 1689 risam
242 1638 475 1702 prosthapbaeresea
487 1640 584 1698 Martis,
603 1657 634 1690 er
645 1654 704 1691 vera
715 1641 845 1691 ιίιιιιιίιι
860 1641 968 1704 inquiris.
995 1639 1022 1690 Si
1034 1641 1127 1691 vicaria
1138 1654 1204 1700 esra,
1223 1649 1282 1690 tunc
1294 1647 1423 1705 utrumque

73 1707 177 1759 datam
195 1710 314 1765 aimuhai
334 1718 416 1761 autem
436 1712 525 1771 „rera“
545 1728 589 1775 per
607 1715 689 1762 omnia
717 1720 781 1764 esset
799 1727 865 1769 vera,
894 1728 943 1761 uon
965 1711 1088 1776 indigeres
1111 1714 1211 1761 vicaria
1248 1712 1424 1763 Laborandum

74 1792 132 1845 argo
148 1782 259 1831 maxime
277 1782 333 1839 erit,
352 1792 380 1831 nt
397 1783 455 1833 talis
474 1784 557 1847 aliqua
574 1784 716 1848 hypothesis
736 1785 895 1851 excogitatur,
914 1796 977 1848 quae
990 1780 1064 1847 duam
1082 1785 1190 1846 proxime
1208 1786 1233 1832 in
1246 1784 1358 1833 omnibns
1376 1783 1423 1847 ipsi

70 1850 139 1901 ιιιιι
156 1852 316 1916 respoudeat.
337 1854 400 1919 quod
414 1855 472 1904 mihi
484 1871 533 1905 nou
552 1855 651 1905 difficile
670 1856 732 1925 adeo
746 1869 806 1904 sane
825 1850 927 1912 ridetur,
947 1855 967 1903 si
979 1855 1183 1919 imaginationem
1201 1863 1272 1905 tuam
1288 1854 1319 1904 de
1332 1854 1423 1918 duplici

69 1920 132 1972 Solia
150 1925 341 1974 eccmtricitate
360 1926 486 1987 abjeceris.
523 1927 610 1983 Haec,
631 1926 703 1977 crede
722 1926 795 1983 mihi,
823 1928 930 1975 sirecte
955 1925 1038 1988 judico
1062 1928 1137 1976 nuica
1157 1934 1182 1975 et
1199 1927 1327 1976 serissima
1344 1938 1422 1974 causa

70 2000 115 2054 tat,
133 1995 204 2060 guod
221 1996 343 2058 duplicem
362 1999 437 2047 etiam
455 1998 601 2061 hypothesin
620 1998 708 2047 Martis
727 1999 875 2047 constituero
893 2011 995 2048 necesse
1020 1997 1123 2047 habeas.
1159 1999 1189 2047 ln
1208 1997 1271 2048 Solis
1288 1997 1421 2060 hypothesi

69 2072 182 2117 ιιιιιιιιι
200 2069 332 2129 eccentrici
358 2084 432 2133 snpra
450 2070 551 2120 Terram
576 2071 674 2119 omnino
693 2084 747 2119 essa
775 2076 883 2132 oportet,
911 2070 962 2118 sive
980 2069 1061 2131 quoad
1084 2076 1193 2123 veterem
1219 2070 1430 2133 suppositionem·

69 2139 118 2187 sisa
134 2152 226 2188 seems
245 2153 262 2189 a
279 2144 304 2188 ιι
323 2142 495 2204 excogitatam.
522 2143 556 2192 at
574 2142 607 2190 ad
625 2141 756 2190 salvandos
774 2149 854 2190 motus
872 2140 961 2189 Martia
979 2134 1080 2190 dimidia
1097 2141 1142 2190 illa
1159 2141 1332 2191 eccentricitas
1346 2138 1420 2197 Solis,

68 2222 141 2273 quam
160 2216 190 2259 ιι
209 2223 226 2259 a
244 2208 321 2260 Terra
338 2226 433 2262 sumum
451 2213 529 2275 ponis,
549 2213 660 2262 deorsum
678 2214 759 2276 potius
776 2213 815 2261 rel
833 2212 878 2260 snb
896 2212 974 2260 Terra
991 2212 1122 2275 imaginari
1140 2213 1222 2263 debet.
1259 2212 1325 2261 Hinc
1344 2211 1373 2260 fit
1390 2218 1420 2261 nt

69 2286 127 2329 taae
145 2281 283 2333 distantiae
295 2284 393 2332 veritati
406 2298 561 2348 nequaquam
578 2284 751 2347 respondeant,
771 2285 938 2348 quiapropter
957 2280 1179 2333 considerationem
1197 2283 1313 2334 dimidiae
1327 2296 1417 2333 eccen-

69 2351 186 2402 uialtatia
208 2366 286 2416 snpra
303 2353 403 2404 Terram
431 2355 564 2405 ιιιιιιίιι
590 2357 691 2405 nimium
709 2371 726 2405 a
743 2355 820 2405 Terra
843 2353 919 2418 (qnae
944 2355 988 2403 snb
1016 2361 1100 2405 centro
1127 2356 1260 2407 eccentrici
1284 2353 1348 2405 Solia
1366 2351 1417 2416 eet)

70 2430 226 2473 ιιιιιιιιιιιιι
244 2432 271 2475 et
289 2435 383 2476 contra.
638 2430 641 2435 '

136 2494 212 2545 Haec
231 2496 303 2546 selim
321 2504 346 2547 te
365 2498 495 2563 diligemm
517 2498 672 2548 considerare
691 2505 717 2548 et
734 2497 936 2561 imaginationem
953 2497 979 2546 in
998 2495 1055 2546 Sole
1079 2494 1194 2560 abjicere.
1233 2497 1332 2559 Quaeso
1350 2498 1417 2549 hunc

70 2566 193 2629 objectum
210 2567 305 2617 nodum
317 2582 376 2618 ense
395 2562 504 2620 raritatis
522 2571 580 2620 mihi
599 2560 695 2627 solva's;
715 2576 742 2620 at
753 2569 803 2619 noli
818 2569 937 2628 indicium
955 2569 1127 2632 praecipitare,
1146 2585 1178 2618 ne
1190 2583 1244 2619 sero
1263 2570 1419 2634 poenitentia

69 2636 112 2687 u'tl
130 2639 240 2687 ueniat
277 2640 347 2689 Bono
374 2640 437 2691 haec
464 2643 589 2691 animuin
608 2642 717 2691 veritatis
744 2641 907 2705 patrocinium
932 2641 1025 2696 scribo,
1053 2642 1112 2705 quia
1133 2648 1190 2704 post
1215 2641 1306 2703 priores
1333 2641 1419 2693 literas

71 2707 213 2774 ffiligsnu'aa
231 2712 315 2760 omnia
333 2713 491 2762 considerari.
515 2712 552 2771 Tu
565 2712 671 2762 Martem
685 2712 736 2762 Soli
753 2714 826 2761 nimis
845 2718 913 2760 arcto
933 2712 1029 2760 vinculo
1043 2712 1140 2776 alligas.
1157 2736 1188 2745 -
1202 2710 1317 2762 Secundo
1335 2713 1380 2763 aba
1392 2719 1419 2764 te

71 2794 168 2843 ιιιιιι,
188 2795 313 2845 quaenam
331 2785 368 2832 sit¹
381 2786 506 2835 rerimima
524 2799 602 2835 causa
622 2785 724 2848 duplicis
742 2785 768 2832 iu
785 2783 868 2832 Marte
887 2790 913 2831 et
935 2784 1098 2846 superioribus
1117 2784 1205 2833 ceteris
1224 2790 1250 2833 et
1267 2784 1421 2835 inferioribus

72 2866 163 2917 quoque
184 2855 386 2904 eccentricitatis.
412 2856 485 2906 Hanc
503 2858 624 2921 inquirere
642 2872 691 2905 nun
710 2856 769 2905 ntile
787 2854 866 2903 solnm
885 2860 930 2911 est,
950 2854 995 2904 sed
1013 2854 1045 2903 ad
1063 2854 1297 2906 demonstrationem
1315 2857 1422 2907 maxime

71 2925 247 2973 neceesarium.
285 2923 312 2974 Si
330 2940 409 2976 causa
426 2942 485 2976 rora
503 2930 603 2993 cognita
621 2927 703 2984 fuerit,
722 2929 855 2975 maximum
872 2926 956 2974 lumen
974 2925 1079 2975 mathesi
1098 2927 1224 2977 inferetur.
1250 2927 1303 2992 Ego
1323 2928 1421 2977 omnino

17 3054 22 3067 .
73 2995 201 3053 existimo,
221 2995 285 3046 Solis
313 3000 524 3048 eccentricitstem
551 3013 605 3048 seso
633 3000 768 3047 immiscere
796 2998 974 3046 eccentricitati
992 2997 1095 3055 Martis,
1122 3004 1193 3047 utet
1211 2998 1326 3063 reliquie,
1354 3010 1419 3063 quat

72 3066 205 3130 inplicatis
234 3072 444 3120 eccentricitatem
471 3085 565 3135 quoque
592 3071 743 3133 implicatam
760 3069 849 3118 reddit.
888 3070 921 3116 At
943 3070 964 3117 si
983 3082 999 3117 a
1017 3069 1073 3118 Sole
1100 3070 1202 3134 duplicis
1226 3070 1420 3120 eccentricitatla

73 3151 146 3187 causa
166 3139 253 3202 aliqua
272 3142 326 3196 erit,
344 3149 403 3190 tunc
419 3143 450 3191 ab
464 3156 574 3207 apogaeo
587 3140 650 3190 Solis
662 3157 713 3190 una
726 3141 822 3190 illarum
841 3141 1055 3190 eccentricitatum
1072 3141 1205 3206 duplicium
1216 3142 1324 3204 incipere
1336 3139 1435 3201 debet,'

74 3222 148 3280 major
178 3233 236 3268 vero
264 3223 435 3271 eccentricitas
455 3223 486 3271 ab
508 3235 619 3286 apogaeo
638 3222 734 3271 Martis.
772 3219 904 3284 (Keplerns
923 3221 948 3270 iu
971 3223 1099 3285 margine:
1134 3217 1206 3286 quod
1239 3230 1419 3283 responsurus

74 3309 146 3346 eram
168 3292 371 3360 objectionibus
393 3297 425 3348 de
445 3296 545 3358 Marte,
568 3295 627 3364 ipse
649 3303 732 3365 urget
752 3311 835 3363 seque
856 3290 999 3363 implicat).
1033 3299 1074 3350 Sic
1092 3302 1136 3351 illa
1154 3302 1333 3358 eccentricitas,
1353 3315 1417 3365 qnae

75 3369 164 3420 aSole
185 3378 344 3433 causaretur,
369 3387 385 3422 a
403 3388 459 3422 vero
477 3388 520 3423 sno
539 3373 656 3437 principio
675 3388 769 3437 quoque
788 3374 921 3435 inciperet,
940 3380 968 3421 ut
986 3372 1057 3422 alteri
1083 3375 1261 3423 eccentricitati
1279 3387 1333 3422 sese
1352 3379 1419 3422 recte

76 3442 233 3492 lrnmisceret.
271 3445 305 3491 Δι
322 3444 369 3493 hoc
387 3460 436 3494 non
455 3446 549 3495 ridetur
567 3445 633 3500 lieri,
661 3460 734 3508 quum
759 3447 831 3507 juxta
850 3443 1011 3508 Copemicum
1038 3451 1118 3493 motus
1137 3443 1227 3495 circelli
1244 3445 1369 3507 utrimque
1388 3443 1420 3494 ab

78 3526 187 3578 apogaeo
206 3513 451 3579 planetae'incipiat.
477 3515 603 3576 Quomodo
621 3517 695 3579 igitur
713 3530 771 3565 rara
789 3530 842 3564 esse
860 3517 950 3579 poterit
967 3515 1029 3564 baec
1047 3518 1119 3573 ratio,
1138 3530 1202 3580 quae
1220 3515 1319 3565 dirersis
1338 3516 1419 3567 causis
1498 3568 1504 3579 ,

73 3597 144 3634 unnm
166 3594 194 3634 et
211 3585 279 3634 idem
296 3588 440 3650 principium
458 3589 557 3643 tribuit,
578 3602 634 3637 cum
653 3590 732 3651 potius
757 3587 846 3650 singuli
873 3593 953 3636 motus
971 3588 1004 3636 cd
1022 3588 1132 3651 singulas
1151 3601 1209 3636 suas
1228 3600 1316 3637 causas
1335 3595 1421 3647 assem

75 3657 195 3708 referendi
214 3664 240 3705 et
259 3658 403 3722 adaptandi,
422 3659 537 3709 videlicet
554 3660 652 3707 minoris
671 3660 778 3709 eccentri
791 3658 879 3707 Martis
897 3660 1000 3708 variatio
1020 3659 1052 3707 ad
1071 3673 1208 3722 apogaeum
1227 3657 1299 3714 Solis,
1319 3672 1374 3708 cnm
1392 3659 1418 3707 in

76 3726 137 3777 illins
157 3728 228 3777 linea
239 3727 302 3778 haec
315 3731 486 3780 eccentricitas
500 3730 683 3788 consideretur;
703 3730 801 3792 majoris
815 3744 870 3778 reso
883 3731 991 3780 occentri
1010 3731 1113 3778 variatio
1126 3731 1158 3779 ad
1170 3743 1309 3794 apogaeum
1321 3728 1416 3780 Martis.

75 3807 222 3874 (Keplernsz
253 3820 307 3856 non
328 3820 395 3858 sane
417 3800 485 3872 est.)
525 3810 552 3861 Si
571 3811 617 3861 hoc
635 3826 690 3860 non
713 3810 849 3866 concedes,
878 3816 945 3860 certe
964 3809 1004 3860 Sol
1023 3825 1071 3858 non
1090 3812 1137 3859 erit
1159 3825 1205 3860 sua
1232 3813 1417 3864 eccentricitate

74 3894 147 3932 causa
166 3879 271 3944 duplicis
290 3883 482 3932 eccentricitatis
500 3881 596 3932 Martis.

158 3971 253 4028 Tertio,
271 3970 427 4020 latitudinem
439 3970 528 4021 Martia
546 3987 595 4021 non
613 3973 648 4021 ris
668 3971 816 4020 considerari
833 3972 859 4020 iu
879 3971 1007 4034 apparenti
1026 3970 1123 4026 circulo,
1143 3971 1186 4020 sed
1204 3974 1307 4036 proprio,
1327 3975 1352 4023 ln
1370 3987 1417 4039 qno

73 4040 177 4092 latitudo
195 4057 223 4094 ae
240 4043 453 4107 proportionaliter
470 4044 554 4101 habet,
573 4045 599 4092 in
616 4044 665 4092 alio
684 4058 733 4093 non
751 4045 818 4091 item.
838 4044 890 4093 ,At
912 4045 983 4104 juxte
1001 4047 1045 4089 ιιι
1067 4043 1197 4093 ratiocinia
1214 4046 1256 4094 ria
1272 4044 1360 4095 Martis
1379 4052 1418 4096 est

74 4115 154 4171 oralia,
174 4130 225 4165 ιιι
245 4114 388 4175 circularis3
406 4115 462 4179 qnid
480 4117 554 4181 igitur
572 4114 690 4178 prohibet,
710 4129 741 4163 ne
755 4120 780 4163 et
798 4114 941 4163 latitudines
960 4127 986 4161 se
998 4127 1048 4160 ιιι
1062 4113 1177 4164 habeant
1194 4118 1414 4179 proportionaliter,

73 4186 114 4236 sed
130 4189 174 4236 ria
190 4189 246 4249 elue
263 4187 297 4236 eit
314 4192 425 4236 tortuosa
442 4186 480 4236 rel
499 4187 531 4237 ad
549 4187 644 4236 oralem
662 4182 839 4250 quodammodo
858 4185 960 4233 formam
982 4180 1106 4234 inclinet?
1138 4186 1263 4237 concludo
1282 4190 1371 4253 igitur,
1390 4191 1416 4238 in

74 4261 204 4322 apparenti
224 4258 314 4307 simulo
334 4257 471 4307 latitudiuis
489 4258 644 4308 reductiones
658 4272 711 4307 esee
725 4257 888 4307 instituendas
901 4261 927 4304 st
938 4255 1067 4319 hypothesi
1086 4252 1258 4321 adaptandas3
1279 4267 1303 4309 ιι
1316 4259 1416 4322 proinde

72 4344 165 4394 qnoque
184 4328 348 4392 Tychouiana
374 4328 515 4393 hypothesis
541 4331 655 4379 nouerit
678 4329 742 4378 male
767 4329 881 4376 instituta
905 4330 977 4390 juxta
1003 4327 1170 4378 reductionem
1188 4330 1235 4379 loci
1253 4333 1305 4379 risi.
1343 4330 1415 4391 Quod

72 4413 125 4451 seso
143 4402 189 4450 tibi
207 4402 321 4450 rideatur
338 4401 381 4450 illa
399 4399 491 4466 (quoad
509 4397 752 4466 prosthaphaereses)
771 4398 915 4448 nonnullam
932 4398 1095 4449 differentiam
1118 4402 1238 4466 ingerere,
1257 4400 1318 4451 illud
1334 4405 1414 4466 potius

72 4475 252 4523 mtrlcitati
270 4488 321 4521 non
340 4475 494 4525 exscdssme
514 4475 663 4525 constitutae
682 4476 781 4537 ejusque
799 4471 948 4535 proportioni
968 4486 1018 4520 ιιι
1042 4473 1139 4522 omnino
1166 4480 1299 4524 ιιιιιιιιι
1322 4473 1413 4524 adscri-

71 4541 177 4596 butum
197 4545 317 4596 ιιίιιίιιι.

158 4633 264 4695 Quarto,
283 4633 369 4683 scribis
387 4633 417 4683 ds
436 4631 627 4699 aequipollentia
651 4630 821 4696 hypothesium
840 4626 968 4695 Cuperm‘ci
987 4640 1013 4683 et
1029 4631 1179 4691 Ptolemaei,
1202 4632 1283 4698 quoad
1300 4632 1412 4697 prestha-

71 4703 212 4770 phaereaee,
232 4704 296 4770 qnod
308 4720 367 4755 num
385 4718 468 4754 rerum
485 4706 517 4754 sit
534 4719 584 4755 non
601 4704 680 4754 rideo.
705 4700 771 4751 Nam
788 4702 932 4753 mutandam
951 4718 1004 4754 esse
1023 4704 1233 4755 eccentricitatem
1253 4705 1333 4769 ipsam
1349 4718 1412 4757 non⁴

69 4777 127 4827 mall
145 4784 173 4828 et
189 4791 306 4827 numeros
324 4778 448 4842 utriusque
466 4767 560 4842 qnoque
580 4774 776 4827 eccentricitatis.
803 4774 866 4839 Ergo
884 4777 947 4825 ratio
964 4790 1015 4826 non
1033 4777 1080 4826 erit
1096 4775 1193 4827 eadem·
1223 4774 1284 4827 Mea
1300 4777 1412 4841 questio

70 4848 115 4901 ιιι
130 4859 159 4903 et
176 4852 315 4903 ιιιιιιιιιι
337 4854 393 4910 eat,
420 4861 455 4900 au
476 4856 574 4901 retems
602 4849 689 4901 eadem
716 4847 901 4898 eccentricitate
928 4848 999 4898 totali
1025 4850 1125 4917 eiusque
1149 4848 1306 4931 proposuca?
1331 4846 1412 4919 n'adh,
