3354 5504
632 274 834 331 presumas
872 276 1037 346 cuneum.
1446 275 1512 345 245

160 448 289 534 mpetu
309 450 435 539 jamtum
456 454 565 517 statim
586 474 766 520 menmrom
795 455 1047 521 conciliaturam.
1094 457 1171 522 Non
1197 457 1282 522 euim
1310 455 1516 521 eiradarium

160 549 400 622 unpmeaurum
423 544 534 606 eudem
555 552 601 607 est
618 548 784 630 proportio
808 547 889 630 q'uae
911 556 1077 612 rectarum.
1124 547 1325 631 Repetendus
1347 547 1405 610 tibi
1425 547 1516 611 labar

160 629 220 693 erit
242 632 358 694 iterum
388 639 481 714 atque
512 636 642 710 iterum,
675 635 750 698 dum
776 644 832 700 tua
863 657 986 700 summa
1014 638 1229 720 quaesitorum
1261 632 1451 719 appulorum
1472 638 1515 700 sit

165 716 246 783 180⁰
266 721 316 784 uel
334 722 481 803 proaime
502 732 611 787 tanta:
636 726 769 787 mutua
792 729 876 791 enim
899 734 963 791 tuto
987 725 1134 809 nepiipes.

253 809 314 872 Uti
335 812 393 874 dac
408 813 517 895 sueres
539 822 728 889 consecutus,
752 822 787 878 ut
810 814 921 898 anputi
942 817 977 893 F,
1001 817 1030 878 D
1055 815 1199 897 (idioquae
1220 822 1250 879 et
1272 814 1396 879 residui
1415 810 1454 890 G,
1470 814 1512 887 Ε)

158 917 230 961 uere
258 906 341 962 must
360 903 396 963 in
423 901 532 964 eadem
564 904 832 987 circumferentia,
859 905 931 988 jam
956 925 1057 988 porro
1079 902 1268 969 stulterum
1297 920 1405 969 eorum
1436 925 1516 985 quae

158 989 249 1069 sepsi
271 990 412 1055 conuenit
434 989 666 1076 eaplarandum
689 1000 750 1067 est,
778 1001 884 1058 utrum
912 993 1056 1060 uidelicet
1078 992 1105 1057 B
1128 1001 1269 1059 centrum
1289 988 1380 1058 iilius
1403 989 1516 1057 circuti

159 1083 218 1139 stet
239 1078 324 1142 inter
347 1075 426 1156 0‚A
450 1082 618 1144 incudem
641 1079 734 1144 linea.
773 1085 861 1146 Nam
884 1083 923 1145 de
945 1085 1003 1148 hoc
1025 1102 1127 1169 supro
1150 1085 1279 1158 dictum,
1302 1082 1389 1166 quod
1401 1081 1515 1146 Ptole-

158 1168 479 1232 minuuntur
508 1173 706 1245 commorit,
737 1179 766 1234 et
792 1174 933 1236 rationes
955 1172 1111 1257 physicae
1139 1173 1321 1255 requirant,
1351 1179 1386 1235 ut
1408 1170 1454 1235 idi
1475 1173 1518 1235 eit

158 1256 367 1321 incaustum
388 1267 498 1335 motus,
523 1261 579 1323 uti·
600 1259 691 1322 eidus
713 1260 752 1322 ab
773 1262 803 1323 A
821 1259 896 1324 Sale
919 1263 1018 1326 dictat
1038 1260 1231 1344 ionpt'ssinm
1243 1268 1290 1326 nt
1310 1261 1345 1326 in
1359 1262 1405 1322 11:
1430 1259 1518 1345 quod

158 1366 221 1409 nan
245 1346 342 1411 attur
361 1348 434 1422 ficri
458 1357 576 1431 potest,
600 1370 695 1432 quam
716 1350 748 1412 ci
768 1350 809 1424 A,
831 1352 869 1426 Β,
894 1350 918 1414 C
947 1354 1012 1415 siut
1039 1354 1076 1417 in
1105 1350 1216 1415 ναῶννπ
1246 1348 1342 1415 tinea
1394 1349 1436 1414 Ut
1458 1351 1517 1414 noc

159 1436 353 1519 inquiram,
368 1439 550 1524 junpantur
565 1436 681 1514 (Get),
698 1437 800 1514 ΒΑΕ)
822 1440 898 1515 noti,
922 1448 958 1504 ut
980 1438 1123 1524 unpuins'
1137 1436 1224 1504 ΘΑΕ
1246 1446 1407 1515 metamor,
1430 1447 1459 1503 et
1481 1439 1518 1502 in

162 1522 253 1588 GAE
279 1546 319 1589 ea
350 1527 408 1589 iac
437 1526 553 1611 anpnptc
570 1538 611 1593 et
642 1526 794 1592 lateribus
817 1526 908 1602 (GA,
936 1529 1009 1603 ΑΕ)
1040 1538 1214 1614 quaeratur
1245 1527 1331 1593 latus
1358 1526 1426 1592 Gn.
1472 1527 1519 1593 In

159 1615 320 1699 rtanpta
343 1617 442 1699 ipitur
466 1616 548 1679 GFE
571 1616 707 1703 oupertus
731 1616 814 1679 Gen
841 1626 907 1682 uui
929 1621 974 1681 od
1003 1619 1302 1704 circumferentium,
1333 1638 1407 1702 erpo
1432 1615 1517 1682 GBE

159 1705 298 1788 mpulus
321 1705 367 1768 aa
388 1715 528 1771 cerstrum
552 1705 669 1791 duplus
693 1716 738 1770 cst
761 1709 835 1789 eius.
873 1709 978 1773 Prius
1001 1716 1105 1772 autem
1121 1706 1205 1771 GFE
1226 1708 1432 1791 inuestipotus
1447 1707 1520 1789 snit

158 1802 367 1948 mii
381 1794 598 1949 minii·
613 1797 788 1949 citit
819 1797 986 1965 iiii?
1000 1794 1301 1951 titt-'tuiti
1328 1798 1519 1949 {titt

159 1974 253 2038 tasin
275 1983 306 2038 et
329 1971 386 2036 GB
397 1905 531 2038 Ἥᾶἱαε
559 1974 675 2038 circuli
703 1977 739 2039 in
765 1908 1052 2058 proportionenAO
1075 1907 1315 2041 ilerdentmtditotis
1343 1908 1436 2040 tuitio
1461 1996 1516 2037 as-

159 2070 291 2127 sumtae.
337 2063 384 2127 Et
405 2064 569 2151 quiajam
589 2065 721 2127 tatum
741 2062 800 2127 BG
823 2072 853 2127 et
875 2062 972 2139 BGE,
997 2067 1091 2148 prius
1112 2085 1184 2129 aero
1207 2064 1382 2130 trudebatur
1404 2062 1465 2126 AG
1489 2068 1520 2127 et
1563 2075 1567 2081 '

159 2150 260 2229 AGE,
284 2153 443 2217 subtracto
464 2154 565 2236 ipitur
586 2150 676 2217 ΑΘΕ
700 2174 722 2217 a
743 2150 831 2215 BGE
854 2152 917 2226 (aet
945 2154 1102 2230 meinaim,
1132 2156 1163 2218 si
1183 2176 1245 2220 usu
1266 2155 1386 2229 ueniat)
1416 2151 1517 2233 relin-

160 2254 276 2331 quetur
298 2239 396 2305 AGB.
442 2242 485 2308 In
506 2240 666 2325 trianputa
689 2244 788 2327 ipitur
811 2241 898 2306 AGB
927 2243 1047 2308 damur
1068 2242 1130 2306 AG
1153 2252 1183 2309 et
1204 2242 1263 2307 BG
1287 2253 1316 2309 et
1337 2244 1519 2332 interjectus
1559 2286 1561 2290 ι

161 2332 301 2423 mianton
321 2330 421 2396 AGB.
468 2332 669 2412 (Quaeratur
698 2331 834 2414 unmdus
864 2330 979 2406 ΒΑΘ.)
1028 2332 1094 2412 Qui
1125 2336 1156 2398 si
1184 2334 1345 2418 discrepat
1373 2354 1396 2398 a
1429 2328 1518 2398 cAG

157 2428 302 2512 primum
331 2431 488 2498 aemma,
519 2430 700 2504 orpumento
728 2429 782 2495 est,
812 2423 917 2503 ipsum
939 2420 976 2496 B,
1001 2430 1112 2487 contin
1140 2444 1235 2507 quom
1255 2425 1334 2508 fieri
1353 2444 1418 2507 par
1440 2428 1518 2498 erat,

161 2517 276 2581 cudere
299 2523 391 2579 entra
413 2512 530 2578 lineum
554 2509 619 2574 CA.
666 2513 812 2576 Rursum
832 2512 932 2593 ipitur
953 2511 1047 2593 suisa
1065 2515 1349 2596 pronunciabimue
1372 2521 1516 2576 assumta
1603 2526 1606 2533 '

160 2604 245 2670 scil
268 2611 299 2667 et
320 2603 415 2667 FAII.
461 2601 506 2666 Ar
528 2602 607 2685 quia
633 2608 748 2664 retento
771 2599 863 2675 FCH,
886 2609 1006 2664 mutato
1034 2622 1107 2665 uera
1130 2602 1225 2678 FAH,
1248 2604 1284 2667 irs
1307 2600 1402 2668 aliud
1424 2604 1520 2666 ctiam

161 2692 338 2760 muudum
368 2692 576 2776 impinpitur,
603 2690 723 2754 scilicet
751 2689 837 2772 quod
858 2689 897 2765 D,
920 2689 957 2763 Ε,
981 2692 1021 2764 F,
1046 2688 1076 2752 G
1104 2688 1175 2756 loca
1202 2713 1270 2758 non
1302 2693 1463 2777 quadrant
1485 2693 1520 2754 in

163 2781 320 2850 erratum
342 2781 405 2857 (uti
430 2780 498 2863 iam
518 2800 620 2864 stupro
640 2781 698 2843 tuoe
720 2800 781 2843 usu
802 2787 944 2854 uenerat,
975 2788 1143 2861 antequam
1174 2782 1279 2864 ipsum
1302 2782 1388 2845 ΒΑΗ
1402 2779 1518 2844 'tantae

163 2874 351 2957 mantimtis
369 2871 480 2936 uitium
495 2864 790 2944 imminuamus).-
809 2874 896 2951 patet
909 2870 1018 2951 ipitur,
1034 2871 1130 2933 etiam
1145 2869 1228 2933 ΕΘΗ
1244 2891 1309 2934 esse
1322 2871 1517 2935 mutandum.

164 2965 308 3029 Mutetur
329 2962 437 3046 ipitur‚
460 2961 518 3024 hoa
540 2967 586 3023 est
608 2957 677 3023 alia
699 2965 881 3023 assumatur
903 2960 1066 3039 quantitas
1093 2960 1196 3041 ipsius
1220 2959 1303 3024 FOH
1321 2981 1383 3045 pra
1408 2960 1518 3032 lubitu,

164 3063 190 3120 et
212 3061 339 3118 retenta
360 3073 408 3125 ea,
426 3070 488 3135 per
510 3057 654 3131 memor,
679 3050 814 3132 quinque
836 3045 885 3110 uel
906 3068 963 3112 sen
984 3051 1066 3112 uices
1087 3050 1229 3115 curtetur
1243 3049 1330 3112 ΕΔΗ
1353 3052 1517 3132 tantisper,

165 3145 263 3209 dcraec
292 3160 423 3207 rursum
453 3148 592 3224 quatuor
623 3137 735 3221 cupidi
763 3137 808 3200 ud
829 3137 871 3212 F,
894 3136 923 3199 D
945 3138 1054 3222 juncti
1080 3140 1208 3220 saciant
1237 3139 1317 3203 duaa
1345 3148 1464 3204 rectos:
1491 3147 1521 3203 et

164 3243 236 3298 desc
262 3252 325 3316 per
352 3228 517 3313 triunputa
541 3226 638 3302 GAE,
664 3225 757 3302 GFE,
782 3224 875 3300 GBE,
906 3225 997 3289 BGA
1027 3229 1233 3293 contendotm
1268 3230 1313 3294 ad
1348 3229 1521 3294 sermidam

146 3323 401 3408 inquisitionem
421 3319 526 3403 ipsius
547 3315 646 3391 ΒΑΘ,
671 3318 909 3403 comparatione,
926 3315 995 3397 eius
1009 3320 1105 3402 sacta
1127 3338 1196 3382 cum
1211 3315 1298 3382 OAG
1313 3320 1387 3405 jam
1408 3317 1519 3385 ntimo

165 3414 341 3477 cunctam.
392 3408 453 3473 Uti·
474 3428 605 3473 rursum
625 3407 754 3478 muetos,
777 3424 821 3468 an
842 3404 968 3489 lampius
991 3427 1013 3468 a
1034 3426 1104 3470 uera
1126 3407 1293 3471 recesseris
1316 3429 1359 3472 an
1380 3429 1451 3471 uero
1475 3408 1520 3471 ud

161 3503 430 3589 propinquitatem
450 3499 584 3571 raseris,
613 3505 643 3560 et
664 3496 838 3570 secundum
868 3493 1039 3577 qualitates
1062 3517 1253 3567 ,recessuum
1273 3496 1321 3561 ael
1343 3498 1521 3583 defectuum

162 3593 446 3678 proportiuospue
467 3588 668 3651 additionum
689 3583 823 3648 subinde
845 3584 890 3647 od
906 3593 1001 3668 caput
1022 3585 1150 3663 reditio,
1175 3586 1271 3651 donec
1286 3585 1375 3651 ΒΑΘ
1398 3597 1521 3652 tarnum

166 3681 414 3769 deprehercdcris
436 3686 585 3760 promum
608 3673 696 3739 cAG
719 3670 766 3736 oet
787 3670 880 3733 HAG
902 3673 937 3735 in
958 3673 1020 3736 itta
1046 3676 1111 3738 uice
1140 3696 1344 3742 memineras.
1391 3679 1442 3742 Eo
1465 3680 1520 3742 ubi

161 3773 353 3858 porimens,
375 3776 449 3833 tunc
471 3767 605 3849 denique
618 3766 653 3827 in
667 3760 825 3846 trianpula
839 3758 928 3823 ΒΘΑ
951 3764 1044 3826 dabis
1057 3763 1121 3846 ipsi
1135 3763 1194 3827 BG
1215 3787 1328 3831 namen
1348 3769 1521 3832 rotundum

165 3867 305 3937 (annum
326 3857 478 3931 millium)
502 3856 588 3920 etin
611 3854 721 3918 eadem
740 3853 944 3936 proportione
967 3852 1195 3926 (mediantibus
1222 3855 1363 3940 anputis)
1387 3876 1520 3942 quaeres

165 3961 193 4018 et
208 3953 276 4015 BA
309 3947 567 4014 eeoentricitotem
597 3943 762 4008 eccentrici
789 3949 818 4005 et
841 3939 899 4003 CA
930 3942 1190 4007 oceentrioitatem
1220 3947 1386 4030 aequantia
1392 3970 1406 4023 ,·
1435 3949 1520 4012 unde

164 4030 331 4108 minuata
351 4037 409 4101 BA
430 4035 581 4118 relinquit
604 4032 665 4097 ΟΒ.
700 4030 805 4097 'Tunc
827 4039 857 4097 et
879 4030 918 4092 de
951 4030 1085 4125 apopaei
1114 4029 1181 4096 loco
1204 4043 1234 4099 et
1260 4036 1301 4098 dc
1330 4039 1520 4103 comotione

164 4126 391 4197 momrroedii
413 4128 508 4210 (puae
530 4125 565 4188 in
586 4123 700 4188 tdtimo
727 4122 910 4204 operatione
932 4123 1158 4204 supposueras)
1187 4127 1414 4208 monunciobio
1435 4127 1521 4210 quod

165 4223 241 4287 teu
261 4220 408 4288 natium
431 4222 584 4300 quartum
604 4214 732 4296 quidem
754 4211 837 4275 tam
852 4212 996 4293 sormam
1017 4210 1220 4293 hypotheseos
1242 4214 1362 4280 attinet
1521 4288 1524 4295 ,

256 4308 292 4373 Si
315 4315 346 4370 te
368 4305 458 4386 hujus
482 4303 651 4366 laboriosae
674 4299 808 4362 methodi
831 4306 1004 4379 pertaesum
1027 4299 1128 4377 fuerit,
1147 4302 1216 4382 jure
1232 4302 1291 4366 mei
1311 4310 1341 4365 te
1364 4302 1518 4380 misereat,

166 4400 216 4483 qni
240 4418 310 4462 eam
333 4395 372 4458 ad
386 4395 540 4458 minimum
563 4389 736 4474 septuagies
752 4389 794 4450 ivi
808 4408 875 4451 cum
896 4387 1025 4468 plurima
1047 4391 1192 4471 temporis
1211 4393 1341 4473 jactura,
1366 4401 1397 4455 et
1416 4394 1519 4456 mirari

167 4489 291 4554 desines
321 4487 400 4549 hunc
431 4485 566 4568 quintum
593 4482 659 4563 jam
689 4498 799 4541 annum
830 4476 913 4539 abire
943 4495 980 4538 ex
1012 4497 1069 4559 quo
1092 4481 1224 4544 Martem
1256 4500 1418 4563 aggressus
1443 4504 1518 4560 snm,

168 4576 306 4663 quamvis
329 4594 425 4639 onnus
452 4567 545 4637 1603.
569 4590 645 4654 pene
667 4574 751 4630 totns
775 4564 893 4648 Opticis
915 4563 1159 4647 inquisitionibus
1182 4570 1239 4633 fnit
1261 4570 1428 4635 traductus.

254 4666 401 4732 Existent
422 4661 504 4725 uenti
532 4664 704 4744 geometrae
728 4657 870 4720 Victae
904 4652 1035 4733 similes,
1067 4657 1118 4741 qui
1141 4676 1280 4741 magnum
1313 4660 1427 4745 aliquid
1450 4681 1518 4727 esse

170 4759 327 4840 putabunt,
350 4754 557 4819 demonstrare
579 4750 669 4831 hujus
691 4745 826 4811 methodi
847 4742 990 4826 drapum.
1030 4744 1065 4808 Id
1089 4745 1167 4811 enim
1190 4754 1222 4811 et
1243 4746 1464 4815 Ptolemaeo
1487 4757 1520 4825 et
