3354 5504
197 259 239 331 62
498 300 502 306 ‚
613 267 712 320 Literna
731 267 832 334 Kepleri
851 266 1000 335 aliorumque
1018 272 1119 319 mutatas

195 445 298 508 primum
316 445 406 509 incipio
425 460 525 495 manum
544 447 673 495 admovere
693 453 789 500 aratro,
814 452 898 510 utpote
916 448 956 510 qui
974 446 1095 496 hactenus
1118 445 1174 494 solis
1193 445 1401 495 observationibus
1419 452 1445 495 et
1463 446 1536 497 iabri-
1558 468 1561 477 ·

192 513 279 565 caudis
292 515 409 567 Uranicis
425 518 593 575 instnnmentis
611 533 711 581 operam
722 518 837 567 dederim.
864 517 941 581 Cupio
959 533 1025 568 nnnc
1044 519 1134 572 abate.
1154 518 1186 565 mi
1205 516 1537 588 excellentissimeuKsplere,

193 588 218 636 in
237 587 491 652 quibusdam'dooeri.
517 588 555 639 Tu
573 589 631 638 mihi
649 589 682 638 Ι).
696 589 820 652 Tycbonis
839 588 892 638 loco
910 592 936 638 in
954 595 1077 653 posterum
1096 603 1187 653 quaeso
1200 589 1241 645 sis,
1261 594 1286 637 et
1299 587 1442 652 Cynosurae
1460 590 1539 647 instar

191 658 250 708 milri
267 660 293 707 in
305 665 375 708 vasto
393 659 439 709 bos
452 662 669 709 astronomicorum
689 662 858 710 exercitiorum
870 662 931 711 mari
950 661 1083 711 constituto
1102 667 1128 710 et
1140 654 1265 708 dubiorum
1283 659 1395 722 procellis
1413 658 1537 712 interdum

81 785 86 794 Ι
192 731 291 794 egregie
309 736 397 781 vexato
416 738 443 780 et
459 746 476 783 a
493 733 543 781 veri
560 733 655 782 mineris
673 734 771 781 mamito
791 733 895 794 dejecto,
914 733 1067 797 praelucens.
1093 731 1207 792 Quantus
1226 746 1313 795 nempe
1332 732 1373 792 sis,
1393 747 1442 780 non
1461 731 1538 783 solutu

191 800 338 864 Prodromus
356 809 412 851 tuus
431 803 552 861 ostendit,
571 803 615 852 sed
634 804 708 855 edam
727 803 759 852 D.
780 802 812 852 D.
832 804 978 853 Franciscus
997 810 1023 852 et
1039 800 1166 852 lohannes
1190 803 1249 853 mibi
1274 803 1357 853 crebre
1380 809 1537 867 aperuerunt.

127 911 140 939 .,
280 870 334 932 Quo
353 874 474 938 usquein
492 880 602 945 motuum
620 875 769 925 correctione
792 890 933 939 progressus
952 877 985 924 eis
1004 880 1029 924 et
1047 886 1120 938 qnam
1138 873 1257 931 feliciter,
1275 876 1338 923 scire
1357 875 1435 937 cupio.
1473 874 1538 925 Vnde

191 949 275 994 amon
293 958 325 993 ne
336 942 406 994 Mars
422 946 468 994 tibi
485 947 519 995 sit
531 944 613 1002 Moru
632 947 707 995 nimio
720 946 785 995 euim
803 946 883 995 studio
901 961 976 1009 saepe
995 946 1116 995 nobismet
1128 946 1186 1008 ipsis
1198 947 1300 1003 mortem
1319 945 1488 995 conciliamus.
1503 969 1538 978 —

191 1016 238 1064 Ars
251 1040 284 1051 -
297 1014 365 1064 Mars
379 1043 411 1053 -
424 1015 499 1066 Mors.
515 1041 546 1051 —
560 1019 607 1066 Ars
625 1020 778 1081 persequitur
790 1017 905 1077 Martem,
919 1017 987 1068 Mars
1000 1032 1056 1066 vero
1068 1016 1174 1066 Mortem
1188 1030 1291 1067 causare
1310 1017 1373 1066 solet
1390 1032 1493 1067 rursum.
1504 1042 1539 1052 -

192 1085 284 1137 Ultimo
303 1098 409 1150 quaero,
428 1102 463 1139 an
481 1088 649 1153 deprehendes
668 1086 755 1139 Martis
780 1095 874 1138 motum
900 1090 979 1153 magis
998 1088 1095 1151 aphelio
1113 1102 1187 1151 quam
1206 1102 1317 1153 apogaeo
1335 1087 1482 1150 respondere
1501 1082 1539 1145 vel

193 1155 253 1206 cui?
291 1157 512 1227 Extemporaneum
531 1160 612 1210 stilum
636 1174 738 1225 eumque
763 1161 880 1210 nmticum
899 1167 925 1211 et
946 1160 1082 1224 impolitum
1104 1159 1161 1208 boni
1184 1158 1292 1209 consule.
1330 1158 1368 1208 De
1394 1159 1473 1209 verbis
1491 1173 1539 1225 ego

70 1256 101 1282 .·
143 1261 144 1264 =
195 1227 313 1279 sollicitus
331 1243 465 1294 nunquam,
484 1245 539 1280 amo
558 1241 604 1281 res:
626 1261 658 1270 -

279 1308 372 1358 Eodem
390 1324 438 1374 qno
455 1311 519 1361 haee
536 1313 634 1375 scripsit
647 1313 772 1362 Fabricius
791 1311 830 1361 die
843 1311 905 1360 alies
925 1311 1019 1360 eddidit
1035 1311 1128 1367 literas,
1148 1309 1195 1360 bac
1208 1311 1537 1373 praemissaexcusatione:

191 1378 270 1440 Quid,
288 1394 394 1443 quaeso,
410 1381 454 1432 ,de
472 1389 546 1433 tanta
566 1384 691 1433 literarum
709 1384 772 1433 mole
791 1383 869 1447 deque
887 1390 924 1430 tot
942 1382 1125 1445 quaestionibus
1149 1389 1174 1431 et
1196 1383 1325 1445 propositis
1353 1382 1431 1431 dubiis
1450 1380 1537 1432 dices?

192 1449 264 1501 Certe
283 1452 303 1499 si
324 1451 354 1501 de
373 1459 417 1502 tua
435 1453 590 1505 humanitate
609 1455 759 1512 dubitarem,
782 1461 807 1504 te
826 1456 856 1504 iis
874 1453 993 1502 oileusum
1011 1455 1039 1502 iri
1058 1454 1230 1519 existimarem.
1268 1453 1375 1502 Tantum
1393 1468 1450 1502 vero
1469 1468 1537 1505 nuuc

191 1522 272 1578 abest,
290 1529 319 1572 ut
335 1522 506 1575 haecubam
529 1527 674 1576 familiarem
693 1526 904 1590 compellationem
923 1531 948 1575 ts
967 1525 1031 1574 male
1054 1524 1193 1573 habiturum
1218 1531 1315 1587 putem,
1343 1531 1372 1572 ut
1390 1524 1475 1573 honori
1495 1534 1537 1575 tuo

195 1607 321 1649 comarum
339 1601 365 1643 et
382 1597 488 1646 maxime
507 1598 613 1656 credam,
632 1599 713 1663 utqui
731 1597 881 1662 singularem
899 1596 930 1645 de
946 1611 1043 1647 summa
1060 1596 1153 1659 ingenii
1165 1597 1199 1644 tui
1214 1595 1313 1644 Uranici
1332 1592 1383 1655 (cui
1396 1595 1456 1644 nihil
1474 1610 1536 1647 sane

195 1660 277 1725 deest)
296 1664 413 1717 felicitate
433 1674 459 1717 et
476 1668 577 1719 solertia
595 1671 733 1733 opinionem
752 1668 842 1718 dudum
861 1668 1006 1731 acceperim.
1044 1668 1136 1730 decipe
1154 1667 1228 1731 igitur
1246 1681 1332 1716 sereno
1352 1667 1450 1724 animo,
1471 1681 1536 1732 quae

119 1763 122 1770 ·
190 1749 255 1784 nunc
274 1739 347 1785 tertio
366 1738 391 1786 in
409 1746 517 1788 mentem
535 1741 614 1792 subito
634 1748 761 1790 venerunt.
822 1778 824 1781 -

279 1815 414 1880 Postquam
433 1819 572 1882 perplexum
590 1828 616 1871 et
633 1821 779 1871 laboriosum
801 1821 861 1870 illud
878 1820 1077 1883 inquirendarum
1096 1819 1307 1868 ecoentricitatum
1326 1833 1385 1880 opus
1406 1832 1537 1883 aggressus

194 1902 256 1945 sum,
275 1895 389 1950 expertus
407 1904 468 1945 sum.
488 1907 540 1941 rem
557 1893 633 1942 multo
653 1893 724 1943 aliter
742 1908 769 1943 se
786 1893 877 1942 babere
895 1906 969 1955 quam
986 1891 1108 1941 hactenus
1127 1889 1278 1940 crediderim.
1306 1888 1358 1953 Ego
1378 1904 1407 1938 ex
1427 1891 1539 1941 omnibus

191 1958 346 2021 acronyebiis
364 1975 440 2010 unum
458 1968 483 2012 et
502 1963 606 2013 eandem
634 1965 844 2015 eccentrieitatem
870 1963 1020 2026 prodituram
1043 1962 1101 2012 mibi
1128 1975 1305 2026 persuaseram.
1344 1959 1393 2011 Sed
1411 1960 1454 2009 Dii
1472 1961 1539 2023 bpni,

191 2043 255 2094 qnae
274 2031 396 2088 sanetas,
425 2047 489 2097 quae
515 2035 695 2099 inaequalitas!
727 2037 763 2085 Ex
782 2034 934 2098 acronycbiis
961 2049 1035 2098 prope
1063 2047 1200 2098 apogaeum
1227 2033 1339 2096 utrinqne
1366 2031 1440 2098 longe
1459 2035 1538 2095 maior

97 2164 99 2171 ,
193 2102 365 2152 eccentricitas
384 2103 457 2153 datur
473 2119 547 2170 quam
565 2108 590 2155 in
608 2108 724 2171 oppositis
742 2107 820 2164 locis,
838 2105 895 2157 inde
915 2111 1027 2162 constat,
1047 2105 1120 2154 aliam
1139 2104 1263 2167 quandam
1281 2101 1487 2166 inaequalitatem
1506 2103 1537 2154 eb

193 2172 381 2225 ecoentricitate
399 2172 478 2225 Solari
492 2191 551 2229 ,sese
568 2179 693 2228 insinuare
715 2177 972 2243 prostbaphaeresibns
994 2175 1154 2239 acronycbiis.
1193 2175 1275 2236 Quare
1294 2189 1360 2224 nunc
1378 2173 1423 2224 has
1442 2189 1538 2241 quoque

192 2245 359 2307 quaestiones.
377 2260 441 2309 quae
460 2249 613 2310 postmodum
631 2250 778 2306 inciderunt,
797 2249 841 2298 tibi
859 2247 1025 2299 discutiendas
1044 2261 1158 2311 propono.

283 2311 309 2375 i)
329 2312 390 2364 cnm
403 2319 548 2383 ex·singnlis
561 2321 713 2384 acronycbiis
726 2321 856 2386 singularis
868 2320 991 2385 quaedam
1005 2319 1175 2369 eccentrioitas
1188 2315 1298 2380 prodeat,
1319 2317 1385 2366 circa
1398 2330 1537 2382 apogaeum

91 2441 94 2447 ,
162 2450 165 2454 ⁴
193 2386 280 2447 major,
300 2388 366 2436 circa
382 2389 526 2453 perigaeum
544 2390 631 2441 Martis
649 2394 742 2455 minor,
765 2394 890 2457 quaeritur
906 2405 984 2447 nunc,
1005 2405 1069 2454 quae
1087 2388 1184 2438 illarum
1201 2388 1309 2437 emnium
1328 2388 1360 2436 sit
1379 2385 1494 2453 eligenda
1512 2396 1538 2439 et

190 2457 263 2518 Juxta
280 2471 354 2522 quam
371 2461 494 2523 proportio
513 2462 664 2513 circellorum
677 2466 709 2512 sit
721 2456 916 2514 constituenda?
936 2462 1002 2512 Sane
1020 2476 1067 2512 nec
1083 2460 1185 2510 minima
1202 2473 1248 2509 nee
1261 2459 1370 2508 maxima
1387 2474 1435 2510 nec
1454 2460 1537 2510 media

194 2529 366 2578 eccentricitas
384 2533 495 2581 omnibus
514 2535 668 2597 acronyobiis
687 2535 830 2584 satisfacere
848 2541 937 2598 potest.
1100 2578 1109 2601 x
1172 2571 1173 2579 ,

280 2596 479 2663 ²)Q11w1l11h
507 2619 563 2654 cum
581 2606 665 2668 Tyobo
692 2600 1053 2656 c'ccentricitetem201601n
1072 2602 1154 2653 Marte
1182 2601 1323 2664 acceperit,
1352 2615 1398 2665 quo
1420 2604 1476 2664 jure
1493 2608 1539 2654 ant

190 2670 276 2735 quibus
294 2672 429 2722 rationibus
447 2668 583 2726 id³iaotum
602 2679 642 2735 sit,
662 2693 715 2727 cum
734 2692 781 2727 nec
799 2691 895 2726 summa
913 2691 959 2726 nec
978 2675 1076 2731 infima,
1094 2673 1139 2723 sed
1156 2671 1239 2722 media
1257 2673 1428 2722 eccentricitas
1447 2679 1473 2723 et
1491 2688 1538 2724 nec

194 2741 230 2792 sic
249 2739 289 2803 (ut
307 2742 405 2808 reliquis
423 2745 540 2810 quinque)
567 2749 718 2813 acronychiis
744 2747 1003 2814 prosthaphaeresibus
1028 2746 1138 2796 omnibns
1158 2758 1187 2793 ex
1205 2749 1256 2792 toto
1281 2743 1436 2806 respondeat
1473 2744 1538 2796 Fieri

193 2813 268 2897 igitur
285 2828 334 2864 non
352 2830 423 2879 posse
442 2824 517 2880 puto,
543 2827 571 2870 ut
587 2823 708 2884 proportio
733 2821 883 2870 circellorum
906 2823 979 2882 juxta
996 2817 1061 2867 banc
1085 2814 1296 2867 eccentricitatbm
1315 2821 1450 2864 msumtam
1469 2817 1539 2867 iacta

193 2885 314 2950 ακριρως
337 2886 595 2953 prosthapbaeresibus
622 2893 732 2942 omnibus
759 2880 912 2955 ao'ronycbiis
930 2889 1078 2954 respondeat
1094 2888 1133 2937 vel
1145 2886 1291 2950 respondere
1309 2887 1394 2949 possit,
1414 2901 1461 2937 neo
1473 2870 1538 2939 ¹reri

194 2971 291 3023 quoque
310 2957 429 3008 distantia
446 2956 535 3010 Martis
553 2976 570 3012 a
588 2962 644 3013 Sole
662 2965 752 3028 poterit
770 2963 831 3013 dari.
856 2962 951 3013 Eadem
969 2975 1063 3025 qnoque
1082 2960 1144 3009 ratio
1161 2957 1229 3007 haud
1247 2956 1320 3006 dubio
1340 2958 1386 3007 erit
1403 2959 1429 3007 in
1448 2972 1536 3009 eccen-

193 3027 341 3092 tricitatibqs
354 3043 384 3077 ex
397 3032 459 3091 rens
472 3036 663 3097 oppositionibus
676 3033 739 3084 Solis
752 3043 778 3084 et
790 3033 877 3085 Martis
895 3033 1016 3098 inquisitis
1033 3038 1146 3096 respectu
1162 3028 1260 3093 aphelii.
1288 3027 1354 3089 Quid
1366 3028 1405 3078 hio
1418 3028 1536 3080 iaciemus

191 3101 217 3149 in
236 3104 310 3148 tanta
327 3100 466 3165 varietate?
486 3102 557 3164 Quae
575 3107 746 3156 eccentricitas
765 3107 810 3154 erit
824 3105 977 3161 authentica,
994 3106 1066 3165 Juxta
1077 3111 1150 3166 quam
1164 3101 1210 3150 erit
1227 3101 1347 3164 proportio
1366 3100 1536 3152 instituenda?

192 3171 306 3235 Inprimis
324 3171 410 3231 miror,
429 3175 471 3238 qui
494 3179 665 3228 eooentricitas
688 3178 775 3226 blattis
793 3190 810 3226 a
827 3177 943 3239 Tyebone
963 3181 1073 3224 assumta
1096 3180 1150 3223 tam
1167 3172 1264 3222 ventae
1283 3171 1404 3238 proximas
1422 3173 1539 3236 prosena:

191 3243 323 3307 phaereses
351 3245 512 3307 aoronyobias
539 3250 655 3313 praebere
682 3250 775 3313 possit,
808 3263 864 3297 cnm
895 3263 944 3297 non
968 3260 1027 3296 vera
1051 3246 1084 3295 sit
1120 3243 1298 3296 ecoentricitas.
1345 3242 1443 3304 Quaeso
1471 3245 1535 3309 bano

194 3314 365 3377 quaestionem
382 3316 441 3365 mibi
460 3317 545 3368 dextre
562 3319 675 3382 explices.
712 3320 751 3369 Tu
768 3320 856 3369 Thesei
873 3319 927 3369 loco
946 3318 1004 3367 mihi
1018 3319 1059 3377 sis,
1075 3316 1142 3368 rtalias
1160 3330 1209 3365 non
1227 3314 1300 3364 iacile
1318 3328 1357 3364 me
1375 3317 1534 3367 extricavero.

101 3403 104 3410 ·
190 3384 408 3436 Restaurationem
425 3389 548 3454 integram
565 3391 609 3440 tibi
627 3390 735 3449 reserio,
760 3407 815 3442 cum
833 3392 881 3440 mei
906 3390 1000 3440 humeri
1017 3389 1079 3439 ferre
1097 3403 1147 3438 non
1166 3392 1282 3451 possunt,
1308 3400 1355 3435 nec
1374 3387 1417 3437 otii
1435 3403 1483 3440 nec
1501 3389 1535 3440 rei

122 3512 126 3519 ,
191 3455 317 3506 antiano
336 3459 398 3506 ratio
416 3461 542 3526 permittit.
1372 3513 1375 3517 ,

279 3523 308 3588 3)
327 3527 467 3591 Quaeritur,
492 3546 524 3581 an
542 3539 622 3582 motus
641 3547 806 3599 apogaeorum
832 3535 904 3583 trium
931 3533 1081 3598 superiorum
1105 3535 1175 3579 certa
1202 3529 1296 3578 ratione
1314 3528 1352 3578 vel
1369 3536 1484 3594 respectu
1503 3531 1534 3582 ad

189 3604 283 3650 motum
301 3597 364 3650 Solis
381 3601 452 3658 liant.
469 3603 508 3654 vel
525 3611 638 3669 respectu
654 3612 734 3656 motus
752 3605 868 3669 periodici
887 3605 1002 3669 cujusque
1020 3603 1058 3652 rel
1075 3597 1217 3666 quomodo?
1351 3609 1354 3615 ·

278 3666 307 3730 4)
327 3671 466 3732 Quaesitor,
493 3676 620 3740 quomodo,
639 3675 700 3727 data
724 3676 977 3740 distentiaplanstae
995 3673 1105 3725 ascellis
1133 3673 1233 3736 eiusque
1260 3670 1398 3734 altitudine,
1417 3673 1532 3725 restantio

191 3743 301 3804 separari
319 3743 409 3794 debeat
427 3747 640 3799 commodissime?

278 3810 307 3874 5)
327 3813 467 3874 Quaeritur,
486 3832 519 3868 an
537 3821 600 3869 ratio
624 3815 751 3885 redigendi
775 3818 984 3870 eecentrioitntem
1008 3821 1086 3866 totam
1104 3815 1130 3865 in
1149 3814 1209 3864 duos
1228 3814 1337 3865 circellos
1355 3815 1388 3863 sit
1405 3813 1497 3873 melior.
1509 3822 1533 3866 et

189 3883 269 3933 verior
286 3899 359 3951 quam
371 3885 423 3950 illa,
440 3886 548 3953 quaein
559 3891 626 3940 linea
643 3891 748 3955 apogaei
767 3904 796 3938 ex
809 3889 884 3955 dupla
896 3888 1080 3940 eccentricitate
1099 3887 1229 3950 aequantia
1248 3892 1274 3936 et
1286 3886 1417 3937 ecoentrici
1433 3887 1533 3954 inquirit

191 3952 420 4019 prostbapbaeresin
437 3963 522 4024 puncti
539 3960 614 4012 dati?
634 3990 667 4001 -
1210 3989 1213 3993 <

271 4027 334 4079 lan
351 4034 517 4096 transgressus
535 4034 567 4084 ed
586 4033 733 4097 astrologica
751 4032 858 4097 aliaque,
877 4033 911 4082 sic
931 4029 1055 4080 concludit
1072 4029 1215 4079 Fabricius:

215 4162 218 4169 ἢ
275 4098 462 4164 Multamulta
483 4112 555 4162 sunt,
584 4105 614 4155 de
637 4105 723 4169 quibus
749 4110 830 4153 tecum
848 4105 874 4152 in
893 4110 1016 4166 posterum
1043 4101 1176 4153 discurrere
1201 4098 1272 4158 volo,
1297 4113 1362 4157 nune
1380 4098 1531 4164 pluribuste

188 4183 290 4221 onerare
309 4170 374 4230 nolo,
393 4187 424 4222 ue
442 4176 543 4226 nimium
560 4178 713 4240 importunus
730 4176 783 4223 sim.
820 4174 950 4231 Rescribe,
969 4173 990 4222 si
1009 4171 1127 4222 Uraniam
1148 4177 1284 4237 promotam
1301 4172 1345 4232 xis,
1365 4171 1385 4220 si
1405 4170 1530 4238 Calliopen

188 4243 241 4303 eins
259 4236 365 4304 soro'rem
384 4258 469 4315 amas,
494 4248 573 4297 dms
592 4234 687 4313 quicque
704 4255 732 4296 nt
750 4261 819 4310 spero
845 4247 924 4310 diligis
943 4250 1035 4293 mutuo.
1073 4243 1125 4310 Ego
1144 4248 1289 4307 exspectaus
1308 4243 1456 4315 exspectabo
1475 4251 1530 4295 tuas

154 4325 156 4329 ’
188 4311 281 4363 literas.
320 4313 384 4364 Vale
403 4313 449 4366 dte.
485 4317 595 4382 Raptim,
612 4325 641 4368 ut
658 4321 684 4368 in
702 4326 811 4368 mentem
828 4322 954 4366 venerunt

278 4383 327 4434 Cur
344 4386 369 4434 in
388 4386 488 4438 Tabulis
507 4389 643 4454 Lansbergi
662 4387 677 4438 3
697 4389 803 4453 cyphrne
821 4403 917 4452 semper
934 4391 1054 4438 commate
1073 4383 1275 4453 distinguuntur?

177 4466 181 4475 ’
274 4455 320 4506 His
339 4463 423 4508 autem
441 4461 566 4511 Fabricius
585 4476 634 4510 non
653 4468 783 4510 contentus
801 4459 983 4524 quaestionibus
1003 4457 1065 4506 elias
1083 4458 1149 4508 baud
1167 4471 1261 4523 pancas
1288 4455 1431 4521 superaddit
1458 4470 1529 4522 sepa·

187 4527 249 4577 ratis
262 4530 423 4594 ¹conscriptas
437 4531 544 4589 scidulis,
563 4546 625 4595 quas
645 4533 783 4595 inscripsit:
805 4530 984 4590 ,Quaestiones
1001 4531 1085 4578 vanae
1101 4545 1155 4579 cnm
1181 4529 1361 4578 astronomicae
1379 4533 1432 4577 tum
1451 4534 1529 4580 astro·

186 4598 291 4663 logicae.
310 4614 412 4663 quarum
430 4602 528 4654 brevem
555 4603 726 4653 resolutionem
754 4602 921 4653 desideranter
946 4600 1014 4651 all·
1032 4601 1139 4665 Keplero
1167 4601 1260 4665 expetit
1277 4598 1386 4649 Derides
1404 4599 1529 4651 Fabricius

30 4680 35 4690 ·
186 4659 378 4738 dorpopclm'f

189 4784 213 4799 ..
277 4742 326 4795 Dis
337 4740 414 4807 illl.
433 4745 540 4810 Augusti
559 4745 653 4810 gratias
670 4746 790 4797 maximas
809 4757 886 4810 agens
904 4758 947 4806 pro
965 4745 1122 4807 responsione
1134 4743 1236 4807 Kepleri
1255 4739 1355 4803 (desunt
1365 4741 1414 4794 bae
1427 4742 1528 4807 Kepleri

186 4813 282 4875 literae,
301 4817 376 4868 datae
393 4815 418 4866 d.
440 4813 480 4865 18.
499 4813 562 4877 Jul.)
587 4831 690 4885 eumque
716 4816 829 4871 laudibus
856 4815 992 4870 cumulans,
1015 4814 1079 4866 baec
1104 4815 1222 4879 prioribus
1247 4815 1316 4865 addit
1333 4813 1377 4871 F.;
1398 4813 1480 4894 ¹Quod
1498 4829 1528 4867 ex
