3354 5504
650 298 712 354 em
729 298 820 353 Purus.
863 299 944 369 Caput
961 299 1006 354 VI.

155 2884 357 2969 pertineam
380 2883 447 2947 VC.
494 2887 543 2949 Aa
565 2889 624 2950 etsi
644 2887 730 2950 nisus
751 2888 786 2948 in
809 2883 834 2947 (3
860 2885 964 2947 Terra
987 2893 1041 2958 est,
1060 2885 1196 2967 perinde
1218 2893 1323 2949 tannen
1347 2895 1401 2960 est,
1426 2887 1509 2949 acsi

158 2982 237 3037 esset
260 2973 295 3035 in
318 2973 348 3033 V
367 2982 501 3057 puncto,
533 2978 617 3039 nnete
646 2976 798 3059 dependet
824 2975 933 3056 panna
961 2973 1180 3054 inaequalitas.
1230 2975 1388 3058 Captatur
1409 2977 1509 3058 ipitnr

158 3065 376 3127 immorante
398 3061 485 3126 lorus
504 3065 652 3145 planetae
673 3067 729 3127 snt
744 3064 835 3148 fiais,
858 3066 978 3146 quoties
1000 3064 1035 3124 in
1057 3062 1160 3125 lineae
1183 3061 1240 3125 CV
1260 3072 1374 3145 peracto
1398 3064 1506 3145 aliquo

159 3155 326 3236 caepione
343 3152 374 3212 V
396 3151 484 3216 nltra
501 3154 524 3216 C
542 3156 647 3236 faerit
668 3155 754 3217 nsua
779 3153 860 3234 (esta
884 3154 918 3214 in
939 3151 1034 3214 lineis
1058 3149 1124 3225 CV,
1150 3150 1206 3214 OG
1230 3161 1260 3214 et
1281 3147 1448 3236 oppositis)
1473 3161 1509 3218 ns

159 3244 258 3320 presit
282 3249 422 3305 cerrtruns
444 3245 622 3325 systematis
639 3243 817 3327 planetarii
838 3243 873 3304 in
888 3239 1005 3304 cisonio
1022 3241 1087 3315 VP,
1114 3239 1172 3304 sa
1192 3243 1227 3304 in
1242 3242 1264 3304 S
1289 3251 1319 3306 et
1333 3241 1372 3318 G,
1396 3263 1509 3326 empna

156 3332 307 3415 planetae
331 3352 347 3391 e
369 3333 495 3412 cepione
517 3336 553 3395 in
576 3331 614 3403 0,
635 3334 658 3393 F
666 3352 674 3406 ;
699 3333 755 3395 etsi
781 3333 808 3393 in
832 3331 951 3393 theoria
964 3330 1074 3391 Martis
1098 3331 1281 3392 ecceutricus
1304 3333 1444 3411 planetae
1468 3333 1508 3393 ad

162 3419 362 3481 eccentricum
388 3418 520 3483 Solis·iu
546 3422 649 3482 minori
673 3421 863 3501 proportione
888 3428 949 3494 est,
979 3420 1054 3480 adeo
1079 3428 1111 3480 ut
1135 3422 1318 3482 ecceutricus
1342 3421 1452 3484 Martis
1477 3429 1508 3482 et

161 3517 276 3590 puncta
298 3506 341 3581 0,
370 3510 407 3601 F·
430 3510 503 3571 fiant
530 3511 586 3590 ipsi
612 3509 636 3573 C
661 3513 771 3572 Terrae
804 3510 941 3589 propiora
966 3528 1053 3589 quam
1078 3508 1100 3569 S
1124 3507 1197 3570 Sol:
1229 3529 1305 3590 quae
1339 3530 1398 3572 uua
1430 3510 1509 3572 inter

161 3618 269 3661 causas
295 3597 360 3672 fuit,
395 3617 447 3660 cur
469 3601 607 3662 Braheus'
629 3600 743 3663 orbium
773 3599 957 3660 soliditatem
991 3604 1126 3677 negaret.
1173 3599 1220 3659 Ex
1249 3599 1385 3678 pluribus
1418 3599 1509 3680 igitur

161 3689 233 3750 locis
259 3687 426 3767 hujusmodi
451 3699 482 3750 et
505 3691 622 3752 omniuo
647 3710 683 3751 ex
707 3689 852 3761 totidem,
884 3695 956 3768 quot
984 3687 1086 3748 haberi
1115 3694 1257 3766 potuere,
1282 3689 1382 3771 Tycha
1406 3689 1506 3752 Brahe

160 3780 268 3839 solitus
293 3784 341 3837 eet
363 3777 545 3857 investigare
575 3778 800 3860 inaequalitatis
827 3777 939 3857 primae
969 3776 1161 3858 hypothesin,
1195 3776 1330 3857 seposita
1363 3778 1507 3858 amplitu-

162 3869 230 3929 dine
255 3865 336 3926 orbis
352 3866 419 3941 VP,
444 3887 536 3949 eaque
560 3887 614 3948 pro
638 3869 723 3930 unico
742 3875 851 3948 puncto
877 3865 1047 3939 aestimata,
1072 3865 1157 3946 quasi
1174 3866 1229 3927 VP
1248 3875 1380 3929 centrum
1405 3876 1504 3950 syste-

162 3956 252 4017 matis
270 3955 441 4033 planetarii,
462 3977 512 4018 seu
528 3966 669 4037 punctum
687 3958 845 4030 affixionis‚
867 3954 1167 4034 interimquievisset.
1192 3958 1241 4018 Ita
1255 3959 1507 4035 comparationem

113 4040 116 4049 ’
160 4044 295 4107 instituit
322 4044 466 4124 temporis
495 4047 651 4127 interlapsi
677 4057 707 4109 et
731 4047 919 4125 angulorum,
950 4063 1022 4123 qrros
1046 4041 1105 4103 VO
1130 4051 1161 4104 et
1184 4040 1240 4106 PF·
1258 4066 1293 4106 ex
1318 4066 1374 4107 uno
1399 4054 1508 4126 puncto

160 4136 289 4195 eductae
307 4133 565 4205 (coincidentibus
589 4137 628 4212 V,
654 4138 702 4210 P),
729 4137 967 4204 conformarent,
1003 4132 1050 4213 qui
1081 4132 1199 4212 quidem
1228 4143 1297 4196 suut
1326 4136 1415 4196 iidem
1440 4154 1507 4196 cum

162 4223 280 4304 angulis
305 4220 388 4293 OCF
411 4225 458 4285 vel
482 4223 576 4287 VCP.
1384 4247 1389 4258 ·
1415 4236 1419 4242 '

248 4312 326 4373 Esto
346 4313 410 4391 jam
434 4315 574 4375 conlecta
597 4313 766 4394 pragmatica
789 4321 820 4374 et
843 4312 970 4391 prodeat
992 4310 1072 4372 linea
1093 4310 1228 4389 apsidum
1250 4312 1410 4374 eceentrici
1426 4310 1508 4374 VLD

161 4403 210 4464 rel
234 4401 332 4470 PLD,
364 4402 556 4483 Dpunctum
589 4403 793 4482 aequaturium
822 4402 901 4463 etL
931 4408 1065 4461 centrum
1096 4401 1255 4462 ecccntrici
1283 4402 1311 4462 iu
1338 4402 1394 4462 hac
1418 4402 1508 4479 linea,

161 4500 191 4553 et
226 4491 413 4553 eccentricus
437 4491 499 4553 ΗΟ
533 4502 564 4553 et
587 4494 660 4566 FH,
686 4499 716 4552 et
740 4492 922 4570 respondeat
954 4490 1028 4550 haec
1061 4489 1235 4572 hypothesis
1268 4491 1402 4551 omnibus
1433 4491 1507 4553 locis

160 4582 304 4660 planetae
339 4580 508 4643 observatis
551 4583 605 4643 sub
644 4581 787 4644 articulos
820 4579 1017 4660 oppositionis
1050 4580 1190 4658 planctae
1229 4598 1293 4640 oum
1329 4578 1410 4642 Solis
1442 4581 1508 4643 loco

160 4670 266 4732 medio.
955 4682 960 4697 “

251 4758 344 4820 Mitto
368 4760 397 4821 in
422 4777 568 4838 praeseus
592 4760 764 4839 diligentius
785 4766 933 4832 excutere,
959 4767 1057 4821 utrum
1071 4756 1145 4818 haec
1160 4757 1335 4837 hypothesis
1354 4757 1382 4817 in
1399 4776 1508 4836 genere

162 4848 296 4931 physicis
324 4847 479 4929 principiis
507 4848 548 4911 sit
572 4858 790 4923 consentanea,
814 4847 843 4910 iu
868 4866 927 4931 qua
950 4846 1003 4911 Sol
1027 4849 1151 4909 Terram
1174 4846 1310 4910 circumit
1333 4856 1430 4910 mente
1454 4842 1520 4919 sua'
