3354 5504
187 257 252 332 416
569 236 578 259 ³
662 272 702 324 De
720 271 827 324 Motibus
845 270 937 325 Stellae
954 269 1044 324 Marto

189 450 280 511 etiam
303 448 469 510 latitudinis
494 449 570 510 ratio
593 450 680 529 plane
704 449 848 511 consimili
869 450 1073 533 mecolatioue
1090 447 1258 529 expeditur:
1283 445 1310 508 si
1325 463 1433 523 nempe
1450 462 1522 522 sup-

189 547 315 620 ponatur
338 539 436 619 aliqua
460 538 604 600 diameter
627 538 793 601 latitudiuis
816 539 844 599 in
869 557 989 617 corpore
1014 558 1066 598 seu
1090 539 1178 617 globo
1202 535 1320 605 Martis,
1350 552 1427 613 quae
1451 551 1523 614 por-

188 630 303 708 rigatur
325 627 353 687 iu
380 629 472 688 locum
497 627 619 688 limitum
644 629 697 688 sub
721 628 797 702 fixis,
822 636 852 686 et
875 627 902 688 in
928 629 982 688 hoc
1006 628 1064 688 situ
1088 635 1209 689 maneat
1231 625 1287 687 sibi
1311 624 1369 704 ipsi
1388 621 1524 701 paralle-

188 718 233 785 los
257 736 446 797 peromnem
470 717 621 779 ambitum.
667 717 763 796 Hujus
787 717 907 777 virtutis
931 718 968 777 ad
992 718 1074 778 illam
1098 716 1250 796 proportio
1274 715 1350 777 baec
1366 719 1423 785 est,
1448 729 1523 790 quae

189 819 236 867 est
267 808 295 867 iu
324 806 510 884 magnetibus
544 807 654 869 nostris
679 806 851 867 directionis
875 807 912 866 ad
940 807 1038 885 polum
1063 807 1101 867 ad
1124 807 1183 867 vim
1207 804 1275 866 ferri
1305 800 1522 864 attractricem.

189 896 247 957 illa
271 895 376 974 qnippe
400 894 500 957 Solem
525 898 640 976 appetit
664 896 710 956 vel
734 895 826 974 fugit:
852 895 925 957 haec
949 896 1072 958 lixarum
1097 896 1147 957 illa
1170 895 1244 967 loca,
1270 893 1324 956 sub
1348 890 1456 973 quibus
1482 888 1523 950 li-

188 985 274 1046 mites
298 983 485 1044 latitudinum
508 986 715 1059 conficiuntur,
741 1004 798 1044 non
823 984 938 1064 appetit
962 985 1168 1063 adnavigaudo
1191 984 1238 1044 vel
1262 982 1340 1062 fugit
1363 978 1523 1060 (quemad-

135 1133 139 1146 ,
189 1074 306 1134 modum
330 1092 383 1133 nec
407 1090 528 1151 magnes
553 1076 590 1136 ad
614 1074 673 1155 poli
697 1074 847 1151 regionem
871 1074 1006 1146 adnatat,
1031 1074 1086 1135 etsi
1111 1074 1185 1135 liber
1209 1073 1311 1144 natat)
1335 1069 1524 1145 sedtautum

189 1182 292 1223 versus
316 1162 377 1235 illa,
402 1170 434 1223 ut
458 1180 581 1240 magnes
604 1182 708 1224 versus
732 1163 842 1244 polum,
867 1162 1012 1242 dirigitur.
1051 1165 1137 1225 Hauc
1160 1181 1231 1224 vero
1255 1161 1450 1223 directionem
1474 1176 1524 1217 se·

189 1252 286 1332 quitur
309 1269 451 1311 excursus
473 1253 611 1332 planetae
636 1273 651 1312 e
674 1253 764 1332 plano
788 1251 943 1332 eclipticas
967 1253 1003 1312 ad
1029 1252 1108 1314 latus
1131 1262 1296 1332 utrumque,
1319 1268 1426 1310 versus
1445 1248 1525 1328 quod

189 1340 254 1401 axis
279 1340 325 1400 hic
348 1339 560 1412 inclinationis,
584 1351 669 1420 parte
693 1352 768 1421 quae
791 1340 818 1401 iu
843 1349 925 1402 motu
949 1341 1080 1421 corporis
1102 1343 1265 1422 praecedit,
1290 1340 1439 1419 dirigitur.
1477 1335 1524 1405 Sit

78 1504 80 1511 ἱ
190 1428 301 1492 CBAl)
325 1429 476 1509 ecliptica,
506 1432 551 1507 A,
581 1429 713 1504 C'uodi,
737 1430 831 1504 B‚D
864 1431 983 1491 limites.
1028 1431 1106 1491 Axis
1129 1430 1321 1493 latitudinum
1345 1431 1374 1493 iu
1401 1447 1521 1510 corpore

502 1522 641 1602 planetae
667 1518 764 1593 GNH,
789 1519 879 1593 ΕΑΓ,
903 1518 1003 1591 LOM,
1024 1518 1105 1582 ICK.
1154 1519 1228 1584 Cum
1252 1523 1345 1601 igitur
1367 1534 1523 1598 ponamus,

505 1613 581 1672 hunc
612 1629 698 1672 axem
731 1608 788 1669 sibi
818 1609 875 1688 ipsi
908 1609 1108 1688 aequidistans
1140 1629 1194 1689 per
1224 1630 1341 1673 omnem
1371 1609 1523 1683 ambitum,

505 1700 557 1762 fiet
584 1700 689 1778 igitur,
723 1706 756 1759 ut
787 1716 908 1778 corpore
939 1719 958 1758 a
980 1699 1056 1759 nodo
1089 1699 1268 1763 ascendente
1293 1699 1318 1763 (l
1346 1700 1376 1762 in
1400 1697 1522 1764 limitem

507 1790 627 1851 boreum
650 1789 675 1849 B
699 1788 867 1859 translato,
891 1787 956 1849 axis
984 1787 1032 1849 hic
1061 1789 1193 1869 corporis
1215 1788 1280 1866 IK,
1311 1791 1361 1871 qui
1384 1790 1471 1853 initio
1494 1799 1523 1852 et

507 1879 631 1939 innodo
652 1877 676 1940 O
701 1877 783 1957 quasi
808 1876 953 1956 tangebat
976 1876 1115 1938 circulum
1139 1876 1321 1942 circuitionis
1335 1899 1390 1961 per
1405 1877 1519 1944 CNAO

507 1968 709 2046 imaginatum,
733 1965 857 2045 denique
881 1966 910 2027 iu
930 1965 1071 2028 limitibus
1087 1964 1169 2041 N,0
1193 1970 1317 2031 eundem
1341 1970 1380 2032 ad
1399 1969 1523 2050 angulos

508 2066 606 2119 rectos
638 2064 737 2125 secet,
769 2073 873 2117 versus
906 2063 1038 2116 centmm
1068 2055 1170 2124 mundi
1193 2056 1231 2131 S,
1263 2058 1321 2120 hoc
1344 2066 1394 2122 est
1420 2079 1523 2135 persus

510 2147 610 2210 Solem
632 2152 803 2227 porrectus,
836 2144 939 2225 etqui
962 2145 1106 2206 hactenus
1129 2145 1166 2205 ob
1195 2142 1522 2211 declinationem‘mou-

507 2236 618 2298 nullam
634 2234 671 2294 ab
685 2234 789 2295 itinere
808 2234 890 2312 regio
906 2231 989 2295 CBA
1008 2234 1228 2313 prolectaverat
1246 2252 1353 2317 corpus
1372 2237 1523 2318 planetae,

455 2315 458 2323 “
509 2335 541 2386 nt
564 2323 677 2397 eodem,
700 2341 804 2403 nempe
827 2323 856 2383 iu
880 2323 999 2402 plagam
1014 2323 1044 2384 N
1068 2332 1247 2398 excurreret,
1273 2346 1415 2407 quorsum
1436 2345 1524 2406 prae·

509 2415 663 2475 cedentem
684 2421 799 2494 partem
823 2411 851 2471 K
875 2419 1025 2488 verterat;
1043 2412 1108 2490 jam
1131 2411 1161 2472 iu
1184 2414 1341 2490 limitibus,
1365 2414 1531 2478 inclinatus·

509 2506 547 2565 ad
569 2503 690 2583 planum
714 2500 830 2580 quidem
854 2500 1009 2580 eclipticas
1033 2498 1109 2565 GBS
1132 2504 1244 2564 mansit
1269 2505 1415 2578 (diximus
1438 2505 1524 2580 enim,

509 2592 630 2654 inomni
655 2591 714 2651 situ
728 2608 847 2651 manere
863 2589 918 2650 sibi
939 2589 997 2671 ipsi
1020 2588 1287 2671 aequidistautem;
1311 2594 1404 2656 semel
1427 2596 1524 2676 itaque

510 2682 668 2744 inclinatus
691 2679 729 2739 ad
751 2679 871 2759 planum
904 2678 1058 2760 eclipticae
1091 2699 1207 2763 semper
1235 2683 1451 2758 inclinabitur),
1474 2683 1525 2746 sed

511 2773 548 2833 ab
572 2771 676 2831 itinere
700 2767 764 2848 ipso
789 2768 879 2844 regio,
902 2766 960 2828 hoc
983 2777 1031 2830 est
1046 2792 1064 2830 a
1080 2769 1319 2834 circumferentia
1341 2772 1423 2835 illius
1445 2773 1524 2853 plani

510 2859 634 2934 CBAD,
653 2856 760 2939 ipsein
776 2855 835 2918 GH
851 2857 1030 2919 constitutus
1046 2878 1103 2920 non
1124 2860 1251 2939 amplius
1266 2860 1408 2936 declinat,
1432 2880 1524 2942 neque

511 2949 640 3010 enimin
666 2947 820 3008 adversum
836 2947 875 3019 A,
899 2965 992 3025 neque
1016 2955 1095 3008 retro
1113 2948 1184 3013 inO
1208 2949 1288 3024 nuit;
1313 2951 1368 3012 sed
1392 2959 1524 3013 tautum-

438 3050 475 3114 ν
511 3040 597 3101 modo
622 3036 753 3098 adlatus
777 3053 828 3095 seu
851 3034 890 3095 ad
905 3035 1004 3113 pelam
1028 3036 1139 3110 abnuit,
1164 3057 1302 3118 quorsum
1325 3040 1386 3102 iter
1408 3040 1524 3102 illinon

512 3136 569 3190 est.
615 3126 710 3205 Igitur
737 3125 859 3204 planeta
889 3124 969 3186 ultra
999 3127 1025 3187 B
1055 3135 1207 3205 promoto,
1237 3128 1299 3208 jam
1331 3129 1431 3192 altera
1462 3128 1521 3191 axis

188 3234 259 3293 pars
276 3216 314 3291 G,
339 3219 461 3300 quaein
477 3215 628 3280 meridiem
650 3214 756 3292 vergit,
780 3213 941 3292 praecedit,
961 3215 1077 3308 istoque
1096 3224 1185 3294 pacto
1204 3217 1356 3296 planetam
1381 3239 1401 3279 a
1414 3217 1522 3281 boreali

185 3304 379 3369 inclinatione
402 3309 538 3369 maxima
559 3306 588 3369 N
611 3323 664 3384 per
688 3303 794 3364 nodum
819 3302 1048 3365 descendentem
1072 3304 1099 3365 A
1123 3306 1161 3367 ad
1179 3304 1407 3370 inclinationem
1428 3305 1520 3371 maxi·

185 3411 263 3455 mam
288 3398 452 3459 austrinam
476 3395 503 3458 O
528 3393 672 3476 perducit.

179 3490 207 3544 .'
273 3484 373 3565 Atque
396 3487 444 3548 bic
467 3482 669 3547 inclinationis
692 3480 758 3540 axis
782 3477 900 3557 quidam
924 3480 1009 3559 quasi
1032 3500 1129 3543 remus
1145 3490 1209 3543 est:
1234 3481 1303 3561 quia
1318 3484 1515 3564 quoduautae

187 3573 275 3634 remis
299 3583 473 3653 praestant,
503 3582 536 3637 ut
559 3574 596 3634 ab
620 3591 677 3631 uua
700 3569 764 3650 ripa
788 3568 816 3627 iu
841 3569 966 3631 alteram
989 3569 1158 3660 trajiciant,
1191 3571 1246 3632 hoc
1269 3572 1395 3650 planeta
1417 3591 1517 3635 couse-

186 3662 285 3739 qultur
307 3682 360 3742 per
383 3665 458 3726 bunc
481 3659 681 3725 inclinationis
705 3677 808 3731 axem,
845 3659 997 3740 trajiciens
1026 3681 1044 3719 a
1074 3659 1167 3721 borea
1190 3661 1218 3721 iu
1243 3670 1392 3738 austmm,
1425 3670 1457 3725 et
1477 3661 1517 3722 vi-

185 3748 296 3826 cissim,
321 3753 455 3827 flumine,
479 3754 534 3815 hoc
558 3759 605 3813 est
629 3745 728 3828 specie
752 3746 953 3810 immateriata
977 3745 1067 3823 Solis,
1092 3768 1146 3828 per
1168 3749 1248 3810 viam
1270 3759 1388 3813 rectam
1413 3748 1517 3815 CBAD

186 3838 349 3903 incedente.

277 3926 367 4000 Quod
390 3928 599 4009 geometricam
624 3923 838 4011 dimensionem
861 3923 979 3996 attinet,
1003 3924 1077 3985 nihil
1098 3933 1147 3986 cst
1170 3943 1242 4003 opus
1269 3926 1380 3990 verbis.
1426 3927 1516 3991 Recta

165 4016 245 4087 x-sibi
267 4021 432 4098 parallelos
455 4027 553 4080 tractu
575 4015 728 4077 rectilineo
751 4010 889 4074 traducta
911 4020 993 4074 motu
1017 4030 1076 4074 suo
1093 4021 1177 4075 creat
1198 4014 1327 4093 planum.
1378 4016 1438 4079 Hic
1461 4015 1516 4078 axis

184 4103 248 4183 ipse
281 4118 330 4170 est
363 4117 464 4181 reeta,
503 4115 533 4168 et
567 4125 625 4185 qua
656 4102 755 4180 vergit
785 4100 834 4161 ille
868 4104 1005 4181 (vergere
1034 4110 1132 4163 autem
1156 4110 1285 4164 tractum
1308 4104 1516 4186 praesupponit

713 4192 852 4265 rectum),
876 4191 932 4252 hac
963 4201 993 4253 et
1022 4191 1197 4254 traducitur.
1249 4192 1404 4256 Describit
1436 4193 1516 4274 igitur

712 4280 848 4360 planum,
874 4280 950 4359 quod
975 4280 999 4341 si
1024 4279 1223 4354 continuetur,
1250 4288 1336 4342 secat
1367 4282 1516 4363 sphaeram

709 4370 832 4430 fixarum
860 4368 890 4427 in
924 4369 1018 4431 forma
1041 4369 1142 4431 circuli
1165 4370 1281 4447 magui,
1313 4371 1345 4432 in
1369 4372 1513 4434 schemate

709 4455 841 4519 FEGH:
874 4458 944 4536 quia
966 4466 1051 4520 secat
1082 4457 1236 4537 eclipticae
1269 4459 1393 4538 planum
1415 4458 1471 4524 DC
1491 4459 1514 4519 in

596 4563 598 4569 ·
709 4553 812 4608 centro
845 4547 946 4607 muudi
977 4568 1030 4608 seu
1055 4545 1135 4609 Solis
1159 4547 1197 4608 A.
1243 4548 1286 4609 Ut
1309 4548 1347 4610 de
1376 4568 1413 4612 eo
1440 4555 1513 4612 tanto

710 4635 911 4697 confirmatior
926 4637 978 4710 sis,
1002 4636 1162 4717 perpende,
1182 4635 1333 4698 sectiones
1353 4658 1408 4701 seu
1420 4638 1513 4707 nodos,

709 4724 794 4785 utin
818 4724 970 4786 schemate
993 4725 1094 4798 vides,
1119 4743 1186 4786 esse
1209 4725 1237 4785 in
1262 4725 1338 4788 locis
1362 4747 1400 4790 ex
1423 4735 1512 4789 cento

710 4811 792 4880 Solis
828 4814 859 4879 A
897 4813 1043 4896 oppositis
1088 4813 1272 4898 experientia
1312 4823 1413 4885 msto:
1455 4813 1512 4881 vide

278 1587 330 1655 urg.
353 1587 411 1639 rer.

295 3090 310 3132 u
335 3091 359 3149 qu
