3354 5504
536 262 596 311 ears
615 261 718 323 ouem,
756 264 945 361 capuslxrrr.
1022 222 1032 245 '
1348 261 1412 329 337

61 442 144 524 plani
168 440 306 505 diminuti
318 414 449 522 fplrelio
473 447 505 502 et
526 441 671 521 perihelio
693 445 847 523 proximae
869 434 1030 507 metientur
1057 450 1175 524 tempus
1198 443 1314 524 majus,
1345 427 1416 522 quia

61 533 142 613 apud
165 532 236 595 illas
259 530 358 595 tenuis
374 542 421 592 est
436 530 605 604 diminutio;
629 532 683 592 sed
701 541 805 611 partes
828 534 857 596 in
877 533 1113 613 longitudinibus
1131 532 1238 594 mediis
1254 532 1414 595 metientur

61 622 160 684 minus
188 630 306 700 tempus
331 639 418 699 qnam
442 628 551 694 antea,
580 621 650 699 qnia
673 621 702 682 in
728 622 789 684 illis
822 623 932 685 accidit
962 622 1121 703 potissima
1142 622 1236 682 totius
1259 621 1341 701 plani
1364 621 1413 683 di-

60 712 198 774 minutio.
243 710 314 773 Jarn
337 709 437 789 igitur,
462 708 488 769 si
508 718 625 771 utamur
643 710 698 773 hoc
718 712 862 774 diminuto
877 713 966 791 plano
985 713 1024 773 ad
1041 711 1239 774 moderandas
1254 711 1414 790 aequatio«

60 820 130 875 nes,
170 800 224 862 liet
259 800 383 879 planeta
415 799 496 859 clrca
528 799 676 878 aphelium
706 809 737 862 et
765 802 939 880 perihelium
970 801 1097 874 tardior,
1134 819 1223 880 quam
1255 800 1284 861 iu
1321 799 1413 878 priori

62 888 177 952 ritio'sa
200 889 409 968 aequationnm
426 889 531 962 torma,
556 888 635 950 circa
650 889 850 969 longitudines
874 891 988 953 medias
1002 891 1141 964 velocior,
1166 890 1235 968 quia
1249 888 1412 951 distantiae

61 979 111 1041 bic
133 978 349 1041 diminuuntur.
395 978 500 1039 Morae
530 976 621 1056 igitur
648 978 717 1042 binc
745 980 918 1044 abstractae
957 981 987 1043 in
1011 979 1161 1060 aphelinm
1184 986 1215 1040 et
1237 978 1413 1057 peribelium

60 1087 182 1131 sursum
211 1067 408 1146 deorsumque
445 1067 688 1146 compensatione
721 1069 803 1130 facta
826 1069 1101 1143 accumulabuntnr,
1134 1087 1191 1130 non
1215 1087 1303 1129 secus
1327 1086 1363 1129 ac
1387 1067 1414 1129 si

60 1158 127 1238 quis
151 1157 297 1219 botellum
319 1156 551 1217 ventricosum'
543 1177 573 1218 ιι
597 1156 695 1219 medio
718 1160 905 1238 comprimat,
931 1177 1025 1240 eaque
1049 1156 1271 1236 compressione
1286 1156 1414 1219 minutal
1456 1152 1460 1157 ’

60 1246 225 1309 infarctum
246 1266 262 1307 e
286 1253 390 1306 ventre
413 1246 511 1324 magis
541 1245 570 1306 in
600 1254 742 1327 utrasque
776 1248 986 1311 extremitates
1015 1247 1094 1308 infra
1121 1265 1269 1355 supraque
1294 1265 1414 1308 manum

62 1337 230 1399 eminentes
254 1334 402 1413 exprimat
425 1343 457 1395 et
480 1334 582 1396 elidat.

148 1425 246 1506 Atqui
269 1423 295 1485 ei
318 1423 471 1485 contraria
493 1423 652 1484 contrariis
676 1425 842 1498 medentur,
867 1424 940 1486 haec
964 1425 1054 1504 plane
1077 1431 1130 1502 apt
1131 1421 1235 1485 issima
1250 1428 1298 1483 est
1313 1421 1413 1485 medi-

59 1513 130 1577 cina
152 1513 355 1593 expurgandis
378 1513 471 1587 vitiis,
496 1512 601 1593 quibus
625 1531 716 1592 supra
740 1531 806 1590 cap.
831 1514 948 1576 XLIII.
973 1513 1099 1594 physica
1117 1523 1221 1573 nostra
1235 1511 1411 1593 hypothesis

60 1603 201 1666 laborare
232 1602 519 1682 deprehendebatur.
571 1602 712 1665 Velocior
742 1602 820 1664 enim
851 1602 969 1664 futurus
998 1609 1046 1663 est
1073 1601 1197 1681 planeta
1224 1600 1254 1661 in
1277 1600 1411 1679 longitu-

60 1693 181 1756 dinibus
211 1692 336 1766 mediis,
367 1711 432 1752 cum
466 1690 548 1770 prius
577 1691 618 1751 ibi
642 1691 912 1770 deprehenderetur
930 1693 1014 1771 justo
1039 1690 1166 1764 tardior,
1191 1689 1412 1752 retardabitur-

60 1801 117 1863 qne
131 1800 226 1861 supra
240 1789 271 1842 et
279 1780 363 1842 infra
381 1782 461 1842 circa
479 1780 612 1860 apsidas,
636 1781 685 1841 nbi
707 1781 788 1860 prius
802 1781 981 1859 pernicitate
999 1780 1092 1841 nimia
1106 1780 1235 1842 nocebat
1253 1778 1411 1859 aequatio-

59 1871 147 1934 nibus
177 1870 207 1931 in
231 1879 356 1932 octavas
381 1880 546 1948 temporum
572 1869 819 1932 redundantibus.

147 1960 215 2022 Hoc
234 1958 325 2039 igitur
340 1959 468 2021 alterum
486 1967 690 2037 argumentum
708 1967 764 2031 est,
784 1977 841 2038 quo
861 1957 1093 2032 demonstratur,
1118 1956 1247 2018 orbitam
1271 1955 1412 2034 planetae

58 2048 217 2112 verissime
247 2070 266 2109 a
293 2047 402 2111 circulo
431 2048 571 2109 instituto
601 2049 760 2110 deflectere
789 2057 821 2109 et
848 2049 886 2109 ad
918 2048 1014 2109 latera
1038 2054 1229 2127 centrumque
1254 2044 1419 2106 eccentrici‘

58 2138 187 2219 ingredi.
222 2135 363 2200 Ceterum
386 2138 442 2198 hoc
466 2146 673 2216 argumentum
697 2157 789 2217 penes
814 2157 859 2198 me
876 2157 933 2198 non
953 2137 1032 2198 tanti
1051 2137 1116 2211 fuit,
1140 2144 1174 2196 ut
1188 2153 1225 2196 ex
1242 2154 1276 2196 eo
1291 2135 1328 2196 de
1342 2135 1412 2213 pla-

58 2236 151 2290 netae
176 2226 394 2289 exorbitatione
419 2227 552 2307 cogitare
575 2246 706 2308 possem.
753 2226 930 2288 Diutissime
955 2226 1034 2288 enim
1056 2226 1086 2287 in
1110 2223 1304 2287 conciliandis
1325 2224 1412 2304 hujus

59 2318 175 2381 formae
198 2314 428 2396 aequationibus
452 2334 519 2379 cum
543 2317 748 2389 desudassem,
772 2317 893 2377 tandem
918 2315 1105 2378 absurditate
1129 2332 1284 2375 mensurae
1309 2313 1412 2375 deter-

27 2414 42 2443 *
58 2407 137 2472 ritus
166 2413 264 2468 toturn
294 2404 447 2483 negotium
477 2406 609 2478 deserui,
650 2406 746 2484 quoad
777 2405 930 2466 distantiis
959 2405 995 2465 de
1024 2403 1244 2465 exorbitatione
1272 2404 1410 2478 edoctus,

15 2484 94 2559 ⁴eo
117 2494 226 2568 modo,
259 2514 317 2575 qno
340 2514 406 2574 cap
429 2495 513 2557 XLI.
539 2496 668 2571 lactum,
698 2504 807 2574 postea
829 2495 885 2556 hoc
910 2494 1002 2555 etiam
1022 2494 1235 2589 aequationum
1260 2493 1412 2571 negotium

40 2574 198 2649 resumsi.

148 2673 252 2753 Atque
287 2692 324 2734 ex
355 2673 411 2734 hoo
441 2691 557 2753 quoque
586 2673 834 2740 demonstratum,
866 2672 945 2751 quod
972 2689 1064 2751 supra
1092 2677 1158 2749 c'ap.
1187 2670 1259 2734 XX.
1289 2668 1410 2733 XXIII.

60 2761 186 2844 promisi
215 2781 262 2823 me
293 2763 456 2824 facturum:
490 2754 653 2825 orbitam
679 2762 868 2842 planetae
892 2779 963 2822 non
991 2781 1081 2824 esse
1112 2759 1310 2833 circulum,
1346 2759 1412 2821 sed

59 2852 214 2934 figurae
238 2850 374 2914 ovalis.

648 3077 830 3089 m

603 3311 722 3412 Caput
754 3309 868 3386 XLV.

19 3452 322 3723 V*
268 3487 472 3623 admoditae
493 3491 588 3609 haiae
594 3489 796 3591 deflexionis
814 3488 964 3570 plaeetne
982 3510 1004 3552 o
1018 3488 1156 3554 circulo:
1172 3436 1284 3575 prflin'c
1304 3492 1411 3575 opinio

108 3622 156 3669 ’·ι

332 3638 376 3703 W,
555 3579 833 3693 &promissam
1193 3604 1225 3653 ,·,·
1388 3612 1416 3657 3

149 3737 226 3805 Corn
250 3737 376 3825 primurn
400 3736 429 3799 in
451 3736 529 3801 hunc
553 3738 672 3800 modum
694 3735 873 3800 certissimis
888 3736 999 3800 Brahei
1015 3624 1414 3809 observsdonffuserbetus

36 3780 173 3905 Quam,
195 3826 325 3899 orbitarn
347 3826 488 3906 planetae
511 3848 568 3890 non
593 3844 704 3932 erse
675 3827 849 3911 circularem
868 3836 988 3902 exacte,-
1009 3827 1063 3889 sed
1078 3822 1204 3889 delicere
1221 3820 1530 4108 ιῙιιιιιιιῦ

58 3916 232 3997 evestigio
256 3924 288 3979 et
347 3935 433 3987 usam
455 3917 621 4003 naturalem
654 3894 740 3997 hujus
773 3914 948 3977 deflexionis
976 3934 1024 3991 me
1047 3916 1124 3976 scire
1146 3932 1215 3979 som
1236 3914 1332 3979 arbitr

58 4006 153 4075 &alu
181 4005 261 4067 enim
290 3936 393 4067 ἰᾷ·
395 3986 484 4066 terls
479 4025 567 4107 gosp.
590 3994 758 4071 ΧΧΧΙΧ,Ι
771 4004 973 4073 vehementer·
985 4005 1146 4068 exercitus.
1191 4004 1234 4066 Et
1263 3986 1372 4067 admoti

57 4096 223 4168 lectorem,
252 4102 287 4156 nt
313 4093 541 4174 prinsquamr
512 4088 541 4159 ls
544 4115 560 4157 ι
582 4093 809 4176 progrediatur,
848 4101 939 4196 capnt
969 4093 1043 4157 illud
1072 4094 1222 4198 integrum
1249 4094 1410 4179 diligenter

59 4189 189 4268 relegat
237 4180 314 4247 Cum
337 4182 416 4245 enim
433 4183 485 4246 illo
504 4179 604 4266 caipite
623 4203 744 4246 causam
767 4181 999 4247 eecentrioitatis
1022 4180 1297 4263 transscripsis'sem
1318 4183 1408 4246 alicui

58 4273 175 4351 virtuti,
199 4291 275 4353 quae
299 4281 383 4335 esset
403 4272 434 4335 in
456 4291 588 4354 corpore-
602 4274 752 4354 planetae,
776 4273 974 4354 sequebatur,
1003 4279 1039 4334 ut
1067 4282 1099 4334 et
1119 4270 1209 4353 hujus
1232 4272 1407 4336 deflexionis

58 4366 96 4430 ab
120 4361 292 4428 ecceutrico
316 4361 425 4425 circulo
448 4381 553 4427 causa·
563 4362 659 4425 eidem
681 4362 821 4445 planetae
844 4361 960 4441 corpori
973 4362 1249 4426 transscriberetur.
1285 4360 1408 4425 Accidit

59 4462 162 4519 antem
185 4450 269 4553 mihi,
295 4451 372 4531 qnod
391 4451 546 4530 proverbio
558 4452 690 4532 jactant,
714 4470 816 4514 canem
844 4450 984 4513 festinum
1011 4469 1118 4513 caecos
1146 4469 1252 4530 parere
1275 4450 1404 4516 catulos.

59 4541 134 4609 Cum
159 4541 239 4603 enim
263 4559 327 4621 cap.
351 4539 502 4605 XXXIX.
527 4542 712 4605 laborassem
735 4539 957 4602 vehementer
949 4558 978 4601 ιι
1003 4559 1040 4602 ea
1054 4559 1095 4614 re,
1120 4540 1204 4620 quod
1212 4558 1271 4602 non
1285 4556 1408 4620 possem

59 4632 136 4699 satis
151 4628 340 4732 probabilem
359 4629 457 4692 dicere
477 4650 609 4707 musam,
624 4650 675 4693 ιιι
694 4649 732 4692 ex
749 4616 848 4691 orbita
861 4628 1002 4711 planetae
1013 4629 1164 4709 perfectus
1179 4629 1263 4693 fleret
1277 4628 1404 4693 circulus

58 4726 196 4803 (semper
218 4718 297 4783 euim
303 4718 466 4803 quaedam
483 4720 645 4785 tribuenda
665 4726 753 4783 erant
767 4718 897 4783 absurda
912 4717 956 4781 illi
973 4716 1086 4794 virtuti,
1111 4718 1301 4805 qnaesedem
1314 4717 1406 4783 habet

58 4808 339 4973 eorpnfflapff)
339 4807 945 4958 11¹iamdeprehensoex'observationibns,
959 4806 1088 4872 orbitam
1099 4794 1317 4966 ulmenam
1335 4826 1404 4881 esse
