3354 5504
92 272 270 342 :aas
420 286 423 292 ·
569 312 574 321 .
682 271 1159 351 ιιιιιιιιιιιιιιιιιιιιιιιιΙ

99 438 101 445 1
205 455 287 518 tione
311 446 409 531 iacia;
441 453 494 516 sed
517 452 728 516 alterationem
751 454 875 516 adducit
896 455 927 517 in
951 455 1087 518 omnibus
1109 454 1205 517 tribus
1230 450 1434 535 superioribus
1458 447 1559 516 sensi-

206 545 315 622 bilem,
345 545 422 606 adeo
444 552 479 605 ut
507 544 634 623 angulus
666 543 853 606 differentiae
886 544 916 606 in
939 545 1039 607 Marte
1062 546 1101 606 ad
1136 541 1172 608 1⁰
1194 541 1248 607 45‘
1271 548 1339 613 (ιιι)
1368 542 1558 609 excrescat“

206 631 379 768 (compidveiii
398 628 663 787 Ie'oiieii'iempore
686 705 716 767 in
740 704 905 786 appendice
929 706 968 767 ad
991 705 1214 769 Mechanica
1243 723 1296 766 seu
1323 704 1497 767 narratione
1512 703 1558 767 ,de

207 798 269 859 suis
303 794 411 858 studiis
443 793 630 875 perstrinxit.
685 794 749 856 Nec
781 794 875 855 multo
907 795 968 857 alia
998 795 1090 856 verba
1119 802 1201 857 tomo
1234 795 1256 855 Ι.
1289 793 1560 875 Epistularum

207 886 258 949 ful.
282 881 357 948 209.
372 881 414 958 ²⁰)
431 884 487 945 ubi
511 882 678 957 existimat,
702 903 795 945 causa
818 884 1051 947 eccentricitatis
1075 883 1194 947 Solaris
1224 884 1384 946 immisceri
1408 883 1560 966 quandam
1591 908 1593 912 ’

58 1016 61 1019 -
98 1054 101 1062 Ι
167 1038 170 1043 ,
205 973 453 1057 inaequalitatem
477 972 569 1033 etiam
596 972 755 1035 eccentrici
783 972 1012 1053 aequatiunibus
1044 982 1075 1036 et
1105 972 1212 1036 sitibus
1243 973 1447 1056 acrouyehiis;
1480 971 1561 1054 quod

206 1072 293 1149 parte
313 1063 412 1167 prima
434 1063 597 1124 refutatum
620 1062 739 1142 quidem
762 1069 826 1137 est,
850 1082 909 1126 non
932 1063 1130 1125 redundare
1122 1084 1153 1127 ur
1176 1063 1253 1127 situs
1276 1062 1487 1153 acronychios,
1510 1060 1560 1123 rel

207 1160 288 1219 certe
305 1150 463 1215 minimum
477 1149 605 1232 aliquid3
620 1157 663 1212 at
685 1148 804 1213 videtur
824 1169 880 1231 per
902 1152 1117 1215 correctionem
1138 1153 1286 1234 quandam
1302 1151 1339 1214 de
1363 1145 1559 1236 quadrangu-

207 1242 370 1307 lationibus
391 1240 503 1304 Martis
527 1259 593 1302 cum
616 1239 688 1302 Sole
709 1239 840 1320 intelligi
863 1240 982 1302 debere.

294 1333 364 1395 Jam
387 1338 460 1405 tum,
484 1348 551 1391 cum
577 1329 679 1391 orbem
702 1348 829 1393 annuum
856 1330 990 1393 audirem
1017 1329 1121 1413 augeri
1143 1330 1303 1413 minuique,
1327 1329 1464 1392 dictabat
1485 1318 1559 1391 milri

113 1446 117 1453 ·
208 1422 333 1504 genius,
358 1420 389 1483 id
410 1420 592 1500 phantasma
616 1418 685 1480 oriri
709 1437 747 1479 ex
769 1438 821 1493 eo,
846 1420 925 1500 quod
949 1419 1030 1482 orbis
1053 1441 1168 1483 annuus
1193 1419 1395 1523 quernici
1418 1418 1468 1480 vel
1492 1417 1558 1499 epi-

153 1587 159 1598 ,
209 1511 311 1596 cyclus
333 1507 548 1574 Ptolemaei
570 1526 629 1571 non
653 1507 820 1590 aequaliter
841 1527 860 1570 a
883 1518 987 1573 centro
1010 1510 1064 1573 illo
1087 1509 1190 1587 detor,
1214 1509 1294 1572 circa
1315 1508 1396 1591 quud
1418 1505 1556 1591 aequali-

150 1625 155 1633 ·
209 1602 266 1665 bus
279 1597 474 1704 temporibus
482 1597 624 1700 aequales
647 1597 790 1666 conficere
808 1597 930 1678 ponitur
946 1599 1083 1680 angulos.
1121 1600 1201 1663 Nam
1215 1617 1290 1681 quae
1306 1618 1399 1661 causa
1419 1594 1557 1679 physica,

207 1691 312 1779 angeri
331 1698 362 1751 et
384 1686 476 1749 minui
500 1685 655 1749 circuitum
679 1686 774 1748 centri
797 1688 972 1768 systematis
1003 1684 1207 1769 planetarii')
1240 1687 1486 1770 (Tychonici)
1509 1685 1557 1747 vel

152 1808 157 1817 ·
207 1780 364 1844 circuitum
373 1779 484 1839 Terrae
495 1775 675 1878 (Cupern
667 1796 676 1837 r
685 1776 740 1850 cu)
755 1775 804 1836 vel
818 1777 984 1878 epicyclum
998 1778 1082 1840 sidus
1098 1786 1268 1858 gestantem
1279 1777 1380 1850 (Ptol
1392 1774 1557 1849 maeo)?

208 1889 283 1954 quae
308 1869 394 1941 haec,
418 1867 547 1946 inquam,
570 1863 601 1926 iu
617 1863 802 1927 astronomia
825 1865 890 1928 sine
913 1868 1051 1948 exemplo
1064 1867 1195 1943 novitas,
1221 1867 1285 1930 sine
1307 1864 1556 1928 versimilitudine

134 2003 164 2027 ›.
207 1957 416 2023 absurditas?
450 1954 530 2027 Quin
556 1953 656 2035 potius
685 1953 767 2016 credi
779 1973 853 2036 par
881 1965 962 2032 erat,
994 1956 1067 2019 alibi
1097 1956 1201 2020 Solem
1225 1954 1478 2035 (Cupernico)
1508 1952 1559 2015 vel

47 2134 50 2141 Ι
142 2119 163 2125 ‚.
208 2056 343 2112 centrum
375 2043 550 2126 systematis
581 2042 742 2124 planetarii
767 2044 1001 2126 (Tychonici)
1027 2045 1075 2107 vel
1101 2066 1209 2127 corpus
1242 2046 1382 2126 planetae
1411 2043 1555 2117 (Ptole-

208 2139 328 2210 maeo)
354 2157 373 2197 a
400 2141 539 2225 suscepto
567 2133 761 2235 aequalitatis
795 2140 905 2212 puncto
934 2135 1121 2216 (quiescente
1145 2135 1225 2217 apud
1248 2132 1499 2215 Cuparnicum
1527 2138 1556 2193 ιι

208 2227 429 2310 Tychonem
454 2218 685 2284 circumeunte
676 2243 707 2284 m
730 2223 890 2285 eccentrici
914 2224 1154 2287 circumferentia
1177 2224 1256 2305 apud
1278 2221 1555 2295 Ptolemaeum)

48 2350 52 2360 ·
123 2315 126 2321 ’
200 2316 336 2418 'longius
340 2313 466 2388 distare,
489 2311 561 2373 alibi
576 2311 712 2374 brevius:
737 2318 826 2392 atque
844 2311 876 2373 id
889 2315 1004 2394 procul
1015 2314 1133 2376 dubio
1125 2335 1156 2376 ιιι
1174 2314 1256 2376 linea
1270 2312 1417 2394 apsidum.
1455 2313 1554 2392 Atque

160 2411 165 2445 ⁵
198 2406 277 2470 'huic
295 2423 339 2468 rer
330 2402 537 2481 'commodam
558 2401 745 2463 occasionem
763 2400 921 2465 videbatur
941 2403 1132 2485 suppeditare
1148 2423 1216 2465 mea
1230 2404 1286 2484 illa
1302 2422 1341 2464 ex
1363 2400 1554 2483 Mysterio

111 2510 116 2522 ·
153 2484 159 2554 s
207 2514 291 2558 meo
315 2489 644 2572 Oosmugraphicu
667 2489 805 2550 derivata
828 2492 968 2572 suspicio,
994 2492 1022 2555 si
1040 2510 1145 2573 nempe
1168 2491 1200 2554 in
1222 2491 1371 2555 theoriam
1385 2489 1471 2555 Solis
1495 2487 1554 2565 (vel

182 2584 365 2658 theoriam,
388 2589 421 2643 nt
443 2581 488 2642 ita
510 2579 619 2654 dicam,
642 2578 768 2660 epicycli
790 2581 1034 2655 Ptolemaici)
1059 2601 1191 2663 aequans
1214 2582 1465 2644 introduceretur.

296 2690 374 2755 Ειιο
404 2696 438 2751 nt
463 2682 589 2767 incipiat
616 2685 815 2766 inaequalitas
847 2690 979 2752 secunda
1001 2710 1021 2752 a
1043 2689 1124 2751 linea
1155 2688 1245 2751 medii
1271 2696 1378 2751 motus
1394 2685 1496 2763 Solis,
1520 2691 1555 2747 ut

41 2832 77 2870 0.
140 2736 168 2828 'v
208 2781 354 2846 maenus
376 2765 492 2883 placuit
514 2774 678 2838 artificibus
701 2775 754 2847 (ne
777 2778 844 2861 quis
866 2796 964 2842 meam
987 2778 1196 2854 novationem,
1219 2777 1269 2860 qni
1293 2776 1464 2858 apparenti
1475 2774 1554 2839 Solia

100 2868 103 2873 ’
167 2936 171 2947 ,
209 2878 292 2934 motu
314 2878 398 2942 utor,
430 2868 461 2929 iu
483 2866 540 2928 boc
572 2864 693 2947 negotio
727 2877 898 2950 suspectam
927 2869 1069 2943 habeat),
1103 2877 1134 2930 et
1161 2875 1324 2949 consurgat
1349 2866 1379 2928 in
1403 2865 1554 2929 schemate

185 2958 363 3042 praesenti
386 2953 596 3019 eccentricitas
625 2953 765 3034 planetae
794 2959 873 3039 apud
897 2957 1138 3062 Oopernicnpr
1160 2978 1220 3029 non
1242 2979 1261 3020 a
1284 2963 1388 3018 centro
1411 2955 1497 3021 Solis
1516 2955 1554 3026 A,

739 3048 793 3111 sed
825 3068 844 3110 a
876 3046 901 3111 C
930 3055 1057 3128 puncto,
1090 3048 1170 3110 circa
1198 3046 1278 3128 qnod
1310 3036 1461 3125 regularis
1493 3059 1556 3106 esse

737 3137 859 3223 ponitur
890 3137 1001 3199 Terrae
1032 3146 1139 3200 motus.
1191 3136 1229 3198 ld
1258 3155 1330 3198 vero
1349 3127 1555 3216 puuctumC

739 3228 791 3288 sit
802 3246 859 3288 nun
883 3226 964 3289 orbis
979 3226 1103 3289 Terreni
1118 3225 1184 3302 Ι)Ε,
1208 3226 1262 3289 sed
1281 3232 1400 3287 tantum
1421 3221 1555 3306 aequali·

739 3315 813 3377 tatis
829 3322 971 3389 centrum,
996 3316 1113 3394 longius
1128 3315 1166 3376 ab
1182 3315 1211 3377 A
1226 3315 1299 3378 Sole
1317 3314 1448 3388 distans,
1472 3329 1556 3395 quam

738 3405 765 3466 B
789 3413 923 3467 centrum
946 3405 1027 3467 orbis
1050 3404 1175 3467 Terreni
1197 3404 1261 3466 ΕΙ).
1299 3402 1388 3477 Dico,
1412 3401 1461 3465 his
1485 3420 1555 3465 cou-

740 3493 854 3570 cessis‚
885 3494 1113 3557 observationes
1135 3494 1214 3555 tales
1246 3492 1411 3555 exhibitum
1434 3491 1492 3567 iri,
1522 3492 1556 3550 ex‘

741 3583 847 3664 quibus
876 3583 943 3664 quis
973 3582 1121 3663 suspicari
1147 3582 1266 3663 possit,·
1298 3583 1401 3645 orbem
1421 3598 1557 3644 aunuum

701 3712 706 3727 ι
740 3673 797 3734 ΒΕ
820 3673 923 3753 angeri
945 3672 1105 3753 minuique.
1152 3672 1294 3751 Erigatur
1318 3691 1356 3734 ex
1380 3667 1406 3733 0
1427 3688 1556 3753 perpen-

741 3762 883 3824 dicularis
906 3761 964 3842 ipsi
986 3761 1053 3837 DE,
1078 3779 1154 3843 quae
1176 3761 1218 3824 sit
1238 3761 1306 3838 CF,
1330 3769 1362 3823 et
1385 3761 1428 3824 sit
1449 3757 1556 3823 Marde

742 3852 832 3913 stella
859 3850 907 3913 bis
936 3851 967 3912 in
990 3852 1029 3925 F,
1062 3858 1093 3912 et
1123 3870 1189 3913 cum
1216 3852 1312 3912 Terra
1343 3857 1391 3912 est
1422 3849 1456 3913 iu
1477 3849 1508 3912 D
1528 3853 1558 3909 et

743 3959 809 4002 cum
831 3940 862 4002 in
882 3941 919 4010 Ε,
942 3947 974 4001 et
996 3941 1231 4004 connectatan
1248 3959 1315 4002 cum
1332 3935 1555 4020 pulensus.

744 4026 824 4099 Quia
859 4048 931 4109 ergo
964 4028 990 4092 (l
1027 4037 1076 4091 est
1110 4036 1252 4111 punctum
1289 4028 1427 4110 aequalis
1462 4035 1557 4093 motus

743 4120 854 4181 Terrae
873 4119 904 4180 iu
919 4119 985 4193 DE,
1010 4117 1173 4194 antron,
1195 4117 1275 4182 FCE
1302 4116 1457 4181 anomalia
1475 4135 1557 4182 com·

743 4208 917 4270 mutationis
941 4215 972 4269 et
995 4209 1043 4281 (nt
1064 4207 1382 4289 ponimusiaequalis
1410 4208 1556 4290 utrinque

744 4295 862 4367 Quodsi
897 4296 989 4376 igitur
1026 4298 1168 4378 aequales
1200 4304 1304 4360 essent
1333 4296 1404 4374 ΟΒ,
1436 4295 1558 4370 ulem

744 4386 890 4449 hactenus
920 4386 1117 4465 putabatur),
1150 4394 1220 4448 tunc
1254 4394 1286 4449 et
1310 4382 1393 4452 Duc
1425 4394 1461 4450 et
1480 4381 1557 4461 ΕΕΟ

744 4476 846 4556 auguli
879 4493 932 4571 sen
958 4476 1131 4556 parallaxes
1163 4475 1244 4539 orbis
1277 4482 1382 4539 essent
1403 4475 1556 4559 utrinque,

297 4686 325 4761 ⁸)
346 4689 475 4744 Centrum
504 4681 664 4754 systematis
692 4681 840 4753 planetarii
869 4687 913 4736 est
940 4681 1089 4738 communis
1116 4681 1202 4736 sectio
1225 4681 1378 4747 linearum,
1406 4698 1498 4754 qnae
1506 4698 1553 4777 per

210 4769 379 4844 singulorum
405 4769 580 4839 planetarum
610 4762 719 4833 apsides
747 4764 936 4818 traducuntur.
977 4769 1070 4834 Atque
1091 4760 1118 4817 id
1144 4770 1278 4839 punctum
1298 4770 1343 4818 est
1362 4763 1410 4819 rel
1434 4763 1553 4836 proxime

211 4864 309 4922 ωιιιιιι
329 4847 411 4916 Solu,
431 4851 464 4901 nt
482 4843 594 4900 Braheu
615 4841 692 4898 initio
712 4842 826 4914 placuit
847 4841 923 4924 rel
914 4858 944 4900 ιιι
963 4841 1024 4915 ipro
1045 4848 1140 4899 οιιιιιο
1160 4830 1243 4911 Sulis,
1263 4849 1297 4900 ιιι
1315 4857 1372 4915 ego
1388 4845 1509 4963 urigo.
