3354 5504
635 262 808 318 emeatus
844 261 1068 335 canaam
1457 263 1522 335 ³13
1574 334 1592 383 ι

169 488 187 531 ῑ,
222 518 226 523 ¹
298 439 356 504 'nm
380 441 496 519 tendat,
519 460 636 506 rursum
658 442 749 522 igitur
772 444 858 507 tarde
881 444 1048 508 movebitur
1070 462 1109 506 ex
1133 440 1157 506 0
1181 443 1211 507 in
1234 443 1271 511 L.
1315 350 1522 529 Nahaenon

164 526 168 533 '
202 514 241 547 '¹²
290 532 338 605 fit,
357 540 404 596 ,ιιι
432 532 548 595 Lunam
571 531 637 596 Soli
669 532 878 613 permittamus
901 556 920 597 a
942 537 1036 598 Terra
1066 533 1200 598 liberam.
1246 533 1413 598 Aberraret
1444 536 1523 599 enim

176 620 304 702 denique
326 642 346 682 a
367 622 471 694 Terra,
494 633 528 684 nt
551 641 689 702 apogaea
712 642 731 684 a
752 623 828 686 locis
852 624 913 688 suis
938 625 1090 688 aberrant.
1137 620 1216 695 Quin
1239 623 1341 704 potins
1364 624 1523 689 tribuenda
1572 674 1580 691 .
1616 655 1622 669 ·

124 750 129 759 -
175 709 287 772 Telluri
310 711 357 773 ris
384 711 535 774 retentiva
557 712 677 787 Lunae,
711 731 765 774 cen
795 721 904 776 catena
926 716 1087 796 quaedam,
1120 732 1196 793 quae
1224 721 1320 788 esset,
1354 714 1413 778 etsi
1436 715 1523 777 Luna
1556 712 1601 764 ²·

174 799 300 862 Terram
318 800 407 880 plane
421 820 480 863 non
504 800 688 875 circumiret3
711 808 743 863 et
763 820 822 882 qna
843 803 944 882 posita
965 805 1053 867 Luna
1073 821 1138 864 cum
1154 802 1248 866 Terra
1266 803 1352 885 qnasi
1375 803 1404 866 in
1417 804 1523 867 eadem
1651 880 1654 885 Ι

173 889 244 951 navi
260 889 364 966 fertur,
389 909 494 971 nempe
517 890 548 952 in
571 891 676 953 eadem
699 889 810 955 virtute
825 890 916 969 Solis,
937 893 1070 975 jamque,
1095 891 1181 973 quasi
1202 892 1261 955 hoc
1283 898 1367 957 motu
1388 911 1426 955 ex
1449 880 1593 999 Sole·
1654 884 1658 893 ’

174 978 271 1040 libera
294 986 391 1055 esset,
415 979 555 1059 privatim
579 1003 598 1043 a
620 982 716 1043 Terra
736 986 863 1045 rotatur.
908 983 1016 1064 Itaque
1039 979 1206 1046 celeritatis
1229 980 1259 1043 in
1283 978 1328 1059 0,
1352 978 1379 1045 0
1401 1001 1524 1047 causam
1631 1030 1642 1057 ,

172 1086 231 1130 ιιι
263 1068 356 1131 aliam
379 1087 447 1132 esse
470 1077 557 1151 putu,
591 1088 680 1151 qnam
702 1086 783 1147 eam,
815 1069 894 1153 qnod
916 1071 943 1133 T
965 1071 1059 1135 Terra
1083 1070 1222 1133 virtutem
1245 1071 1385 1134 movendi
1406 1072 1523 1135 Lunam

173 1176 209 1219 ex
224 1154 250 1219 S
264 1155 340 1221 Sole
355 1158 465 1233 hausit,
490 1179 615 1241 eamque
632 1158 855 1223 continuatione
873 1160 971 1223 lineae
991 1161 1047 1224 TS
1066 1169 1233 1224 conservat.
1274 1163 1381 1240 ltaque
1395 1158 1521 1227 SOTO

173 1246 284 1309 merito
308 1247 453 1311 diameter
485 1249 620 1312 virtuosa
650 1248 796 1381 appelqu
824 1257 943 1331 potest,
975 1270 1041 1315 cum
1064 1250 1094 1313 hi
1118 1250 1175 1313 duo
1206 1250 1305 1313 ιοιιιι
1335 1249 1399 1335 sint
1427 1251 1522 1314 omnis

172 1344 283 1413 motus,
307 1356 413 1417 nempe
437 1339 463 1400 Τ
484 1347 518 1400 ιι
540 1336 574 1401 S.

260 1426 328 1489 Hoc
351 1427 429 1489 enim
451 1427 551 1508 posito
581 1434 723 1510 sequetur
745 1434 836 1494 etram
866 1429 920 1492 illa
941 1427 1142 1509 inaequalitas
1173 1435 1326 1491 menstrua
1346 1426 1521 1492 Ptolemaeo

172 1522 255 1578 nota
302 1516 384 1579 Nam
411 1517 438 1578 si
467 1516 563 1579 virtus
585 1517 616 1579 in
641 1517 676 1590 C,
701 1516 727 1581 0
752 1520 858 1583 fortior
880 1525 929 1579 est
952 1538 1040 1600 quam
1070 1518 1098 1579 in
1122 1518 1157 1592 F,
1180 1518 1217 1593 L,
1242 1518 1329 1598 lapsa
1355 1534 1393 1580 ex
1416 1518 1520 1580 ecdem

173 1604 256 1667 fonte
279 1605 321 1668 T:
346 1625 417 1686 ergo
441 1606 468 1667 si
491 1625 656 1686 apogaeum
679 1607 709 1670 in
726 1605 762 1685 O,
787 1608 814 1672 Ο
838 1615 985 1683 versatur,
1009 1607 1106 1687 majus
1121 1607 1260 1668 damnum
1283 1605 1447 1669 celeritatis
1461 1615 1519 1680 est,

172 1714 261 1776 qnam
284 1695 312 1757 si
335 1695 376 1758 sit
398 1714 566 1776 apogaeum
588 1696 618 1757 in
641 1696 683 1770 F,
706 1698 743 1760 L.
790 1698 924 1778 Majores
948 1717 1018 1779 ergo
1042 1697 1237 1778 aequationes
1265 1715 1302 1758 ex
1332 1714 1466 1777 apogaeo
1491 1694 1519 1759 Ο

172 1784 219 1847 ιιι
243 1781 270 1848 0
294 1785 464 1848 redundant
491 1785 522 1847 in
549 1786 585 1859 F,
611 1784 650 1860 L,
680 1806 768 1867 quam
797 1807 835 1850 ex
865 1805 999 1868 apogaeo
1022 1788 1048 1849 F
1070 1787 1119 1848 vel
1142 1786 1169 1848 L
1192 1785 1221 1848 in
1246 1783 1281 1861 O,
1307 1783 1345 1862 0,
1375 1784 1518 1937 ewa-

173 1873 269 1937 tiones
291 1880 327 1937 'et
350 1874 565 1956 oppositiones.
1398 1894 1464 1967 ᾖ
1638 1891 1640 1895 ’

259 1964 358 2027 Vides
389 1963 489 2045 igitur,
522 1962 742 2044 speculationes
778 1964 869 2028 haece
902 1963 1042 2047 physicas
1075 1965 1119 2027 ita
1150 1970 1342 2045 comparatas
1365 1962 1460 2040 esse,¹
1486 1971 1521 2027 ut

174 2054 264 2116 etiem
287 2054 392 2117 Lunae
420 2053 634 2135 phaenomenis
668 2056 801 2117 sufficere
828 2055 966 2134 possint3
998 2073 1092 2137 neque
1123 2052 1241 2115 incitari
1264 2054 1383 2116 Lunam
1406 2074 1426 2115 a
1448 2051 1519 2117 Sole
1561 2052 1567 2059 '

172 2143 324 2223 primario,
347 2151 381 2206 nt
404 2143 527 2207 Terram
550 2143 778 2220 circumveniat,
802 2145 856 2206 sed
880 2166 900 2207 a
920 2143 1033 2207 virtute
1058 2143 1160 2225 aliqua
1181 2143 1211 2204 in
1235 2143 1330 2205 Terra
1352 2143 1419 2222 ipsa
1442 2142 1519 2206 deli·

172 2239 321 2309 tescente,
354 2232 481 2314 indeque
514 2232 643 2314 speciem
670 2233 716 2296 sni
749 2232 1048 2317 immateriatamgadg
1065 2233 1170 2296 Lunae
1200 2250 1307 2312 eorpus
1337 2232 1518 2312 ejaculante,
1569 2264 1572 2271 ,

172 2323 296 2386 fortiore
318 2331 420 2385 tamen
444 2322 473 2384 in
497 2321 594 2394 linea,
617 2341 694 2402 quae
718 2331 823 2407 centra
846 2322 928 2385 Solis
951 2318 1099 2401 (prln'arii
1124 2320 1231 2395 lentis)
1255 2331 1287 2384 et
1309 2320 1420 2385 Terrae
1444 2341 1518 2385 con-

171 2412 273 2476 nectit.
313 2409 469 2484 Quomodo
493 2429 565 2473 vero
588 2411 734 2474 diameter
756 2412 819 2475 ista
840 2412 1000 2474 ιίιιιιοιίιι
1013 2411 1136 2486 evadat,
1160 2409 1280 2473 difficile
1295 2419 1344 2474 est
1366 2411 1518 2491 explicare

170 2502 290 2566 elarius.
337 2501 416 2564 Nam
448 2519 543 2581 neque
567 2499 648 2563 Solis
678 2520 773 2583 neque
797 2502 908 2565 Terrae
940 2501 1036 2563 virtus
1067 2519 1211 2563 emanans
1242 2499 1273 2563 in
1296 2501 1414 2563 Lunam
1446 2508 1519 2564 tunc

170 2592 311 2697 celerioss
328 2599 392 2665 est,
424 2609 490 2652 cum
514 2589 601 2652 Luna
632 2589 662 2652 in
691 2589 769 2653 hanc
793 2591 971 2655 diametrum
997 2589 1113 2653 incidit.
1158 2562 1344 2671 Aeqhabiles
1377 2589 1456 2654 enirn
1488 2597 1521 2653 et

169 2690 314 2764 perpetuo
338 2687 513 2742 constantes
536 2699 603 2740 esse
626 2679 732 2741 horum
755 2698 911 2761 corporum
926 2681 1034 2761 (quare
1049 2688 1081 2742 et
1102 2680 1281 2760 specierum)
1297 2680 1517 2756 conversiones,

163 2788 284 2835 summa
306 2769 385 2832 ratio
409 2776 465 2831 est.
511 2767 702 2848 Relinquitur
731 2788 802 2849 ergo
832 2772 928 2832 solum
951 2770 1021 2845 hoc,
1056 2769 1133 2849 quod
1158 2769 1269 2832 dictum
1298 2777 1362 2844 est,
1394 2778 1428 2831 ut
1460 2788 1519 2831 non

167 2860 286 2941 quidem
310 2859 444 2932 celerior,
469 2858 522 2920 sed
546 2866 648 2920 tamen
671 2858 823 2921 robustior
845 2860 887 2922 sit
909 2857 1005 2921 virtus
1029 2878 1066 2921 ex
1092 2860 1186 2922 Terra
1208 2859 1342 2939 delapsa,
1366 2857 1397 2919 in
1420 2859 1517 2939 parti-

168 2947 219 3012 hns
249 2950 349 3011 lineae
373 2946 429 3011 ST
450 2946 652 3027 propioribus:
690 2967 724 3008 eo
756 2949 833 3028 quod
867 2948 1053 3031 originaliter
1089 2967 1143 3031 per
1171 2948 1269 3029 ipsam
1296 2948 1378 3009 illam
1408 2947 1518 3010 lineam

169 3055 200 3101 ex
224 3038 301 3102 Sole
325 3037 356 3100 in
380 3037 503 3099 Terram
527 3038 576 3098 eit
599 3036 745 3100 derivata.

253 3128 334 3190 Esse
367 3134 468 3189 autem
491 3116 593 3189 Solem
624 3143 678 3188 seu
710 3127 882 3190 immediate
915 3147 969 3190 seu
1001 3144 1056 3207 per
1087 3127 1135 3202 id,
1170 3126 1247 3206 quod
1270 3123 1382 3188 Telluri
1404 3132 1518 3188 motum

170 3237 299 3280 annuum
328 3215 484 3290 conciliat,
516 3215 709 3296 praecipuum
732 3216 909 3280 directorem
937 3215 1003 3297 ejus
1031 3223 1144 3290 motus,
1179 3234 1264 3297 quem
1288 3214 1391 3278 Tellus
1412 3214 1516 3277 Lunae

170 3305 272 3383 infert,
297 3306 327 3369 id
350 3305 479 3367 maxime
502 3305 704 3380 demonstrat,
728 3307 805 3385 quod
830 3307 972 3369 circuitus
994 3307 1097 3368 Lunae
1126 3305 1181 3367 sub
1204 3304 1328 3367 zodiaco
1349 3303 1515 3380 conficitur,

171 3405 199 3460 ut
227 3406 261 3459 et
284 3395 424 3460 circuitus
447 3394 541 3457 centri
565 3395 693 3457 Telluris
721 3413 851 3471 annuus,
886 3416 952 3459 cum
980 3403 1080 3458 tamen
1110 3403 1209 3458 motus
1233 3392 1360 3456 Telluris
1383 3392 1521 3466 diurnus..

171 3487 214 3566 qui
238 3487 345 3548 Lunae
369 3503 453 3547 sunm
477 3492 590 3547 motum
613 3490 797 3548 menstruum
820 3485 922 3563 infert,
947 3486 1003 3549 suh
1026 3493 1188 3567 aequatcre
1212 3484 1342 3547 incedat.

753 3714 934 3726 ——n—....

528 3742 552 3797 u

663 3893 782 3994 Caput
807 3847 1025 3969 XXXVHl.
1353 3908 1370 3939 l
1419 3890 1457 3999 ’ᾗ

174 4059 330 4127 Planctus
346 4064 477 4143 propter
499 4075 689 4119 communem
704 4054 793 4119 Solia
807 4027 875 4119 'iles
896 4057 1056 4118 matricem
1071 4056 1240 4139 praeditos
1262 4078 1328 4120 esee
1350 4060 1381 4123 vi
1400 4059 1515 4124 ιἰιιὶιιιι

340 4157 369 4212 ιι
391 4154 493 4210 motare
515 4166 623 4209 eoram
644 4144 843 4227 angulorum
863 4147 1007 4253 cqoporai
1029 4165 1070 4208 eso
1091 4145 1214 4212 doceo
1236 4152 1350 4212 ιιιιιίι.

256 4292 329 4356 Dixi
351 4291 387 4353 de
410 4289 490 4352 illius
506 4297 605 4352 motus
621 4288 743 4368 origine,
768 4286 829 4369 qui¹
841 4270 980 4367 plap‘etas
1003 4288 1083 4350 circa
1098 4286 1207 4363 Solem,
1232 4290 1281 4351 vel
1295 4280 1419 4353 ‘hallam
1436 4291 1517 4354 circa

173 4384 295 4448 Terram
318 4387 418 4456 rotat;
448 4380 505 4441 hoc
529 4385 583 4457 ιιι
599 4378 636 4440 de
660 4377 760 4440 causis
790 4384 866 4465 nat·
887 4374 893 4385 '
911 4377 978 4439 ihus
1006 4377 1086 4440 illins
1109 4376 1226 4453 circuli,
1259 4379 1361 4460 quiin
1389 4380 1516 4442 theoriis

172 4477 360 4555 planetarum
383 4488 436 4550 pro
460 4469 581 4531 diversa
613 4475 767 4530 auctcmm
800 4467 863 4528 inte
883 4452 966 4529 hone
989 4467 1038 4529 vel
1061 4467 1244 4529 eccentrious
1273 4468 1322 4529 vel
1345 4469 1514 4532 concentri-

172 4584 220 4627 cus
246 4560 426 4643 appellatur.
463 4558 534 4621 Jam
549 4558 639 4621 etiam
663 4558 819 4620 dicendum
837 4557 875 4617 de
898 4555 1028 4618 naturali
1043 4575 1135 4620 causa
1158 4555 1251 4637 ipsius
1268 4557 1513 4636 ec'centricitati's,

171 4673 222 4716 seu
245 4651 278 4715 in
301 4648 477 4729 particulari
501 4647 658 4730 (lopernici
681 4644 852 4730 hypothesi,
877 4644 970 4726 ipsius
992 4645 1117 4729 epicycli
1140 4644 1170 4707 in
1194 4646 1389 4711 concentrioo.
1435 4648 1514 4712 Nam

171 4743 266 4805 virtus
290 4758 413 4804 movens
437 4757 474 4800 ex
497 4736 569 4801 Sole
599 4737 745 4800 hactenns
776 4733 941 4816 aequabilis
965 4734 1034 4811 suit,
1068 4736 1271 4798 tantummodo
1298 4755 1352 4816 per
1384 4736 1459 4802 alias
1483 4744 1516 4800 et

171 4832 247 4896 alias
272 4828 448 4894 circulorum
473 4826 684 4911 amplitudines
714 4825 825 4906 gradus
849 4823 984 4887 diversos
1008 4823 1137 4888 hahens:
1171 4823 1319 4905 ingenium
1348 4842 1419 4893 vero
1448 4827 1514 4910 ejus
