3354 5504
159 276 204 348 '2ss
304 304 307 309 -
581 267 685 327 Βίαν
701 265 803 332 Kepleri
821 265 970 332 morumque·
985 270 1089 319 m

249 455 382 536 Oportet
399 452 464 531 jam
492 448 646 527 regionem
679 443 759 505 circa
780 441 806 502 B
829 440 963 501 dividere
984 439 1015 500 in
1037 435 1060 502 4
1079 429 1230 521 lagaros,
1262 445 1408 525 aequales
1431 445 1518 509 datis

73 587 76 594 ·
161 567 187 624 c,
210 547 238 620 d,
262 546 283 619 f,
309 528 343 617 e,
361 549 392 602 et
414 536 566 617 regionem
591 534 671 594 circa
692 532 723 592 A
746 529 774 590 in
798 524 819 590 4
842 527 983 609 aequales
1005 527 1085 588 datis
1108 547 1138 608 g,
1157 530 1188 605 h,
1208 531 1228 603 i,
1248 531 1284 608 k,
1309 532 1355 595 sio
1377 533 1516 614 quidem,

160 645 194 699 ut
217 633 366 696 sectiones
389 635 553 709 quaternae
583 623 728 683 linearum
751 619 836 678 exB
863 625 895 677 et
923 635 960 677 ex
981 616 1012 676 A
1029 619 1281 682 =concurrentium
1311 621 1452 685 incidant
1485 624 1517 685 in

161 719 429 787 circumferentiam
459 714 524 793 ejus
549 708 671 783 circuli,
701 705 786 784 cujus
812 705 869 766 BA
898 705 1033 784 utrinque
1065 704 1241 769 continuata
1273 709 1474 778 diameter,e
1510 758 1518 774 .

133 813 218 876 ‚Hic
250 808 403 892 cylindros
433 811 465 865 et
493 819 585 863 conos
615 804 648 858 ct
678 793 817 874 quicquid
839 799 887 853 est
918 792 1133 872 suppellectilis
1160 797 1363 874 geometricae
1392 721 1518 880 expell,

161 898 305 982 Apolloni
319 893 459 959 Gallice.
505 890 586 952 Nam
608 884 684 948 facit
704 880 844 942 instituta
865 880 1095 942 restaurationis
1123 886 1343 948 astronomicae
1367 886 1519 968 ἀκριβιια,

162 991 265 1063 utils,
289 1004 366 1067 quae
390 983 455 1062 jam
478 970 705 1042 demonstrasti,
727 988 832 1049 parum
855 968 912 1029 imi
934 969 1085 1049 possimus
1108 971 1147 1030 ad
1167 974 1283 1054 majora
1306 976 1518 1056 adspirantes.

250 1075 361 1140 Modus
384 1091 442 1153 quo
466 1086 522 1149 ego
549 1083 615 1128 sum
638 1079 710 1122 usus
733 1058 764 1117 in
787 1076 876 1137 opere
900 1057 985 1137 (quia
1007 1058 1055 1120 hic
1079 1059 1235 1138 problema
1256 1063 1440 1139 illustrabit)
1467 1067 1520 1129 bic

641 1148 706 1210 ruit
729 1147 804 1208 Esto
819 1145 947 1209 cuculus
965 1148 1187 1227 propositarum
1206 1152 1373 1215 sectionum
1386 1154 1520 1219 DEFG.

641 1238 725 1305 Haec
748 1242 796 1296 est
816 1234 867 1294 via
889 1234 984 1314 ipsius
1010 1236 1152 1317 planetae
1182 1240 1306 1323 eJusque
1329 1248 1464 1322 quatuor
1487 1245 1521 1306 iu

340 1393 370 1410 f
427 1392 469 1416 ,χ
640 1324 695 1386 illa
718 1323 872 1385 stationes.
914 1322 1057 1386 Centrum
1080 1326 1144 1405 ejus
1168 1327 1209 1389 sit
1227 1331 1264 1404 Β,
1283 1329 1440 1408 ¹diameter
1462 1326 1523 1414 per

639 1420 751 1495 puncta
786 1412 845 1473 duo
885 1413 1042 1493 proposita
1078 1419 1168 1498 (quae
1202 1418 1267 1497 jam
1305 1419 1369 1480 sint
1400 1421 1444 1498 Ο,
1477 1425 1521 1486 A.

638 1506 668 1565 A
688 1508 820 1562 cendum
835 1501 912 1562 unde
936 1510 1125 1582 computatur
1139 1506 1360 1582 eccentricitas,
1385 1511 1520 1592 seipse

638 1592 703 1663 Sol,
728 1589 906 1653 Ocentrum
928 1589 1139 1673 aequalitatis)
1162 1596 1314 1658 transiens
1332 1597 1388 1660 HI.
1430 1598 1520 1665 Con·-

637 1686 795 1744 nectautur
818 1678 883 1754 ΟΒ,
908 1679 971 1753 ΟΕ,
997 1679 1058 1756 CF,
1084 1681 1150 1758 OG,
1184 1685 1229 1745 sic
1259 1685 1328 1760 AD,
1353 1687 1423 1762 ΑΕ,
1448 1690 1520 1764 AF,

243 1830 276 1843 κ
638 1769 709 1832 AG.
756 1768 833 1830 Item
855 1769 921 1843 BD,
944 1769 1008 1840 ΒΕ,
1030 1772 1093 1844 BF,
1116 1771 1175 1834 BG
1183 1793 1193 1850 3
1225 1780 1288 1835 tum
1320 1774 1415 1838 etiam
1447 1779 1520 1853 DE,

191 1852 195 1860 '
392 1844 413 1928 'l
588 1886 605 1941 fl
638 1861 700 1933 uu,
723 1857 789 1931 uc,
813 1857 889 1933 en3
914 1857 1040 1939 denique
1063 1860 1129 1923 ea.
1175 1863 1294 1925 nance
1321 1881 1395 1942 ergo
1419 1867 1521 1943 neu,

410 1941 416 1952 ⁴
640 1947 730 2019 EGF,
752 1945 850 2021 FCG,
871 1946 956 2010 GGD
979 1966 1018 2007 ex
1045 1949 1215 2012 intervallis
1243 1960 1412 2032 temporum
1438 1955 1522 2018 inter

595 2034 606 2053 ‘
642 2035 878 2100 observationes.
925 2037 1043 2098 Dantur
1066 2039 1157 2102 etiam
1180 2041 1278 2114 DAE,
1297 2038 1391 2117 E‘AF,
1416 2045 1520 2121 ΕΑΒ,

643 2127 731 2190 GAD
755 2142 793 2185 ex
811 2124 965 2189 distantiis
988 2126 1120 2191 locorum
1143 2129 1267 2191 zodiaci.
1305 2130 1422 2208 Tertio,
1447 2135 1523 2216 quia

169 2253 172 2257 v
498 2247 500 2250 ·
642 2219 682 2291 D,
704 2217 746 2289 E,
773 2216 813 2290 F,
836 2215 867 2277 G
896 2224 966 2281 sunt
996 2215 1026 2276 in
1056 2218 1184 2294 circulo,
1216 2218 1284 2280 ideo
1315 2218 1522 2300 quadrilateri

39 2288 44 2293 .
164 2333 276 2402 DEFG
297 2329 362 2394 bini
386 2316 528 2406 oppositi,
551 2319 585 2375 ut
607 2307 700 2381 ΒΕΘ,
724 2295 822 2378 EDG,
846 2303 1126 2368 faciunt'summam
1150 2305 1171 2369 2
1194 2310 1353 2382 rectorum,
1377 2319 1410 2372 et
1432 2312 1523 2397 EBG

166 2414 446 2490 circumferentialis
478 2413 526 2468 est
555 2397 694 2462 dimidius
726 2393 869 2455 centralis
897 2394 997 2468 EBG,
1021 2404 1053 2457 et
1073 2398 1142 2472 ΒΕ,
1170 2397 1228 2460 BG
1260 2400 1405 2479 aequales
1437 2408 1524 2463 sunt'

167 2514 283 2598 Quarto
306 2505 489 2592 postulatur,
513 2501 546 2556 ut
569 2489 659 2560 ORE,
682 2485 767 2548 ΕΒΑ
790 2483 904 2544 faciant
926 2503 1072 2573 summam
1095 2484 1115 2548 2
1139 2495 1297 2549 rectorum.
1329 2489 1421 2551 Haec
1446 2510 1521 2570 ergo

167 2612 237 2668 sunt
258 2596 405 2682 principia
434 2575 701 2651 demonstrationis
732 2573 862 2654 petitae,
892 2580 1108 2656 praetereaque
1135 2575 1227 2638 nulla.
1275 2576 1387 2639 Cetera
1415 2581 1523 2643 omnia

207 2697 357 2757 seruntur.
395 2682 462 2762 Ego
485 2675 586 2752 itaque
603 2668 646 2730 sic
662 2665 719 2743 egi.
756 2662 897 2737 Primum,
921 2671 955 2724 ot
977 2663 1007 2725 in
1026 2664 1131 2744 regula
1153 2665 1224 2727 falsi
1248 2666 1380 2728 solemus
1404 2687 1523 2749 ponere

70 2773 73 2781 ’
167 2715 206 2847 pp
240 2762 300 2842 nod
330 2771 500 2860 quaeritur,
534 2761 577 2824 sic
610 2774 666 2839 ego
687 2751 780 2833 posui
813 2753 909 2814 locum
940 2754 1067 2834 apogaei
1089 2755 1120 2816 H
1146 2761 1269 2816 certum.
1310 2757 1383 2818 ·Hoc
1414 2759 1522 2837 posito

168 2878 202 2937 de
222 2801 331 2933 Aluntur
353 2859 456 2943 anguli
470 2853 570 2925 ΗΑΒ,
589 2847 686 2919 ΗΔΕ,
705 2843 799 2917 ΗΑΒ,
814 2842 915 2916 HAG,
938 2852 971 2904 et
992 2844 1210 2924 complementa
1233 2844 1271 2904 ad
1295 2845 1519 2912 semicirculum

167 2892 241 3028 1321)
274 2956 347 3020 ΙΑΕ
381 2951 462 3022 ΙΑΡ,
486 2939 571 3006 IAG.
619 2933 758 3011 Secundo
781 2931 867 3011 posui
891 2933 977 3013 quasi
1006 2941 1119 2994 certam
1146 2932 1363 3012 longitudinem
1386 2937 1523 3002 mediam

78 3021 80 3025 ι
168 3050 231 3116 'sive
242 3003 433 3110 ’anomaliam
453 3028 595 3103 accentui,
618 3026 674 3087 hoc
693 3029 741 3085 est
753 3019 850 3096 HOD,
866 3018 961 3097 ΗΟΕ,
975 3020 1068 3095 HGF,
1082 3020 1179 3096 HCG,
1205 3040 1271 3083 cum
1290 3025 1524 3105 complementis

168 3139 240 3206 ΙΟΒ
265 3135 335 3200 ΙΟΕ
361 3128 440 3202 ῙΟΕ,
458 3121 542 3187 loe.
575 3118 615 3180 *ln
634 3110 794 3191 triangulis
817 3111 908 3190 igitur
930 3118 1058 3192 quatuor
1082 3128 1172 3190 super
1194 3114 1343 3175 communi
1366 3115 1435 3177 basi
1451 3118 1523 3195 Ac,

168 3187 249 3314 quae¹
269 3181 346 3290 sunt,
360 3215 458 3292 ΑΒΘ,
474 3207 569 3284 ΑΕΟ,
589 3203 682 3278 AFC,
700 3200 789 3264 ΑΒΕ
813 3201 921 3262 dantur
944 3200 1046 3279 anguli
1069 3217 1182 3273 omnes,
1206 3209 1238 3262 et
1258 3202 1343 3264 basis
1365 3204 1424 3268 Ac
1448 3226 1523 3288 per.

169 3298 299 3384 mittitur
323 3307 447 3374 arbitrio
470 3308 593 3364 nostro:
618 3290 755 3376 quaesivi
778 3308 849 3369 ergo
867 3289 1078 3371 proportiones
1100 3288 1183 3350 basis
1196 3288 1254 3352 AC
1278 3293 1318 3353 ad
1332 3292 1431 3356 lineas
1449 3298 1523 3373 AD',

92 3378 97 3442 }
172 3406 229 3474 ΑΕ
262 3404 320 3470 AF
352 3399 438 3464 AG·
468 3393 601 3456 Rursum
623 3401 695 3463 ergo
717 3381 748 3443 in
771 3387 899 3462 quatuor
924 3377 1084 3457 triangulis
1107 3378 1146 3439 ad
1169 3396 1352 3443 communem
1374 3385 1524 3450 verticem

41 3494 46 3510 ‘
169 3501 210 3563 Α·
231 3452 329 3578 ’quae'
354 3493 424 3551 suut
445 3481 542 3555 DAE,
565 3476 658 3548 ΕΑΕ,
682 3469 789 3545 FAG,
803 3469 908 3545 GAD,
941 3469 1051 3530 dautur
1080 3467 1151 3528 bina
1180 3468 1278 3531 latera
1303 3471 1368 3552 jam
1397 3473 1524 3539 inventa

172 3545 239 3650 on'm
263 3577 481 3663 comprehenso
504 3570 543 3631 ad
558 3569 605 3630 A:
630 3559 765 3646 quaesivi
787 3575 859 3637 ergo
883 3559 914 3619 in
934 3556 1061 3636 singulis
1084 3557 1224 3636 angulum
1246 3579 1336 3623 unum
1359 3562 1399 3623 ad
1418 3563 1523 3642 basin,

171 3675 292 3740 scilieet
313 3665 415 3741 ABG,
431 3662 528 3734 ΑΒΕ,
542 3651 599 3723 AF
600 3655 639 3729 G,
655 3650 747 3716 ΑΕΕ.
793 3648 834 3709 Hi
856 3655 993 3728 quatuor,
1017 3644 1087 3727 quia
1110 3655 1179 3708 sunt
1200 3657 1304 3729 partes
1327 3651 1525 3718 absumentes

71 3737 75 3744 ¹
173 3768 247 3829 duos
271 3764 303 3825 in
321 3755 525 3843 quadrilatero
542 3743 647 3810 circuli
670 3737 835 3819 oppositos,
858 3737 954 3798 additi
973 3743 1004 3796 et
1017 3743 1118 3797 mutuo
1133 3737 1243 3800 debent
1257 3740 1357 3802 iacere
1374 3748 1538 3823 summani⁴

171 3855 375 3920 2rectomm.
422 3845 468 3908 At
490 3840 516 3903 si
537 3839 595 3900 hoc
626 3851 685 3894 non
716 3827 824 3902 fiebat,
848 3827 906 3888 fuit
927 3824 1001 3887 mib'i
1015 3826 1187 3906 repetenda
1216 3830 1371 3910 operatio,
1401 3842 1525 3898 retenta

58 3932 61 3943 ’
106 3912 107 3916 ¹
145 3928 146 3933 ἵ
171 3936 322 4026 positione
346 3930 541 4016 longitudinis
564 3923 680 3988 mediae
705 3924 736 3978 et
753 3924 867 3979 mutato
891 3933 1045 3996 apogaeo:
1070 3916 1195 3978 retentis
1219 3934 1260 3981 sc.
1274 3918 1523 3988 inclinationibus

50 4029 53 4032 ,
169 4032 227 4098 Hc
250 4032 289 4094 ad
313 4030 524 4091 concurrentes
546 4018 578 4079 in
602 4011 637 4086 Ο,
662 4007 716 4071 sed
738 4006 863 4068 mutatis
886 4003 1130 4067 inclinationibus
1152 4007 1212 4071 HA
1235 4008 1275 4071 ad
1298 4020 1522 4079 concurrentes.

102 4113 105 4122 ’
172 4124 265 4206 quue
288 4116 458 4183 laciendum
481 4109 539 4173 fuit
560 4125 617 4168 non
641 4099 689 4161 bis
712 4104 829 4157 tantum
845 4095 936 4168 (nam
957 4094 1062 4174 regula
1084 4095 1155 4170 falsi
1177 4078 1229 4160 affl
1248 4117 1338 4161 cossa
1359 4120 1418 4162 non
1443 4122 1533 4184 qnae»

172 4215 262 4279 drant
284 4210 356 4282 buc)
381 4204 435 4269 sed
458 4195 651 4282 saepissime,
675 4189 768 4249 donec
792 4185 893 4265 anguli
917 4183 989 4245 dicti
1012 4185 1146 4248 facerent
1172 4207 1317 4251 summam
1340 4192 1521 4271 quaesitam.

70 4300 74 4308 ’
172 4305 255 4366 'lunc
288 4319 360 4380 ergo
390 4306 521 4376 pergens
554 4278 688 4365 quaesivi
721 4276 750 4337 in
774 4275 861 4338 GAE
894 4294 932 4336 ex
962 4273 1042 4335 datis
1066 4274 1134 4353 GA,
1158 4279 1215 4340 ΑΒ
1239 4286 1270 4340 et
1293 4279 1379 4343 GAE
1404 4281 1522 4358 (GM),

172 4393 260 4458 ΒΑΕ
291 4388 406 4452 faciunt
429 4379 531 4450 GAE)
556 4370 697 4451 angulum
720 4365 808 4428 AEG
832 4372 863 4426 et
886 4365 942 4426 GE
973 4363 1059 4426 basin
1090 4385 1278 4431 communem
1301 4370 1523 4450 triangulorum

175 4483 257 4553 ΒΓΕ
292 4478 385 4542 GBE.
432 4470 468 4533 In
498 4460 649 4542 triangulo
679 4457 769 4536 igitur
792 4453 886 4517 GBE'¹
907 4453 995 4515 datur
1019 4453 1090 4531 GE,
1115 4465 1146 4520 et
1168 4458 1252 4520 GBE
1275 4467 1324 4521 est
1349 4459 1458 4540 duplus
1483 4463 1523 4523 ad

64 4592 73 4607 ··
175 4529 267 4636 GFE’
291 4567 453 4650 quinctus
477 4552 577 4618 estin
600 4547 736 4630 partibus
759 4544 853 4618 GFA,
871 4544 968 4607 AFE.
1015 4545 1057 4606 Et
1078 4547 1148 4626 quia
1170 4549 1407 4628 aequecrurium,
1433 4550 1523 4614 datur

175 4670 215 4723 et=
229 4619 357 4742 angulus
380 4653 420 4713 ad
437 4647 526 4711 basin
539 4639 634 4704 BEG.
670 4638 774 4698 Antea
795 4653 866 4696 vero
885 4632 1011 4695 dabatur
1025 4635 1123 4714 ABG,
1147 4638 1235 4700 datur
1257 4638 1523 4727 ergo'difforontia

176 4750 353 4832 angulorum
376 4738 475 4813 ABG,
498 4730 592 4804 ΒΕΘ,
627 4725 744 4788 scilieet
770 4725 864 4787 ΒΕΑ.
910 4725 979 4786 Jam
1010 4724 1041 4786 in
1067 4727 1168 4802 BEA,
1201 4728 1270 4809 quia
1300 4728 1402 4791 nescio
1432 4733 1522 4792 auB

88 4840 92 4847 ’
176 4833 372 4909 cecideritin
401 4830 510 4893 lineam
535 4819 609 4896 CA,
642 4824 675 4878 ut
696 4833 821 4878 neccsse
851 4821 899 4878 est
931 4813 977 4891 (in
1000 4818 1220 4881 constructione
1252 4816 1369 4901 quidem
1396 4817 1427 4881 id
1456 4819 1523 4883 lieri
