3354 5504
510 429 586 498 Ergo
607 425 685 498 agite
706 424 867 495 o·juvenes,
889 415 1052 499 quibus'est
1071 425 1151 498 vigor
1171 429 1242 484 ocris
1262 437 1293 487 et
1312 433 1389 490 altus

461 507 568 581 Ingenii
587 507 716 578 geniique
738 506 826 572 favor,
848 508 945 578 quibus
967 507 1074 579 inclyta
1094 507 1129 562 ab
1150 514 1212 562 ortu

460 587 562 644 Uruuie
582 587 664 641 Dium
685 586 754 639 coeli
776 587 922 656 inspiravit
942 605 1070 652 amorem,

454 672 492 725 Et
512 667 587 721 dedit
607 667 744 721 aethereis
765 668 878 722 Terram
897 667 1102 723 et'l'errestria
1122 684 1247 742 quaeque

455 747 654 804 Posthabuisse
675 747 768 800 bonis:
791 745 836 817 qui
857 766 911 802 non
932 748 1083 802 temeraria
1101 747 1180 823 uulgi

270 892 273 897 ,
395 842 397 847 ·
456 827 574 892 Ιιιὰίιιὶιι,
589 830 646 883 'urit
666 827 781 882 tetricas
802 845 883 883 rocos
904 829 1006 884 curetis
1026 827 1162 891 memus

191 914 197 927 “
353 925 355 928 ⁴
459 907 590 964 Obscuris
611 908 704 978 talpas
726 907 866 962 mittentes
887 910 990 981 degere
1011 908 1039 962 in
1060 907 1155 971 antris,

456 992 595 1059 Perpetuo
616 995 648 1041 ut
669 1004 768 1041 coccae
789 996 927 1055 mannent,
948 990 1026 1043 velut
1046 1007 1107 1043 esse
1129 988 1287 1058 cupiscunt:

457 1073 519 1126 Huc
539 1069 645 1139 spirate
665 1061 916 1138 alaoresspopulo
936 1071 990 1124 huo
1010 1070 1075 1140 poet
1094 1075 1178 1140 terga
1198 1072 1294 1129 relicto

456 1150 587 1212 Tendite3
609 1166 659 1202 neo
679 1156 805 1213 mentem,
827 1167 898 1221 quse
918 1166 983 1221 pers
1005 1157 1050 1206 est
1070 1150 1173 1204 enthea
1193 1153 1270 1218 coeli,

441 1234 514 1302 ,Hoc
533 1228 624 1301 patrio
645 1228 753 1300 private
775 1231 862 1290 bono:
884 1230 1003 1292 studium
1025 1235 1109 1301 atque
1130 1229 1252 1287 laborem

395 1318 402 1338 ²
455 1314 516 1385 Huc
537 1310 608 1364 ferte
626 1309 789 1372 unanimes;
811 1310 885 1365 lesse
905 1312 945 1365 ιιιΙ
958 1327 1116 1366 succurrere
1136 1311 1208 1384 Regn'

454 1392 571 1446 Alfonso
592 1389 684 1454 liceat,
705 1392 812 1461 pondus
834 1409 889 1446 non
908 1390 1011 1447 viribus
1033 1390 1129 1463 aequis

456 1472 509 1536 Qui
529 1473 606 1524 modo
627 1469 708 1525 vicini
728 1471 835 1526 tulerat
854 1490 995 1537 sucoessor
1014 1470 1158 1535 Atlantis3

453 1551 595 1606 Auxilium
615 1551 695 1605 simul
715 1558 747 1605 ut
766 1555 902 1623 promtum
922 1553 1087 1624 Oopernicus
1108 1552 1207 1624 ingens

453 1632 578 1694 Sentiat;
600 1633 802 1696 Herculeum,
823 1634 886 1688 dum
906 1630 937 1702 se
957 1633 1057 1688 inferre
1078 1631 1168 1691 labori

454 1713 626 1785 Aggreditur
645 1713 739 1780 lidens,
761 1712 838 1768 oneri
858 1714 1018 1771 succumbat
1038 1712 1147 1785 iniquo:

456 1794 554 1867 Sicque
573 1793 640 1863 poli,
662 1793 786 1848 Atlantis
807 1794 880 1848 cessi
899 1794 1067 1865 Aloidaeque
1088 1793 1227 1864 columnis,

452 1876 606 1946 ingentem,
624 1873 684 1954 lum
700 1872 760 1943 jam
781 1881 921 1939 nutantes,
943 1874 1016 1930 ferre
1036 1873 1143 1929 ruinam

452 1957 594 2027 Coguntur
614 1955 779 2026 Terramque
801 1954 881 2010 simul
902 1954 1021 2010 statione
1041 1951 1232 2026 moventes,*)
1274 2021 1279 2030 ,

450 2035 604 2090 Barbariae
624 2030 772 2105 hospitium
794 2030 904 2106 (orasse
923 2033 1082 2109 ignorantia
1103 2036 1172 2091 coeli

452 2118 539 2180 Quam
556 2110 665 2186 pariet)
686 2121 852 2187 cunctosque
874 2116 995 2170 homines
1016 2116 1189 2188 pecudesque
1210 2119 1336 2192 ferasque

451 2198 607 2251 Turbantes
629 2189 694 2249 casu
715 2195 829 2267 ancipiti
850 2197 992 2269 poenisque
1013 2195 1143 2261 tenebris,

450 2277 625 2348 Antiquoque
647 2277 716 2331 chao
738 2274 882 2332 miscentes
904 2277 978 2333 atria
998 2276 1097 2331 mundi.

451 2360 511 2412 Hoc
531 2357 677 2427 prohibete
699 2359 779 2411 nefas
800 2356 1099 2428 pronoqueoccurrite
1114 2358 1221 2422 dumne,

449 2440 487 2493 Et
506 2455 611 2492 mecum
630 2438 770 2492 excelsum
791 2439 889 2493 validis
910 2437 1084 2492 conscendite
1105 2438 1250 2510 Olympum

450 2518 569 2583 Viribus,
591 2524 624 2572 ut
643 2519 722 2572 fissus
742 2526 850 2573 mature
871 2518 1014 2573 occludere
1033 2516 1125 2589 rimas,

438 2601 489 2653 'Et
509 2599 636 2653 stabilire
656 2598 734 2653 novis
755 2600 825 2653 coeli
845 2598 991 2672 laquearia
1010 2598 1149 2664 transtris,

450 2680 566 2751 Jamque
577 2679 662 2749 prius
683 2680 776 2745 liceat,
798 2695 878 2750 quam
899 2679 1107 2755 machinatots
1126 2679 1245 2738 iutisest.

501 2831 602 2902 Ecquis
622 2833 702 2886 adest
721 2823 817 2904 ἰςίιιιι,Ι
837 2833 980 2902 pulchram
1001 2830 1064 2885 hino
1083 2832 1214 2887 meruisse
1235 2845 1362 2895 eoronam

453 2912 572 2984 Obryso,
593 2904 719 2985 gemmis,¹
739 2913 822 2967 ebore
843 2910 873 2966 e't
892 2912 1026 2967 rutilante
1046 2929 1152 2983 pyropo

450 2992 631 3064 Conspicuam
650 2994 807 3064 firmamque
828 2992 917 3064 magis
938 2993 1092 3063 saeclisque
1112 3006 1260 3063 perennem

451 3074 503 3136 Qui
523 3075 608 3128 rolet‘
620 3081 704 3146 atque
725 3073 822 3128 animis
844 3074 963 3128 animum
983 3072 1088 3128 sociare
1109 3064 1257 3144 superuis?

448 3154 550 3226 Ecquis
564 3155 723 3209 ⁴Terricoles
745 3154 824 3218 inter,
848 3157 923 3225 quos·
936 3153 1059 3209 continet
1079 3154 1152 3208 orbis

385 3292 387 3296 Α
449 3236 606 3290 Innumeros
628 3236 745 3299 dabitur,
768 3236 810 3289 cui
832 3243 889 3290 tem
909 3235 1038 3305 sublimia
1058 3235 1152 3289 cordi?

449 3316 549 3391 Ecquis
571 3323 600 3369 ct
620 3324 760 3371 auctorem
780 3316 879 3380 mundi,
901 3331 951 3385 per
971 3315 1081 3369 condita
1094 3320 1180 3370 'vasto
1265 3326 1270 3336 '

448 3398 509 3450 Tot,
521 3397 645 3452 mirando
664 3398 729 3467 polo
750 3397 901 3475 spectacla,
924 3412 1075 3469 agnoscere
1096 3397 1205 3467 gestit?

446 3476 526 3531 Sicne
548 3493 640 3531 omnes
661 3477 766 3548 puriter
785 3484 870 3532 tanta
888 3479 923 3532 ed
944 3477 1072 3547 quaesita
1090 3476 1199 3532 siletis?

450 3558 520 3621 Quid
540 3573 664 3613 mussare
684 3558 783 3627 juvet?
804 3558 902 3613 Manus
924 3564 969 3610 est
989 3556 1144 3611 adhibenda
1163 3558 1260 3624 lobori,

449 3638 486 3692 Ut
506 3640 617 3692 tandem
637 3638 757 3693 abstrusi
777 3645 896 3708 pateant
915 3636 1049 3709 mysteria
1068 3637 1146 3691 coeli.

449 3718 478 3774 Si
499 3736 565 3789 quos
586 3719 709 3783 ambitio,
729 3720 843 3782 luorum,
865 3718 1031 3791 ignorantia,
1054 3712 1145 3781 luxus,

448 3801 515 3853 Tam
536 3800 616 3853 celsis
638 3799 783 3854 retrahunt
803 3797 877 3853 ausis
898 3800 982 3853 etad
1003 3799 1095 3853 infima
1115 3799 1243 3853 trudunt:

447 3880 553 3959 Saltem
573 3880 636 3935 aliis
656 3887 774 3952 parcunt
794 3897 844 3934 nec
865 3881 1003 3935 commoda
1022 3893 1128 3934 summa
1146 3882 1296 3937 retardent

500 4032 564 4103 Ipse
584 4033 655 4105 Ego,
678 4032 700 4086 si
722 4030 798 4086 facili
818 4030 941 4102 aspirent
961 4031 1026 4086 mihi
1047 4030 1157 4087 numina
1176 4032 1263 4096 vultu,

448 4113 487 4168 Et
506 4128 639 4184 superare
660 4115 718 4168 alto
739 4112 864 4167 dederint
884 4114 1029 4168 obstacula
1049 4111 1162 4185 quoeris

450 4194 647 4266 Constantique
669 4194 766 4258 mimo,
788 4195 866 4247 velut
885 4193 1029 4260 hactenus,
1060 4192 1182 4250 omuibus
1203 4194 1276 4250 ultro

447 4275 566 4329 Annitor
586 4275 684 4340 nervis,
706 4274 798 4347 magni
818 4274 975 4346 penetralia
995 4274 1065 4329 coeli

448 4356 572 4410 Pandere
593 4355 738 4428 terrigenis
760 4361 901 4427 tectosque
922 4355 1030 4427 aperire
1050 4372 1181 4410 recessus.

503 4488 543 4540 Tu
563 4490 640 4541 modo
661 4489 764 4544 miridci
784 4489 895 4559 sapiens
915 4489 1054 4542 Fundetur
1075 4487 1184 4558 Olympi

448 4570 547 4622 Anuue
568 4575 599 4621 st
618 4569 696 4624 adfer
716 4585 804 4640 opem,
826 4577 876 4624 tuo
895 4569 972 4624 fecta
991 4569 1127 4651 stupenda
1146 4571 1261 4626 notanti.

256 4755 285 4820 *)
304 4755 467 4820 subintellige
477 4753 529 4802 Poli
542 4759 650 4805 mentes.
664 4753 712 4806 lile
724 4754 789 4806 enlm
797 4753 1008 4819 imperfectionem
1021 4743 1192 4809 Asuonouriae
1204 4757 1309 4816 incuset,
1323 4765 1350 4810 et
1361 4759 1523 4828 igumsntim

184 4830 255 4893 sjm3
273 4845 323 4879 non
341 4842 397 4879 vero
416 4825 570 4892 Hypotheees
589 4826 725 4891 Oepernlcl.
743 4827 845 4878 Terram
861 4824 976 4877 mobilem
992 4825 1121 4879 fuimus.
