3354 5504
629 276 691 331 ean
708 278 801 331 ιιιιι.
837 278 919 345 capua
934 276 1048 371 ιιιιιι.
1446 198 1509 345 'eit

164 454 278 537 pondus
292 474 351 537 quo
365 454 486 539 lougius
509 466 598 519 exeat
612 458 648 517 ab
672 457 893 539 hypomochlio,
908 458 965 521 hoc
982 453 1067 518 reddi
1081 454 1297 535 ponderosins3
1322 476 1380 517 non
1396 472 1430 519 se
1443 454 1510 539 ipso

165 544 220 607 sed
238 556 364 627 propter
387 546 527 609 uirtutem
549 547 664 609 brachii
679 546 888 609 'sustentantis
911 547 940 608 iu
965 547 1021 607 hac
1045 543 1197 606 distantia.
1245 545 1391 627 Utrinque
1423 564 1511 608 narn-
1584 622 1587 627 Ι

164 652 231 715 quo,
252 640 287 697 ιι
306 632 358 697 ιιι
380 636 411 697 iu
435 644 550 699 statera
573 656 626 697 seu
650 644 735 697 vecte
704 643 790 697 tet
813 636 874 699 illic
894 635 925 697 in
948 643 1029 698 motu
1052 634 1249 715 planetarum,
1274 635 1349 699 haec
1372 634 1512 699 debilitas
1573 634 1578 645 ‘

165 720 299 804 sequitur
321 726 545 807 proportionem
567 725 788 788 distantiarum.

252 810 413 885 Quodnam
436 824 536 878 autem
559 834 666 894 corpus
690 814 720 876 iu
744 822 912 877 centrot
871 815 929 889 sit,
953 814 1120 886 nullumne,
1144 821 1177 875 ut
1200 815 1278 895 apud
1303 811 1511 894 Οιιριιιιὶιιιι,

165 902 284 983 quando
307 913 475 984 computat,
508 913 539 966 et
562 906 640 984 apud
663 904 836 985 Tychouem
860 924 898 965 ιι
920 912 1024 984 parte;
1048 924 1086 965 au
1110 904 1221 977 Terra,
1248 912 1282 966 ut
1304 904 1399 983 apud
1404 894 1515 967 Putet-

165 1010 283 1053 mueum
306 1001 338 1054 et
360 994 531 1075 Tychouem
555 1013 592 1055 ex
615 1004 716 1073 parte;
748 1013 786 1054 au
810 994 936 1075 denique
960 993 1046 1055 Sol
1039 1012 1120 1073 ipse,
1153 951 1232 1073 quod
1264 993 1353 1067 mihi,
1383 992 1460 1075 quod
1483 998 1516 1055 ιι

158 1076 344 1165 lepcrnico,
368 1084 437 1145 dnm
461 1085 646 1164 speculatur,
670 1083 786 1163 placet:
812 1082 842 1143 id
865 1091 951 1163 parte
973 1083 1069 1162 prima
1092 1081 1259 1143 rationibus
1281 1082 1415 1165 physicis
1430 1080 1516 1163 coepi

168 1166 329 1233 discutere.
374 1171 419 1234 lbi
444 1172 522 1233 enim
546 1174 575 1234 iu
599 1173 812 1252 principiorum
836 1190 958 1233 numero
982 1173 1078 1251 posui,
1102 1171 1181 1251 quod
1199 1171 1263 1251 jam
1287 1190 1353 1253 cap.
1377 1171 1513 1235 XXXII.

171 1276 204 1319 ιι
223 1260 365 1341 professo
389 1268 419 1322 et
433 1262 613 1341 geometrice
631 1262 867 1323 demonstratum
888 1270 949 1323 est:
974 1261 1126 1340 planetam
1145 1261 1257 1322 moveri
1275 1258 1424 1336 debiliter,
1449 1278 1515 1322 cum

185 1346 295 1411 incdit
318 1370 337 1410 a
358 1361 479 1431 puncto,
502 1352 579 1413 unde
604 1352 669 1430 ejus
693 1360 881 1429 computatur
904 1348 1121 1411 eccentricitas.

251 1436 301 1499 Ει
324 1440 381 1502 hoc
404 1439 549 1520 principio
574 1449 799 1520 argumentatus
823 1459 886 1501 snm
914 1439 1124 1519 probabiliter,
1149 1438 1251 1501 Solem
1274 1437 1384 1519 potius·
1400 1436 1433 1501 iu
1461 1436 1540 1501 illo.

180 1530 276 1589 ¹uncto
301 1537 332 1590 et
354 1539 457 1591 centro
487 1529 587 1591 mundi
615 1548 699 1603 esse,
733 1530 781 1591 vel
803 1530 978 1592 Ptolemaeo
1006 1528 1144 1602 Terram,
1177 1546 1264 1608 quarn
1289 1526 1371 1589 aliud
1392 1526 1517 1609 aliquod

167 1622 308 1698 puuctum
331 1638 455 1698 corpore
478 1638 613 1680 vacuum.
661 1618 768 1680 Liceat
790 1638 860 1698 ergo
885 1619 976 1680 etiam
1000 1618 1056 1679 hoc
1080 1618 1193 1697 capite,
1224 1617 1428 1679 demonstrato
1447 1616 1513 1696 jam

167 1711 269 1768 ιοιιιο
293 1708 458 1787 principio,
491 1709 569 1769 idem
593 1716 799 1788 argumentum
821 1707 976 1788 probabile
999 1715 1143 1788 repetere.
1190 1707 1305 1768 Deinde
1334 1704 1516 1781 memineris,

167 1812 211 1856 me
236 1794 464 1859 demonstrasse
487 1806 572 1878 parte
598 1798 744 1871 secunda,
775 1798 981 1877 phaenomena
1004 1796 1058 1858 sub
1081 1796 1213 1858 noctium
1236 1806 1371 1857 extrema
1393 1794 1517 1875 pulchre

168 1884 261 1965 sequi,
287 1884 313 1946 si
338 1886 541 1966 oppositiones
565 1887 676 1948 Martis
700 1905 765 1947 cum
788 1886 945 1966 apparenti
961 1885 1043 1948 Solis
1067 1885 1097 1947 iu
1121 1885 1278 1947 consilium
1301 1884 1513 1947 adhibeamus:

167 1992 221 2055 quo
246 1973 328 2034 facto
358 1972 447 2037 simul
470 1976 724 2038 eccentricitatem
747 1984 779 2036 et
797 1975 959 2036 distantias
982 1994 1019 2035 ex
1043 1974 1109 2053 ipso
1124 1974 1259 2053 corporis
1274 1973 1391 2037 Solaris
1414 1982 1516 2038 centro

167 2062 367 2139 exstmimus;
389 2073 425 2127 ut
448 2066 491 2127 ita
510 2085 627 2127 rursum
643 2065 696 2127 Sol
719 2064 832 2144 ipsein
851 2073 985 2125 centrum
999 2063 1099 2125 mundi
1117 2061 1315 2143 (Copernico)
1333 2061 1381 2124 vel
1405 2063 1516 2127 saltem

167 2152 193 2213 in
228 2160 365 2213 centrum
396 2155 570 2236 systematis
604 2155 764 2234 planetarii
797 2154 962 2234 (Tychoni)
995 2154 1105 2214 veniat
1159 2152 1220 2215 Sed
1252 2153 1357 2214 horum
1389 2153 1547 2239 drumm„

171 2250 416 2321 argumentorum
431 2245 556 2305 alterum
573 2245 677 2307 nititur
699 2244 912 2323 probabilitate
934 2242 1069 2325 physica,
1093 2243 1222 2303 alterum
1244 2242 1380 2323 procedit
1393 2263 1412 2303 a
1425 2240 1555 2323 possed¹

167 2332 205 2393 ad
230 2350 310 2392 esse.
349 2333 491 2412 Itaqnet
478 2334 569 2394 tertio
585 2334 615 2394 in
638 2343 728 2413 caput
749 2334 815 2396 LII.
841 2331 954 2406 distuli,
980 2332 1016 2393 ob
1033 2341 1138 2411 captus
1153 2332 1366 2405 difficultatem,
1390 2332 1516 2393 demon-

168 2432 268 2483 strare
288 2439 326 2480 ιι
345 2422 524 2496 observatis,
548 2422 626 2501 quod
650 2423 713 2484 fieri
736 2423 824 2484 aliter
846 2441 905 2483 non
926 2422 1034 2501 possit,
1059 2420 1128 2501 quin
1151 2421 1305 2500 planetam
1325 2424 1456 2484 Martem
1478 2421 1517 2482 ad

168 2509 350 2612 apparentia
372 2511 455 2573 Solis
479 2512 545 2572 loe-a
568 2512 743 2585 reseramus,
769 2523 799 2573 et
814 2512 992 2587 diametrum
1016 2510 1161 2590 apsidum,
1188 2530 1264 2590 quac
1280 2510 1518 2573 bisecateccen-

167 2600 288 2671 tricum,
312 2599 403 2660 talem
419 2600 579 2662 admit-tere
598 2600 735 2676 velimus,
759 2621 834 2681 quae
849 2599 930 2661 nullo
954 2608 1042 2677 pacto
1057 2621 1076 2660 a
1089 2599 1296 2679 parallaxibus
1319 2600 1399 2661 orbis
1428 2598 1518 2663 annui

167 2689 325 2750 toleretur.
364 2690 462 2769 Legat
476 2691 533 2752 hac
550 2691 585 2751 de
601 2709 642 2766 re,
667 2691 692 2751 si
707 2711 773 2771 quis
787 2708 901 2751 moram
921 2690 980 2750 fert
1002 2688 1216 2769 impatientius,
1232 2696 1321 2768 caput
1336 2690 1409 2764 LII,
1425 2707 1518 2771 eoque

168 2778 249 2839 lecto
275 2777 318 2839 sic
341 2778 463 2839 taudem
487 2779 535 2841 hie-
565 2779 691 2858 legendo
713 2779 887 2859 progrediat
889 2797 931 2839 ur.
978 2778 1061 2841 Nihil
1089 2778 1168 2838 enim
1196 2777 1236 2838 ibi
1264 2778 1428 2842 assumitur
1458 2778 1518 2841 uisi

169 2884 273 2929 merae
298 2866 533 2930 observationes.
581 2868 719 2931 Similem
741 2868 1028 2930 demonstrationem
1060 2867 1194 2929 iuvenies
1226 2875 1313 2947 parte
1346 2868 1450 2949 quinta
1481 2887 1519 2929 ιι

168 2955 363 3019 latitudinum
385 2957 561 3019 rationibus.
1513 3020 1534 3035 ,,

260 3043 335 3107 Sole
358 3045 449 3124 igitur
478 3048 507 3108 in
537 3054 604 3108 cent
605 3066 668 3115 rum
700 3046 874 3127 systematis
897 3054 1102 3124 competente,
1135 3046 1203 3107 fons
1231 3045 1353 3108 virtutis
1383 3038 1544 3125 ιιιιιιίιιιι,Ι

170 3156 207 3197 cx
226 3132 295 3213 J'am
319 3133 565 3198 demonstratis
558 3158 587 3197 m
610 3135 712 3198 Solem
736 3143 901 3217 competet,
926 3155 992 3196 cum
1015 3136 1132 3215 etipse
1156 3135 1187 3196 iu
1210 3142 1310 3195 centro
1333 3131 1467 3196 mnndi'
1452 3150 1570 3221 Jmm

170 3224 261 3287 modo
286 3232 423 3302 repertus
446 3225 495 3286 sit.
542 3224 623 3287 Sane
648 3225 674 3286 si
697 3224 785 3286 hoe
777 3244 890 3304 ipsum,
921 3225 1030 3305 quod
1017 3244 1081 3303 yam
1105 3244 1124 3285 a
1145 3224 1306 3304 posteriori
1330 3224 1383 3295 (cx
1412 3222 1538 3287 ιιιιιι.

170 3312 360 3384 rationibus)
384 3332 437 3392 per
460 3314 675 3394 longiusculam
699 3314 906 3375 deductionem
930 3314 1147 3388 demonstravi,
1180 3313 1207 3375 si
1236 3314 1308 3389 hoc,
1336 3313 1521 3415 iuquam,tl
1500 3220 1583 3433 f

171 3401 264 3484 priori
291 3402 345 3473 (ιι
374 3401 521 3481 dignitate
552 3413 583 3465 et
613 3405 800 3484 praestantia
823 3403 920 3477 Solis)
945 3392 1208 3465 demonstrandum
1239 3402 1456 3483 suscepissem,
1485 3406 1525 3467 ιι

173 3492 254 3554 idem
279 3490 410 3551 sistens
434 3492 514 3555 ritae
537 3494 637 3557 mundi
662 3494 752 3574 (quae
782 3492 844 3552 rita
874 3493 903 3553 in
926 3502 1007 3555 motu
1036 3492 1166 3554 siderum
1190 3494 1371 3572 spectatur),
1394 3489 1446 3573 qui
1472 3497 1521 3553 est

173 3590 204 3642 et
226 3578 325 3653 lucis,
357 3594 414 3659 quo
440 3581 533 3643 totins
557 3582 711 3644 machinae
736 3588 856 3642 constat
879 3591 1018 3655 ornatus,
1051 3582 1100 3661 qui
1124 3580 1227 3642 itidem
1250 3592 1283 3644 et
1303 3580 1429 3656 caloris,
1461 3600 1520 3663 quo

174 3668 277 3732 omnia
300 3677 492 3747 vegetantnr;
525 3679 596 3752 puto
620 3691 666 3733 me
691 3670 794 3751 aequis
819 3672 940 3733 auribus
964 3671 1059 3732 audiri
1082 3669 1237 3731 meruisse.
1283 3668 1398 3733 Videat
1419 3676 1520 3732 autem

175 3760 238 3839 ipse
263 3757 367 3838 Tyeho
391 3759 538 3836 Braheus,
563 3781 615 3823 scu
639 3761 704 3841 qms
728 3760 846 3840 estqui
872 3759 953 3822 illius
976 3760 1145 3840 generalem
1167 3758 1348 3840 hypothesin
1371 3759 1519 3821 secundae

174 3846 402 3928 inaequalitatis
427 3850 510 3928 sequi
532 3850 634 3924 malit,
664 3871 721 3930 qua
744 3848 806 3910 reri
831 3848 930 3929 specie
953 3850 1030 3911 hanc
1053 3848 1207 3930 physicam
1230 3848 1461 3911 concinnitatem
1483 3866 1522 3909 ex

175 3935 337 4018 potissima
363 3944 450 4016 parte
483 3947 632 4020 receptam
657 3941 739 4012 (nam
770 3947 801 4000 et
830 3939 886 4019 ipsi
919 3958 972 4018 per
1003 3936 1227 4016 usurpationem
1258 3938 1316 4000 loci
1348 3937 1521 4019 apparentis

177 4024 260 4088 Solis
289 4022 343 4087 Sol
373 4025 481 4088 recidit
503 4027 533 4091 in
558 4038 690 4091 centrum
714 4027 888 4110 systematis
911 4026 1085 4108 planetarii)
1103 4036 1189 4106 parte
1213 4046 1273 4103 uua
1295 4028 1403 4091 iterum
1425 4047 1445 4088 a
1466 4036 1531 4089 sua·

176 4112 338 4197 hypothesi
361 4116 497 4195 repellat

266 4202 390 4265 Etenim
413 4223 450 4266 ιι
473 4206 562 4269 dictis
585 4214 726 4288 apparet,
758 4206 885 4269 alterum
909 4205 1026 4268 omniuo
1050 4204 1151 4284 sequi:
1185 4213 1249 4266 aut
1271 4212 1310 4268 ut
1331 4203 1454 4265 virtus
1484 4203 1522 4265 in
1571 4224 1574 4229 ·

178 4293 269 4357 Sole
294 4293 487 4370 residens,
519 4315 613 4379 quae
635 4296 816 4378 planetas
840 4313 966 4358 omnes
989 4302 1124 4368 movet,
1157 4294 1281 4357 eadem
1305 4301 1340 4354 et
1364 4293 1521 4377 Terram

178 4390 345 4447 moveat:
370 4392 433 4446 aut
454 4384 582 4460 utSol,
607 4384 742 4465 illique
765 4385 919 4464 pervim
944 4404 1044 4445 suam
1067 4384 1259 4445 motricem
1281 4382 1521 4445 concatenati

178 4473 367 4553 planetae,
388 4493 407 4533 a
428 4472 571 4537 virtute
595 4474 733 4556 aliqua,
752 4495 842 4555 qnae
866 4472 1069 4535 inTellnre
1093 4473 1234 4549 sedeat,
1258 4472 1521 4534 cireaTerram

180 4562 378 4626 vehantur.

266 4652 349 4716 Nam
370 4650 540 4713 realitatem
556 4651 670 4714 orbium
693 4652 815 4733 Tycho
839 4651 903 4730 ipsc
926 4650 1090 4726 destmxit3
1113 4647 1246 4711 vicissim
1270 4668 1325 4729 ego
1344 4657 1522 4729 aequantem

184 4742 212 4803 in
235 4740 320 4806 Solis
342 4760 395 4802 seu
418 4742 530 4802 Terrae
553 4741 671 4802 theoria
694 4760 761 4801 esse
792 4739 901 4802 invicte
924 4740 1126 4801 demonstravi
1155 4739 1212 4800 hac
1240 4746 1327 4819 parte
1355 4738 1461 4800 tertia:
1484 4758 1523 4800 ex

184 4851 240 4916 quo
265 4832 415 4918 sequitur,
447 4830 541 4911 ipsius
562 4850 677 4915 quoque
701 4829 798 4905 Solis,
831 4828 859 4893 si
881 4836 1031 4902 movetur,
1064 4828 1178 4892 intendi
1201 4835 1233 4889 et
1260 4827 1373 4892 remitti
1399 4834 1522 4907 motum,
