3354 5504
62 318 66 359 1
168 284 231 357 102
589 288 691 341 Literna
709 272 812 354 Ke'plsri
831 288 981 355 aliorumque
998 262 1131 363 nqeue

60 460 65 473 ’
154 470 200 531 .In
222 472 252 542 3(
273 463 296 529 2
318 464 367 527 vel
391 462 423 531 3‘
446 464 553 528 deesse
575 474 647 547 puto
672 476 703 528 et
725 467 793 529 huic
817 475 849 529 et
871 466 1002 547 antiquis
1030 465 1268 548 hypothesibus,
1292 465 1376 547 torte·
1393 473 1520 548 proptor

17 580 31 593 ··
127 582 132 594 ·
167 558 277 620 salsam
310 555 524 618 assumtionem
557 555 587 618 in
617 562 660 629 >ts
702 556 832 627 Namd
862 556 968 619 habuit
1000 575 1077 619 anno
1108 552 1161 620 93.
1196 556 1225 617 iu
1250 559 1278 629 00
1304 553 1345 634 Q
1371 566 1520 638 maguam

11 665 17 679 “
58 644 64 661 “
165 646 367 709 latitudinem.
415 643 478 708 Sed
500 664 560 708 uon
583 645 688 720 video,
721 647 867 726 quomodo
891 645 1041 725 corrigere
1063 644 1195 724 possim,
1228 653 1262 706 ut
1284 646 1396 710 nullum
1421 645 1520 709 detri-

57 754 64 813 ,Ξ
123 760 127 769 ·
166 742 300 799 mentum
330 734 476 797 inferatur
507 734 581 796 locis
613 734 745 817 reliquis.
797 735 841 799 Et
871 743 973 797 tamen
1003 742 1131 814 possunt
1160 734 1235 796 haec
1264 731 1296 798 3¹
1328 733 1359 797 iu
1392 731 1530 814 ΜΘ

23 826 46 881 ¹,
166 827 285 888 efficere
309 824 349 886 ad
372 823 583 904 apparentiam
610 821 760 887 10-111.
808 822 870 886 Sed
894 831 926 886 et
948 823 1030 885 aliud
1054 833 1102 884 est
1132 823 1211 904 quod
1234 824 1383 886 desidero
1405 824 1437 888 iu
1460 822 1519 887 hac

68 946 75 959 ·
165 914 345 998 hypothesi:
378 931 484 991 nempe
513 913 591 994 quod
615 914 654 974 ad
683 913 830 975 insaniam
862 932 956 993 usque
987 913 1173 975 contendens
1196 931 1318 975 cansam
1350 914 1520 977 naturalem

61 1008 68 1055 ’ν
139 1060 142 1067 .
168 1006 338 1085 contingere
362 1021 420 1064 nou
444 1021 576 1082 possum,
601 1021 653 1064 cur
676 1009 717 1077 0¹,
743 1003 789 1064 nui
813 1011 901 1064 tauta
924 1021 991 1064 cum
1006 1001 1227 1082 probabilitate
1252 1002 1372 1066 libratio
1395 1002 1426 1065 iu
1448 1003 1519 1066 dia·

165 1102 262 1165 metro
287 1093 475 1157 tribuebatur
498 1093 561 1165 (res
586 1091 663 1154 enim
687 1090 773 1153 uobis
797 1093 834 1153 ad
850 1093 977 1154 virtutes
1000 1091 1188 1181 magneticas
1210 1093 1335 1172 pulchre
1357 1093 1520 1156 admodum
1545 1086 1548 1091 ’

165 1182 347 1258 recidebat),
370 1180 470 1262 potius
494 1180 569 1242 velit
590 1181 634 1243 ire
659 1180 776 1263 ellipsin
800 1180 850 1243 vel
873 1181 901 1242 ei
921 1180 1089 1261 proximam
1112 1181 1200 1244 viam.
1247 1183 1393 1244 Fortasse
1416 1189 1518 1245 tamea

18 1246 43 1307 Ι·
71 1282 88 1343 ,’
165 1281 249 1352 puto,
273 1273 401 1334 virtutes
424 1270 611 1349 magnetioas
634 1288 692 1332 non
716 1270 835 1332 omuino
859 1270 1008 1350 respicere
1032 1270 1124 1339 siuns,
1147 1270 1202 1332 sed
1226 1271 1306 1333 aliud
1330 1270 1455 1353 aliquid.

255 1358 384 1423 Omnino
419 1360 501 1447 sapit
531 1358 734 1439 magneticam
757 1360 817 1422 vim
850 1359 1077 1436 ecoentricitss,
1102 1367 1136 1422 nt
1159 1359 1260 1423 estin
1285 1357 1519 1427 Commentariis

61 1452 66 1462 '
144 1451 258 1515 meis:
284 1450 367 1525 nesi
390 1448 498 1529 globus
521 1456 547 1518 ο·
570 1449 696 1510 haberet
719 1468 806 1511 axem
829 1447 1032 1529 magneticum
1061 1467 1118 1510 uuo
1146 1450 1216 1529 polo
1248 1446 1288 1526 Q
1313 1457 1518 1531 appetentem,

36 1593 50 1611 ,.
167 1544 262 1605 altero
286 1538 462 1619 fugientem,
487 1556 581 1618 eoque
604 1557 662 1599 axe
685 1538 888 1618 porrigeretur
910 1538 939 1599 iu
964 1537 1167 1616 longitudines
1185 1539 1310 1618 medias,
1334 1546 1406 1602 tuuc
1428 1558 1518 1620 quam

166 1631 216 1694 din
239 1636 379 1692 versatur
401 1627 431 1688 in
456 1627 656 1689 descendente
681 1626 878 1702 semicirculo,
903 1627 1032 1713 maxime
1056 1626 1085 1688 iu
1102 1627 1286 1707 longitudine
1309 1629 1419 1706 media,
1442 1647 1517 1712 por·

77 1784 80 1789 ,
166 1720 240 1800 rigit
269 1712 373 1798 polum
409 1724 604 1803 appetentem
632 1736 739 1779 versus
769 1714 831 1794 Q,
872 1717 974 1798 itaque
1007 1735 1125 1796 semper
1156 1717 1196 1779 ad
1220 1715 1260 1795 Q
1291 1719 1429 1803 accedit,
1463 1718 1518 1782 sed

123 1855 128 1883 ,.
166 1808 295 1871 maxime
317 1808 348 1870 ia
372 1805 556 1886 longitudine
588 1806 702 1881 media,
734 1806 807 1868 nihil
830 1807 860 1869 in
892 1806 1058 1886 apsidibus.
1103 1805 1146 1867 Et
1174 1813 1245 1869 tuoe
1272 1806 1302 1869 in
1335 1807 1517 1872 emendante

53 1972 58 1987 1
108 1920 112 1927 ’
166 1897 354 1961 semicirculo
379 1894 544 1975 aequaliter
567 1896 645 1975 sugit
658 1916 678 1956 a
693 1893 744 1973 Q.
783 1896 936 1958 Fortassis
959 1893 1184 1976 itaque-(liceat
1202 1895 1280 1958 enim
1303 1896 1384 1972 mihi,
1403 1897 1516 1985 jucnn-

167 1988 290 2051 dissime
313 1984 456 2058 Fabrici,
477 1983 554 2047 'dum
577 1993 675 2047 tecum
700 1985 803 2065 loquor
827 1984 978 2052 exerceri,
1003 1984 1077 2047 dum
1100 2003 1241 2047 exerceor
1272 1986 1433 2065 prolicere)
1456 1984 1518 2050 alis

144 2077 266 2159 'aliqua
289 2069 339 2138 leis
361 2082 428 2150 est,
451 2092 511 2154 qua
532 2091 656 2154 magnes
680 2073 789 2155 aliquis
818 2074 950 2153 fugitet
973 2074 1122 2155 sequitur,
1156 2093 1245 2155 qnam
1268 2075 1361 2138 sinus.
1408 2076 1514 2139 Posito

326 2172 333 2186 '
485 2162 580 2237 enim,
613 2165 690 2244 quod
723 2163 810 2225 DFA
841 2164 883 2225 sit
915 2182 1023 2243 corpus
1051 2170 1077 2232 d
1107 2163 1265 2225 rotundum
1295 2172 1327 2226 et
1357 2164 1419 2228 DA
1450 2164 1517 2228 axis

267 2236 322 2301 ¹²⁵⁸·
341 2231 383 2285 ³⁴·
485 2251 690 2331 magneticus:
716 2271 772 2330 ego
787 2253 934 2315 hactenus
956 2252 1052 2332 posui,
1077 2253 1154 2332 qnod
1169 2254 1269 2316 Marte
1288 2253 1332 2314 sic
1353 2255 1517 2329 collocato,

418 2352 520 2415 snut
542 2341 645 2404 Solem
667 2341 780 2402 habeat
802 2343 832 2404 iu
855 2342 935 2403 linea
957 2339 1026 2415 ΒΟ,
1051 2361 1093 2403 sc.
1118 2341 1147 2402 iu
1170 2342 1214 2417 K,
1239 2362 1276 2405 ea
1299 2343 1341 2405 sit
1354 2342 1516 2424 proportio

205 2463 227 2503 Β,
295 2434 379 2502 ’ξε
487 2432 652 2494 celeritatis
677 2431 742 2510 ejus
764 2431 795 2492 iu
819 2431 989 2493 accedendo
1013 2431 1052 2492 ad
1075 2431 1261 2493 celeritatem
1284 2431 1313 2494 in
1337 2432 1517 2509 recedendo,

198 2449 396 2652 §rib
488 2540 554 2583 cnm
577 2521 670 2582 habet
694 2519 797 2582 Solem
819 2520 849 2581 in
869 2520 906 2593 D,
932 2538 1008 2599 qnae
1032 2527 1081 2581 est
1102 2521 1257 2601 proportio
1281 2521 1364 2584 sinus
1379 2523 1517 2597 (versus)

301 2664 310 2675 ,.
354 2654 376 2690 r,
487 2611 533 2672 IN
557 2610 595 2671 ad
619 2609 674 2670 sin.
692 2610 744 2672 lB.
762 2599 824 2669 'Es
847 2610 875 2670 in
899 2609 956 2669 hac
978 2609 1127 2689 positione
1152 2611 1276 2671 iuventa
1298 2612 1406 2674 esth
1429 2608 1517 2674 uim‘n

487 2717 592 2778 parva,
615 2699 675 2760 imo
700 2700 761 2760 fere
781 2699 869 2777 justa
890 2717 945 2778 pro
969 2697 1118 2779 particula
1145 2698 1329 2773 librationis,
1352 2719 1407 2781 pro
1431 2720 1517 2764 men-

236 2862 239 2866 ,
377 2806 400 2848 rr
488 2807 577 2862 sura3
601 2788 672 2868 quid
695 2788 722 2848 ai
737 2806 807 2867 ergo
831 2788 931 2866 potius
955 2789 999 2849 sic
1014 2788 1055 2850 sit
1073 2788 1147 2850 haec
1171 2807 1287 2870 qnoque
1311 2808 1384 2851 vera
1407 2790 1517 2853 celeri-

291 2871 312 2911 ⁸
487 2877 572 2945 tatis,
596 2886 630 2938 ut
652 2876 708 2941 ΝΟ
733 2878 771 2938 nd
793 2877 850 2940 BD
874 2886 926 2938 aut
953 2877 1014 2939 alia
1037 2877 1161 2958 aliqua?
1198 2878 1278 2940 Nam
1301 2879 1329 2940 si
1351 2879 1445 2941 etiam
1468 2881 1530 2941 in-.

168 2970 348 3031 haereamus
372 2967 439 3029 huic
463 2966 623 3051 hypothesi
646 2967 844 3046 magneticoe,
868 2966 1036 3028 rationibus
1064 2967 1240 3048 quibusdam
1264 2986 1404 3049 cogemur
1426 2968 1519 3033 alium

81 3070 88 3081 ’
167 3057 298 3139 aliquem
321 3057 441 3119 modum
465 3074 616 3140 quaerere.
664 3055 806 3129 Primum,
832 3055 859 3116 si
883 3053 923 3133 Q
948 3063 979 3116 et
1001 3056 1064 3135 poli
1094 3056 1255 3135 magnetici
1279 3057 1316 3134 1),
1340 3058 1371 3120 A
1394 3067 1467 3121 snut
1487 3059 1517 3120 iu

46 3184 49 3190 ·
126 3186 129 3190 ι
161 3142 273 3209 'eodem
296 3147 386 3227 plano
411 3145 579 3219 ecoentrici,
603 3163 662 3206 uon
678 3144 820 3206 debemus
844 3145 1014 3224 suspicione
1030 3146 1159 3226 quadam
1183 3146 1307 3219 turbari,
1331 3147 1418 3228 quasi
1436 3147 1518 3211 alind

170 3235 328 3298 dicendum
352 3235 394 3296 sit
417 3237 453 3295 de
483 3234 580 3296 solido
611 3233 744 3313 corporis
767 3234 956 3313 planetarum
989 3235 1097 3313 globo,
1131 3234 1211 3297 allud
1245 3235 1282 3297 de
1311 3236 1423 3299 circulo
1453 3237 1518 3318 ejus

31 3294 33 3298 Ι
89 3340 92 3346 ·
170 3324 312 3387 maximo.
358 3323 438 3387 Nam
461 3324 560 3405 posito
585 3323 663 3404 qnod
686 3323 848 3402 posuimus,
872 3323 979 3403 globus
1003 3332 1085 3386 totus
1108 3332 1262 3404 potestate
1285 3326 1401 3387 divisus
1423 3326 1517 3389 iutel-

167 3414 271 3494 ligitur
296 3414 325 3475 in
350 3413 480 3476 infinitos
504 3413 632 3475 circulos
655 3413 837 3492 parallelos,
869 3434 888 3473 a
910 3412 1039 3474 marimo
1067 3414 1204 3494 utrinqne
1227 3415 1267 3476 ad
1290 3410 1517 3498 minimoquui

167 3522 271 3565 omnes
294 3502 461 3583 aequaliter
485 3521 589 3564 versus
605 3499 646 3579 Q
671 3510 758 3564 eruut
780 3502 927 3581 dispositi,
953 3503 1054 3584 itaque
1077 3503 1234 3583 proportio
1254 3503 1389 3566 mauebit
1412 3505 1517 3568 eadem

167 3592 376 3672 multiplicatis
399 3593 544 3655 terminis.
591 3589 640 3653 Sit
664 3610 734 3671 ergo
757 3591 859 3654 FDIA
882 3592 1008 3653 circulus
1031 3593 1157 3674 quilibet
1178 3592 1208 3654 iu
1228 3611 1351 3675 corpore
1374 3593 1516 3674 planatae

32 3728 36 3735 .
167 3682 333 3761 parallelus
357 3682 534 3756 ecoentrico‚
560 3687 591 3741 et
613 3679 655 3741 sit
677 3680 748 3742 FDI
769 3680 973 3743 semicirculus
1006 3688 1168 3764 appetens,
1189 3683 1262 3745 Far
1284 3682 1517 3763 lugiens,.Sole

168 3771 198 3831 iu
221 3771 266 3832 ΒΙ
288 3779 430 3832 versante
453 3773 487 3833 lit
517 3769 742 3851 aequilibrium,
777 3770 905 3849 quiade
935 3770 1138 3844 semicirculo,
1171 3771 1220 3852 qui
1243 3770 1309 3835 Soli
1338 3773 1514 3847 obvertitur,

166 3878 209 3921 sc.
235 3858 330 3928 DIA‚
365 3859 518 3922 dimidium
540 3860 585 3923 DI
618 3866 667 3920 est
699 3867 863 3940 appetens,
895 3860 1049 3922 dimidium
1069 3861 1116 3922 la
1140 3859 1274 3940 lugieus;
1297 3861 1370 3924 Sole
1392 3881 1466 3947 vero
1487 3862 1516 3925 ia

165 3949 224 4011 ΒΚ
247 3956 397 4023 versante,
422 3949 626 4012 semicirculus
649 3945 739 4011 RCM
763 3948 978 4024 consideratur,
1002 3950 1032 4010 in
1056 3966 1119 4030 quc
1129 3949 1175 4011 Rl
1197 3957 1269 4012 snut
1290 3959 1395 4031 partes
1418 3950 1515 4035 appe·

169 4037 529 4117 tentes,1Mfugieutes.
567 4039 650 4100 Pone
664 4036 712 4099 lG
735 4039 891 4118 aequalem
905 4039 963 4114 IM,
988 4038 1081 4118 igitur
1097 4036 1144 4100 lG
1168 4039 1383 4105 annihilabitur
1405 4041 1515 4104 anm

137 4122 143 4131 ’
167 4125 360 4206 Relinquitur
382 4126 443 4190 RG
467 4127 714 4190 considerandum
737 4143 791 4208 pro
815 4147 954 4190 mensura
976 4128 1149 4208 appetentis
1173 4129 1337 4193 facultatis
1384 4130 1453 4194 Ubi·
1469 4130 1517 4193 ΠΙ

166 4217 418 4295 complementum
443 4227 491 4278 est
518 4217 557 4277 ad
581 4215 622 4280 10
646 4217 811 4278 discessum
840 4218 981 4296 planetae
1004 4218 1044 4278 ab
1072 4235 1208 4296 apogaeo
1232 4226 1264 4280 et
1285 4217 1334 4281 IG
1355 4219 1516 4296 similitar;

10 4354 19 4390 5
65 4284 100 4349 '.
166 4325 237 4383 ergo
263 4304 323 4366 GR
353 4325 439 4366 arcus
471 4315 518 4366 est
551 4306 657 4385 duplus
682 4306 721 4367 ad
743 4305 785 4368 10
811 4307 976 4369 discessum
1006 4306 1045 4368 ab
1073 4325 1219 4385 apogaeo.
1265 4306 1384 4379 Quodsi
1412 4317 1538 4391 partes¹

166 4401 344 4474 appetentes
369 4413 464 4474 aeque
497 4395 609 4455 multae
641 4415 759 4476 semper
792 4404 970 4476 appeterent
1001 4396 1169 4474 aequaliter
1201 4412 1374 4479 quocunque
1406 4399 1516 4481 angult

166 4482 262 4559 DBK,
289 4482 377 4545 GBK
400 4483 465 4557 due,
491 4491 561 4545 tunc
585 4486 703 4547 omnino
728 4485 880 4547 discessus
904 4486 942 4547 ab
967 4503 1101 4564 apogaeo
1132 4485 1289 4575 metiretur
1311 4488 1516 4569 appetentiam

9 4575 39 4657 Ἰ
65 4568 91 4611 '·
166 4581 198 4633 et
221 4572 396 4654 aequalibus
427 4573 610 4657 temporibus
643 4575 779 4654 aequalis
812 4582 895 4636 esset
926 4573 1137 4637 distantiarum
1164 4582 1191 4645 d
1218 4598 1238 4640 a
1270 4573 1311 4654 Θ
1339 4577 1515 4642 imminutio.

166 4656 228 4723 Sed
252 4662 471 4724 consideranda
503 4661 595 4724 etiam
628 4663 770 4726 fortitudo
801 4663 913 4743 anguli.
959 4661 1038 4725 Nam
1061 4662 1134 4725 Sole
1158 4665 1188 4726 in
1209 4666 1253 4729 Bl
1275 4675 1429 4743 versante,
1459 4665 1516 4730 etei

65 4746 68 4753 ’
166 4750 240 4812 nihil
264 4759 461 4831 operarentur
483 4753 529 4815 Al
553 4751 712 4831 fugientes,
737 4773 794 4815 uon
819 4762 918 4814 tamen
942 4752 988 4814 DI
1010 4761 1203 4834 appeterent,
1226 4755 1297 4836 quia
1319 4757 1422 4839 auguli
1444 4754 1517 4820 Dlll
