3354 5504
680 241 741 294 Pars
760 240 864 304 Quarto.
903 241 984 306 capm
1000 242 1077 297 XLV.
1428 244 1431 253 '
1489 239 1553 309 ³³9

156 436 193 509 ιιι
368 437 497 489 sursum,
519 417 706 481 breviores
698 439 725 480 ιιι
750 419 847 481 locum
870 419 1045 497 longiorum.
1092 423 1107 484 ι
1257 421 1388 484 nfirmari
1408 420 1553 503 coepitio

266 584 269 589 Ι
379 508 456 584 iste,
485 528 571 610 quem
594 528 685 611 supra
707 527 773 587 cap.
797 510 952 571 XXXIX.
978 509 1106 573 felicior
1221 531 1450 592 coeperam,
1473 512 1553 591 pla-

181 588 390 750 'condicere
422 686 457 749 Si
476 686 621 750 diameter
644 687 768 768 epicycli
782 688 841 749 Μ)
856 687 1018 749 mansisset
1031 708 1090 768 rpsr
1106 691 1162 752 AB
1178 690 1393 776 aequidistans,
1417 699 1553 768 poteram

202 776 325 841 exuisse
338 776 426 838 *banc
449 796 547 838 meam
570 777 737 879 opinionem
761 795 924 850 erroneam,
949 784 1159 858 poteramque,
1183 779 1262 859 quod
1286 786 1334 842 est
1355 779 1551 855 verissimum,

201 884 321 953 ornnem
341 866 561 951 promotionem
583 867 613 927 in
636 867 853 944 longitudinem
879 865 995 927 zodiaci
1021 867 1238 931 transscribere
1262 852 1338 942 Soli,
1385 915 1440 964 ri.
1461 910 1504 962 97

200 956 300 1018 solam
321 955 461 1036 planetae
485 955 703 1018 librationem'
695 976 724 1016 m
740 956 887 1016 diametro
906 951 942 1034 ιζ
958 956 1135 1036 relinquere,
1157 956 1192 1019 nt
1207 978 1238 1019 ιιι
1251 965 1338 1038 parte
1448 989 1469 1022 r

200 1064 267 1126 cap.
291 1045 448 1108 XXXIX.
495 1043 558 1107 Sed
581 1045 650 1127 qnia
674 1036 900 1107 iobservatioues
932 1046 1140 1121 testabantur,
1168 1047 1247 1109 hanc
1275 1047 1344 1108 dia·
1457 1076 1462 1081 ·

199 1143 331 1198 metrum
364 1134 490 1215 epicycli
521 1134 692 1199 inclinari
683 1155 715 1195 m
738 1133 973 1213 longitudinibus
996 1135 1122 1209 mediis,
1152 1135 1184 1197 id
1208 1135 1342 1199 admira-

198 1224 305 1288 biliter
328 1242 376 1286 me
399 1224 616 1286 confirmavit
608 1245 637 1284 m
662 1243 762 1285 errore
795 1223 851 1285 hoc
880 1223 916 1282 de
944 1231 1026 1285 motu
1058 1224 1230 1304 planetae
1222 1246 1252 1287 m
1275 1224 1344 1304 ipsa
1461 1233 1471 1243 ''

199 1311 330 1396 cpicycli
354 1310 610 1388 circumferentia,
636 1313 719 1393 cujus
739 1320 838 1374 motus
855 1321 938 1374 esset
961 1313 1107 1392 regularis
1126 1333 1145 1374 a
1162 1314 1242 1376 linea
1256 1314 1339 1392 Amy,

190 1410 240 1467 'ex
258 1403 293 1466 A
315 1399 388 1464 Sole
411 1420 479 1482 per·
486 1403 516 1466 N
540 1410 674 1463 ceutmm
704 1402 839 1504 epicycli·
862 1409 960 1464 eunte.
1007 1401 1149 1481 Cogita
1140 1422 1204 1483 rpse
1233 1403 1383 1476 lector,

332 1482 508 1572 argumenti
538 1492 760 1573 persentisces:
792 1491 942 1571 quianon
965 1492 1069 1570 putavi
1100 1492 1165 1554 fleri
1191 1492 1253 1554 ullo
1277 1492 1337 1554 alio
1457 1558 1460 1563 ,

323 1598 426 1660 posse,
449 1589 484 1642 nt
505 1582 646 1682 planetae
670 1581 770 1643 orbita
793 1580 969 1642 redderetur
992 1580 1136 1642 uvalis·
1193 1609 1214 1647 s
1308 1622 1316 1639 .

287 1669 374 1732 Haec
402 1670 504 1749 itaque
532 1689 599 1731 cnm
630 1670 673 1731 ita
701 1670 774 1731 inihi
806 1668 1000 1759 incidissent,
1039 1671 1130 1751 plane
1160 1687 1283 1731 securus
1315 1668 1352 1732 de
1380 1669 1551 1750 quantitate¹

250 1779 289 1823 ns
316 1759 471 1838 ingressus
499 1758 538 1819 ad
565 1759 677 1845 latera,
709 1758 844 1821 nimirum
867 1758 904 1819 de
928 1748 1075 1821 cousensu
1098 1777 1304 1834 numerorum,
1332 1760 1398 1840 jam
1425 1761 1552 1822 alterum

190 1759 250 1913 d?
243 1842 363 1913 Marte
394 1848 577 1929 triumphurn
610 1848 668 1928 egi.
722 1849 828 1928 Neque
860 1848 931 1910 mihi
959 1849 1080 1911 difficile
1104 1848 1277 1924 videbatur,
1311 1848 1338 1910 si
1361 1849 1433 1931 qnid
1455 1848 1551 1910 adhuc

195 1930 280 2005 inter
301 1954 441 2003 numeros
464 1946 547 1999 esset
570 1938 746 2012 discordiae,
772 1939 801 1999 id
825 1961 865 2015 τῳ
888 1943 1129 2019 προσθαφαιριιι
1150 1956 1204 2017 per
1222 1936 1344 2001 minima
1362 1937 1553 2001 circumcirca

196 2028 362 2108 dissipare,
385 2034 420 2088 ut
441 2028 617 2089 redderetur
638 2027 821 2089 insensibile.

288 2117 337 2179 Ac
365 2135 437 2190 nos,
471 2115 547 2178 bone
572 2117 675 2190 lector,
700 2137 755 2197 par
778 2125 827 2179 est
849 2117 999 2196 triumpho
1023 2127 1085 2178 tam
1108 2115 1266 2196 splendido
1291 2115 1440 2179 dieculam
1461 2134 1551 2187 uuam

195 2206 317 2288 (capita
340 2205 461 2285 inquam
484 2205 642 2286 sequentia
665 2207 809 2288 quinque)
833 2206 1005 2284 indulgere,
1031 2204 1169 2268 cohibitis
1193 2205 1310 2267 interea
1332 2225 1427 2268 novae
1449 2204 1551 2266 rebel-

146 2294 152 2318 ¹
195 2295 287 2359 lionis
309 2295 487 2369 rumoribus,
513 2315 548 2357 ne
573 2300 738 2375 apparatus
761 2296 819 2356 iste
843 2295 929 2356 nobis
953 2295 1029 2356 citra
1051 2295 1237 2374 voluptatem
1260 2303 1375 2373 pereat.
1422 2293 1552 2376 Siquid

196 2385 342 2467 deinceps
365 2385 432 2460 erit,
457 2404 511 2446 suo
534 2391 669 2462 tempore
694 2392 725 2446 et
748 2384 851 2446 ordine
873 2403 1073 2464 peragemus:
1093 2385 1158 2464 jam
1181 2383 1302 2465 quidem
1325 2384 1455 2461 hilares,
1480 2392 1551 2448 tuuc

195 2484 299 2539 sutem
322 2474 414 2554 gnavi
437 2481 470 2536 et
491 2473 614 2536 streuui.

282 2914 320 2985 ι-

728 2987 848 3091 Caput
878 2987 1011 3065 XLVI.
1116 3083 1125 3107 .

192 3184 359 3266 Quomodo
383 3184 519 3247 deam&
537 3185 640 3266 possit
661 3183 878 3357 liueqouqlnotuc
902 3184 1054 3339 plauzac
1075 3203 1116 3248 ec
1138 3183 1286 3266 opinione
1303 3181 1419 3267 capso
1431 3180 1547 3261 XLV.

799 3295 888 3357 esque
910 3295 948 3338 eo

280 3429 394 3513 Capite
425 3432 573 3522 superiori
600 3453 692 3495 cansa
722 3433 842 3514 quidem
865 3435 948 3498 dicta
970 3444 1032 3506 est,
1057 3455 1116 3517 qna
1139 3433 1203 3495 fieri
1225 3435 1337 3514 possit,
1367 3440 1402 3495 ut
1420 3432 1548 3513 planeta
1605 3419 1609 3429 ¹
1640 3443 1645 3456 '

178 3544 212 3597 ιι
230 3521 374 3627 fistulati
406 3522 506 3586 orbita
538 3523 674 3585 aberret:
706 3523 869 3586 delineatio
896 3544 969 3587 vero
999 3523 1182 3605 geometrica
1212 3522 1330 3587 itineris
1360 3523 1463 3605 nequit
1491 3540 1547 3604 por

187 3602 267 3679 {ind
283 3596 409 3675 schema
423 3613 565 3694 expediri.
605 3612 685 3676 Nam
705 3612 855 3693 epicyclns
874 3614 1034 3676 inclinatur
1047 3632 1101 3696 pro
1116 3612 1302 3693 longitudino
1317 3611 1545 3676 distantiarum.
1625 3648 1628 3653 ·

189 3701 406 3767 damnorum
429 3708 530 3763 autem
557 3702 715 3764 multitudo
746 3711 777 3762 et
804 3701 960 3784 longitudo
983 3702 1117 3766 vicissim
1141 3721 1178 3764 ex
1200 3701 1327 3785 epicycli
1349 3701 1546 3765 conversione

187 3791 313 3889 pendet.
358 3789 403 3851 Et
425 3791 495 3873 quia
517 3810 632 3853 summa
655 3790 866 3855 distantiamm
892 3792 1003 3855 inest
994 3812 1025 3854 ιιι
1047 3792 1138 3873 plano
1161 3791 1301 3867 accentui,
1325 3798 1360 3854 ut
1386 3808 1452 3872 cap.
1471 3790 1557 3855 xrs.

190 3872 447 3961 demonstratum,
480 3880 584 3962 nequit
619 3880 711 3961 igitur
740 3879 866 3943 inveniri
902 3901 939 3943 ea
976 3901 1109 3955 summa,
1155 3880 1213 3942 uisi
1246 3880 1398 3962 epinyclus
1434 3879 1521 3944 hio
1510 3899 1543 3945 ln
1580 3898 1585 3903 ·

190 3968 415 4053 woentricnm
429 3976 655 4032 transmutetur.
720 3971 780 4032 Est
814 3979 914 4034 autem
948 3971 1185 4033 demonstratum
1221 3987 1286 4050 cap.
1315 3971 1355 4033 11.
1394 3977 1425 4032 et
1451 3986 1562 4052 repe-2·
1588 4010 1603 4049 ,-

187 4068 372 4140 ιιιιιιιι.οιι)
382 4046 556 4122 XXXIX.
588 4066 619 4120 et
647 4067 822 4140 usurpatum
854 4080 918 4163 cap.
942 4061 1018 4135 XL,
1049 4058 1176 4141 quod
1151 4079 1178 4120 ιι
1202 4058 1377 4122 scribatur
1378 4078 1416 4120 ex
1438 4066 1541 4122 centm

189 4174 226 4215 a.
231 4146 443 4213 concentricns
465 4147 687 4221 semidiametro
704 4150 846 4231 aequali
838 4169 897 4231 1ps1
888 4150 994 4228 ’,ιδ’
985 4169 1073 4231 mque
1093 4167 1128 4211 eo
1144 4148 1295 4230 epicyclns
1318 4147 1541 4213 semidiametro
1577 4168 1604 4196 ··
1651 4181 1657 4191 ·

188 4226 427 4320 ab,scr1batui
457 4237 563 4300 deinde
595 4247 697 4301 centro
720 4240 740 4317 β
763 4240 947 4302 ecceutricus
961 4236 1011 4301 ιι
1038 4238 1262 4301 ecceutricitate
1286 4239 1347 4316 αις
1381 4245 1412 4299 et
1433 4246 1541 4319 postea

189 4329 365 4394 dividantur
389 4326 656 4402 circumferentiae,
680 4347 746 4390 cnm
765 4328 891 4410 epicycli
914 4337 978 4391 tum
991 4327 1150 4391 ecceutrici
1173 4318 1222 4402 di,
1245 4327 1391 4408 inpartes
1407 4326 1537 4391 similes:
1596 4371 1603 4382 ·
1651 4391 1656 4407 ,

189 4418 277 4503 quod
292 4415 456 4479 distantiae
479 4425 655 4498 punctorum
678 4414 835 4480 divisionis
859 4438 926 4480 cum
948 4418 1073 4500 opicycli
1095 4422 1159 4481 tum
1182 4415 1340 4480 ecceutrici
1362 4425 1538 4498 asuscepto

188 4515 300 4592 puncto
324 4529 345 4568 α
367 4507 441 4567 fiant
462 4507 599 4587 utrinqne
623 4506 726 4569 eadem
750 4507 947 4589 longitudine.
988 4507 1058 4577 Hoc
1080 4505 1262 4588 praemisso,
1286 4524 1351 4568 curn
1374 4523 1441 4585 cap.
1464 4496 1562 4568 XL)
1655 4520 1657 4531 ·

188 4617 242 4680 per
264 4594 505 4677 suppositionem
529 4595 658 4658 ecceutri
681 4596 802 4659 facilem
825 4603 857 4658 et
873 4594 994 4677 plandm
1016 4595 1228 4665 tradiderimus
1251 4593 1537 4688 demonstrationem
1577 4667 1582 4680 Ι
1661 4606 1663 4610 “

188 4686 420 4767 methodnmqne
443 4685 634 4766 computandi
657 4685 837 4749 distantias.
866 4685 916 4747 bic
939 4705 1054 4768 quoqne
1076 4684 1239 4749 distantias
1264 4702 1321 4748 nos
1333 4671 1382 4748 irs
1397 4691 1536 4748 ecceutro

189 4774 343 4866 speculari
370 4793 550 4856 possumus,
579 4774 637 4837 etsi
666 4776 821 4856 ponimus,
853 4774 924 4838 illas
945 4783 1029 4839 motu
1058 4774 1208 4858 aequabili
1240 4772 1366 4858 epicycli
1394 4772 1535 4856 planetae

1262 4878 1325 4932 ιιι
