3354 5504
534 272 595 337 rm
614 285 717 348 orsas
754 235 917 379 021,er
1333 276 1397 355 ror

873 378 896 425 Ι

58 458 263 535 mentationis,
285 482 334 524 res
357 458 424 542 ipsa
439 463 522 542 prius
546 465 673 527 innotuit
696 484 750 544 per
763 464 977 544 experientiam
1000 465 1030 524 in
1051 464 1130 525 hunc
1152 466 1279 527 modum.
1315 465 1397 528 Con-

58 553 141 612 stitui
161 552 198 612 ad
216 552 351 630 singulos
366 552 476 630 gradus
491 555 658 614 anomaliae
673 552 801 631 00000001
815 570 870 632 pro
886 552 1039 615 distantiis
1053 553 1093 617 ab.
1105 553 1135 615 N
1146 553 1246 621 --lineas
1271 557 1335 627 KT,
1356 557 1397 618 TI

57 640 262 702 diametrales.
308 640 449 719 Singulas
473 642 563 704 etiam
587 642 689 703 ordine
714 636 751 702 a'd
775 661 918 704 summam
945 637 1075 722 priorum
1093 622 1193 791 αῖ
1252 642 1396 705 Collectis
1464 713 1466 720 ,

58 730 194 791 omnibus
226 749 341 790 summa
372 730 429 791 fuit
452 727 642 804 36000000,
675 739 709 791 nt
739 750 792 808 par
825 741 880 792 est.
929 730 1118 810 Comparatis
1191 724 1397 812 iussinssrlis

58 818 180 879 summis
205 838 272 881 cunr
294 819 393 892 totali,
418 828 449 879 ut
473 821 518 892 (in
542 822 645 897 regula
667 820 904 899 proportionum)
928 839 1043 881 summa
1061 814 1236 883 36000000
1250 821 1294 882 sic
1317 831 1398 883 esset

58 908 94 968 ad
118 902 203 970 3600
226 909 347 982 (nornen
371 908 528 969 artificiale
551 909 695 987 temporis
718 908 811 970 totius
834 909 1028 981 restitutorii)
1051 914 1084 968 ut
1202 928 1237 970 ae
1262 910 1396 989 singulae

58 995 95 1057 ad
118 1015 191 1057 snas
216 996 402 1074 significatas
427 1016 542 1058 meras:
574 996 797 1076 praecisissime
827 998 938 1076 prodiit
959 997 1054 1070 idem,
1087 997 1118 1059 in
1180 997 1284 1083 tundis
1308 1000 1398 1060 etism

49 1084 224 1165 -scmpulis,
257 1085 334 1165 quod
356 1086 510 1165 prodibat,
545 1086 569 1146 si
594 1085 745 1149 dimidiam
768 1085 1022 1148 eccentricitatem
1047 1083 1079 1149 in
1106 1085 1203 1149 sinum
1232 1087 1399 1148 anomaliae

60 1173 190 1235 eccentri
210 1174 467 1254 multiplicantem,
486 1184 596 1235 etcum
615 1193 686 1235 area
700 1175 812 1249 circuli,
837 1194 911 1254 quae
930 1175 1046 1236 valeret
1063 1172 1166 1235 itidem
1180 1170 1244 1237 360
1251 1171 1398 1275 sslnomen

59 1262 216 1325 artificiale
244 1263 387 1343 temporis
415 1263 618 1334 restitutorii),
644 1282 873 1343 comparassem.
919 1261 1050 1337 Deinde,
1073 1280 1138 1324 cnm
1171 1280 1268 1325 essem
1300 1264 1331 1325 in
1363 1285 1399 1325 ea

61 1352 208 1431 opinione,
228 1351 342 1430 justam
366 1351 540 1414 distantiam
563 1353 626 1413 NM
649 1352 857 1431 applicandam
881 1371 947 1415 esse
972 1351 1070 1415 lineae
1091 1350 1159 1425 KH,
1183 1360 1216 1412 ut
1239 1361 1320 1414 esset
1334 1347 1398 1427 ZN,

50 1441 159 1520 ‚itaque
183 1439 363 1502 anomaliam
386 1452 577 1521 coaequatam
602 1441 685 1501 ZNA
702 1440 932 1521 inquisivissem,
955 1438 1121 1521 attnhipns
1145 1458 1209 1501 earu
1233 1443 1399 1503 anomaliae

62 1530 175 1591 mediae
198 1530 287 1592 ΑΚΝ
297 1550 303 1590 :
337 1530 495 1591 manifeste
518 1529 725 1591 dissenserunt
754 1531 947 1610 aequationes
970 1550 991 1591 a
1011 1514 1080 1593 666Ι
1100 1529 1256 1609 hypothesi
1288 1529 1400 1591 vicaria

62 1637 124 1698 cap.
147 1618 238 1680 XVI.
263 1628 386 1699 eratque
410 1613 572 1681 01000460
595 1627 776 1699 coaequatae
799 1638 941 1680 excessus
964 1639 983 1680 a
1005 1636 1086 1699 vero,
1109 1637 1163 1702 per
1186 1618 1437 1701 experithtisus·¹

63 1707 303 1770 observationum
326 1709 458 1782 invento,
482 1701 557 1789 5¹h‘
581 1707 731 1782 deiectus3
764 1706 843 1768 circa
870 1704 948 1771 1350
969 1704 1088 1771 circiter
1115 1702 1156 1769 d‘.
1185 1692 1232 1789 Q
1269 1709 1297 1768 A
1335 1700 1341 1713 '
1373 1702 1382 1721 ⁰
1411 1747 1418 1761 ·

63 1796 230 1876 applicata,
263 1797 348 1858 utin
371 1797 428 1858 KL
450 1797 674 1872 terminaretur,
708 1804 777 1857 tunc
800 1798 893 1858 MNA
917 1792 1202 1877 coaequsaspp'lic
1353 1794 1381 1869 ⁶,

63 1884 229 1947 anomaliae
252 1886 358 1958 ΑΚΝ,
389 1884 621 1965 exquisitissime
646 1905 710 1947 curn
734 1886 855 1960 vicaria,
880 1886 936 1947 boc
959 1892 1007 1946 est
1044 1890 1123 1947 cuith*
1181 1904 1196 1946 s
1232 1886 1312 1946 tatio
1375 1894 1378 1899 '

62 1976 221 2036 consensit
269 1972 344 2035 Cum
368 1974 458 2053 igitur
472 1982 626 2036 constaret
643 1975 680 2035 de
703 1994 735 2035 re
750 1975 831 2053 ipsa,
854 1984 961 2054 postea
983 1868 1234 2127 imp&
1302 1975 1317 2055 Ἰ
1347 1962 1358 1987 ”
1422 2028 1427 2036 .

62 2064 182 2124 rendam
206 2082 243 2123 ex
265 2063 418 2142 principiis
451 2062 543 2125 semel
573 2064 721 2143 susceptis
755 2064 850 2143 ipsam
874 2063 964 2124 etiarn
988 2082 1108 2124 cansam
1152 2061 1196 2137 d,
1228 2082 1266 2166 qu
1419 2130 1425 2141 ,

63 2153 170 2232 capite,
194 2170 282 2232 quam
306 2153 403 2232 potuit
424 2152 489 2214 lieri
512 2151 757 2213 artificiosissime
773 2160 804 2213 ct
825 2153 1001 2226 clarissime,
1024 2140 1261 2219 lectori-detexi.
1330 2130 1399 2226 ahl,

63 2241 117 2302 nisi
133 2260 246 2302 causae
268 2241 421 2322 physicae,
446 2241 529 2302 initio
547 2259 623 2301 ame
648 2248 804 2321 susceptae
828 2243 893 2302 loco
909 2240 1127 2321 principiorum,
1150 2241 1262 2321 probae
1286 2238 1408 2303 essent*

63 2349 208 2410 nunqnam
232 2329 261 2390 in
285 2338 371 2391 tanta
395 2330 566 2391 subtilitate·
583 2330 783 2411 inquisitionis
806 2331 969 2391 consistere
990 2329 1169 2410 potuissent.
1305 2289 1397 2432 'f

147 2418 182 2480 Si
203 2417 269 2499 quis
284 2427 387 2497 putat,
412 2419 623 2481 obscuritatem
646 2419 734 2498 hujus
748 2419 957 2498 disputationis
973 2438 1011 2480 ex
1033 2419 1092 2482 mei
1112 2416 1229 2498 ingsust
1286 2484 1293 2499 ‚
1370 2439 1397 2481 r-

64 2514 121 2568 tate
146 2508 233 2568 or'iri:
267 2507 294 2568 ei
318 2526 374 2585 ego
397 2508 512 2586 culpam
536 2508 612 2569 hanc
634 2508 779 2569 hactenus
806 2508 937 2580 fatebor,
971 2508 1049 2589 quod
1072 2509 1147 2569 haec
1169 2508 1263 2581 intuct¹
1322 2572 1332 2593 ι
1382 2545 1398 2556 -

63 2615 149 2676 quere
173 2597 327 2669 noluerim,
351 2597 541 2676 quantumvis
557 2596 769 2658 obscurissima
791 2616 845 2658 nec
867 2597 955 2658 valde
978 2529 1288 2659 0000000010οᾱοΞοΞ
1330 2582 1407 2677 06000

63 2685 244 2758 exercitium,
267 2704 353 2766 quem
368 2686 484 2747 unicum
504 2687 590 2747 finem
612 2685 744 2765 plerique
768 2693 904 2748 statuunt
918 2686 1005 2766 hujus
1024 2685 1261 2769 philosophiaqc
1313 2678 1407 2791 πῇ..
1453 2700 1481 2721 ·’

64 2773 203 2837 Ceterum
217 2775 295 2856 quod
317 2774 473 2836 materiam
488 2775 606 2847 attinet,
630 2793 703 2853 rogo
718 2775 886 2854 hujusmodi
903 2775 1041 2856 aliquem,
1064 2783 1097 2835 ut
1113 2775 1269 2854 Apollonii
1330 2793 1423 2839 nica„-

63 2863 151 2944 legat
200 2863 336 2937 Videbit,
369 2883 437 2925 esse
461 2864 604 2944 quasdam
632 2864 789 2937 materias,
823 2883 897 2945 quae
929 2864 1010 2926 nulla
1037 2864 1148 2942 ingenii
1180 2850 1260 2924 ielic'
1354 2864 1397 2923 ita

63 2954 140 3015 tradi
163 2952 291 3032 possint,
315 2960 348 3013 ut
369 2953 503 3014 cursoria
531 2950 658 3014 lectione
682 2953 976 3032 comprehendantur.
1023 2951 1219 3014 Meditatiene
1250 2960 1324 3032 opus
1351 2960 1399 3012 est

64 3051 93 3103 et
115 3041 297 3104 creberrima
319 3041 515 3104 ruminatione
538 3042 694 3103 dictorum.
1348 3070 1351 3075 ·

642 3270 816 3279 ---—-

615 3447 732 3545 Caput
766 3447 846 3521 LX.

66 3609 242 3681 Methodus,
264 3627 304 3670 ere
325 3609 385 3670 hac
408 3608 558 3690 physice,
591 3608 647 3668 hoc
670 3616 714 3667 est
739 3609 875 3688 pensiero
898 3616 927 3669 et
956 3608 1118 3670 veissimo
1148 3608 1310 3691 hypothesi
1340 3630 1397 3672 esr-

65 3699 208 3763 stmeads'
235 3703 399 3777 atramque
426 3704 550 3777 partem
581 3697 778 3779 aequalitatis
810 3703 839 3757 ei
867 3697 1036 3765 distantias
1063 3697 1237 3785 pensitam
1267 3710 1397 3779 quorem

65 3797 227 3868 utumque
252 3783 348 3847 simrd
378 3805 438 3867 per
465 3786 618 3848 vicariam
644 3786 723 3865 fieri
753 3788 903 3849 hacteuus
934 3805 997 3848 uon
1026 3786 1145 3868 potuit:
1182 3796 1397 3869 arpomeatam

440 3894 445 3905 ·
557 3873 668 3956 salsae
689 3874 898 3958 hypotheseos.

151 4016 230 4089 Quia
251 4014 398 4094 capitibus
420 4013 501 4075 LVI.
525 4015 640 4077 LVlll.
664 4015 745 4077 LIX.
769 4015 892 4093 planeta
918 4013 949 4076 in
972 4013 1132 4090 diametro,
1165 4036 1270 4080 versus
1293 4017 1395 4079 Solem

66 4116 205 4180 extensa,
235 4104 353 4182 ponitur
376 4101 416 4164 ad
438 4103 540 4167 Solem
563 4104 704 4165 accedere
729 4113 760 4165 et
782 4105 819 4175 ab
842 4124 877 4165 eo
900 4103 1053 4179 recedere,
1085 4113 1116 4165 et
1137 4125 1190 4185 per
1218 4108 1275 4168 hoc
1297 4108 1395 4169 facere

66 4197 194 4259 orbitam
222 4192 398 4272 ellipticam;
430 4190 461 4254 in
493 4191 618 4272 singulis
642 4211 712 4253 vero
735 4193 853 4273 punctis
880 4194 995 4255 orbitae
1026 4202 1128 4255 tantas
1159 4195 1257 4257 facere
1286 4216 1394 4271 moras,

65 4296 178 4367 quanta
210 4290 255 4343 est
284 4281 429 4343 distantia
459 4281 539 4343 illius
571 4282 673 4361 puncti
695 4302 714 4341 a
736 4282 824 4344 Sole:
859 4283 1139 4362 opportrnrissimnm
1169 4285 1256 4346 nobis
1287 4285 1398 4347 accidit

65 4372 267 4457 compendium
290 4389 354 4449 cap.
377 4370 459 4432 LIX.
484 4370 651 4448 praemissi,
676 4371 714 4432 ad
736 4389 879 4432 summam
902 4370 1017 4453 aliquot
1038 4390 1186 4456 morarum
1210 4373 1307 4435 subito
1331 4374 1396 4435 col-

65 4463 221 4544 ligendam
269 4458 432 4522 Ostensum
455 4457 533 4520 enim
556 4468 621 4534 est,
654 4460 783 4521 demissa
815 4479 853 4520 ex
876 4460 985 4523 circulo
1007 4461 1245 4541 perpendiculari
1274 4463 1304 4524 in
1328 4462 1395 4524 dia-

66 4562 197 4615 metrum
212 4547 376 4628 longiorem
399 4546 515 4627 ellipsis
537 4547 567 4609 in
590 4549 700 4610 circulo
723 4548 891 4626 descriptae
914 4548 970 4621 (sit
992 4549 1022 4610 in
1044 4549 1137 4630 priori
1167 4550 1317 4612 schemate
1340 4552 1396 4614 KL

66 4639 202 4703 demissa
218 4637 248 4698 in
270 4634 353 4712 AO),
377 4637 421 4697 sic
443 4644 477 4697 nt
499 4645 581 4698 secet
603 4636 722 4716 ellipsin
745 4635 776 4698 in
793 4636 837 4711 M,
860 4644 891 4698 et
911 4637 1011 4717 posito
1034 4638 1106 4702 Sola
1130 4637 1160 4700 in
1181 4639 1226 4712 N,
1250 4659 1394 4703 summam

65 4727 198 4793 omnium
209 4725 416 4787 distantiarum
439 4745 457 4786 a
480 4724 551 4787 Sole
573 4726 602 4786 N
625 4733 799 4804 punctorum
822 4727 850 4787 in
874 4746 942 4787 arcu
957 4727 1020 4788 AM
1034 4727 1133 4788 inesse
1157 4728 1185 4789 in
1209 4748 1279 4789 area
1294 4728 1391 4792 ARN.

155 4816 257 4879 Posito
281 4814 371 4895 igitur
398 4833 468 4875 arcu
499 4815 638 4894 ellipseos
663 4815 740 4889 AM,
770 4815 817 4894 qui
851 4815 1119 4877 denominationem
1151 4817 1241 4878 habet
1263 4819 1300 4880 ab
1323 4837 1395 4880 arcu
