3354 5504
160 273 206 347 08
578 278 1092 346 muraenas-p...

161 479 218 543 per
237 477 351 522 rernm
397 459 555 523 Dissident
577 460 608 521 bi
631 459 689 520 duo
712 479 806 520 causa
827 459 1017 540 cugationis
1040 479 1060 519 a
1082 469 1200 533 centm
1229 459 1306 521 haec
1327 477 1401 537 ergo
1424 477 1519 521 causa

160 550 302 630 aequanti
317 547 400 612 Solis
422 549 550 610 accedit.
584 548 651 627 sgn
673 560 792 628 partem
815 549 902 628 hujus
925 550 1033 610 erroris
1056 568 1110 628 per
1123 551 1327 611 τεάιισῑὶουειιι
1350 548 1519 610 adrerum

162 641 259 702 locum
274 637 367 709 Solia,
388 648 507 718 partem
529 657 584 717 per
606 648 785 718 aequantem
799 637 881 699 Solis
894 639 1045 718 expedivi.
1083 640 1117 698 lu
1137 649 1294 700 aeternum
1307 657 1379 698 reru
1393 646 1518 700 mnam

160 729 308 802 nescires,
340 728 454 789 frustra
483 729 522 787 ad
545 727 746 806 quadraturas
769 735 801 787 et
824 728 1000 788 solstitialia
1027 737 1141 806 puncta
1162 729 1338 806 respiciens.
1383 725 1465 788 Nam
1486 728 1517 788 iu

163 830 214 900 o,
238 816 393 896 hincjam
417 818 492 878 bene
514 816 643 895 colligo,
675 817 857 877 contrarium
880 818 981 879 creuit
1008 829 1040 876 et
1063 817 1236 878 observatio
1259 837 1325 878 cum
1348 814 1518 896 Cepernico

163 907 313 969 convenit
341 937 379 950 -

251 994 319 1075 Ego
341 995 371 1056 iu
394 994 536 1057 methodo
560 1014 628 1055 mea
650 1014 743 1075 supra
765 994 919 1073 descripta
933 991 954 1055 4
969 994 1216 1077 acrouychiarum
1233 1014 1519 1075 uonpraesuppnuo

162 1084 361 1147 bisectiouem
393 1084 649 1156 eceeutricitatis3
681 1084 733 1143 illa
763 1085 938 1162 operatione
967 1104 1079 1163 quaero
1111 1083 1342 1165 hypothesin
1373 1093 1519 1146 tantum

161 1174 352 1236 sicariam
396 1173 477 1238 Nam
500 1174 651 1234 cuukulns
676 1191 713 1232 er
736 1172 997 1234 observationibus
1020 1176 1051 1235 iu
1068 1175 1166 1254 ipsam
1189 1194 1313 1236 reram
1336 1174 1517 1254 hypothesin

162 1282 253 1343 agere
284 1263 376 1342 plane
405 1263 544 1340 despero.
603 1260 734 1341 Oportet
764 1263 882 1323 omuino
921 1264 1066 1325 vicariam
1098 1265 1302 1343 interponere,
1335 1276 1443 1341 postea
1480 1281 1519 1324 ex

166 1353 281 1414 vicaria
303 1371 404 1412 reram
429 1353 600 1412 aestimare.

250 1440 299 1502 De
336 1440 570 1521 aequipollentia
606 1439 815 1521 hypothesium
845 1440 901 1500 ita·
917 1450 981 1514 est,
1019 1449 1052 1501 ut
1084 1442 1211 1521 scripsi;
1243 1441 1384 1503 limitatio
1414 1449 1520 1502 umen

164 1530 267 1611 aliqua
289 1530 430 1591 addenda
451 1539 516 1603 est,
541 1549 617 1609 quae
640 1538 671 1590 te
696 1529 799 1606 lugere
822 1530 949 1591 ridetur.
975 1560 1017 1571 -
1041 1531 1157 1609 Accipe
1181 1532 1229 1592 hic
1243 1533 1366 1592 schema
1379 1529 1519 1591 theoriae

164 1619 276 1682 Martis
299 1628 332 1681 et
354 1618 446 1691 Solis,
468 1635 501 1680 et
522 1638 637 1681 mecum
661 1618 836 1697 speculare,
858 1619 1007 1699 quomodo
1029 1620 1181 1699 quaelibet
1203 1623 1353 1700 imperata
1375 1619 1520 1698 aequatio

161 1711 291 1771 seorsim
313 1708 516 1789 computanda
538 1708 595 1781 sit,
620 1726 710 1789 quam
733 1709 881 1769 ndonem
903 1728 961 1788 ego
987 1709 1117 1770 nond-
1140 1711 1197 1771 uisi
1220 1730 1258 1770 ex
1280 1710 1395 1771 vicaria
1417 1709 1518 1789 hypo·

162 1799 242 1860 thesi
264 1798 373 1860 calleo.
419 1799 498 1858 Puto
521 1807 622 1858 autem
645 1798 738 1858 semel
761 1797 896 1858 tabulam
925 1799 1115 1877 aequatiouis
1145 1800 1389 1870 construendam,
1422 1817 1519 1878 eaque

161 1888 352 1968 postmodum
382 1888 540 1960 utendum
582 1906 705 1967 possum
737 1898 837 1948 autem
865 1908 903 1948 ex
930 1907 1003 1948 rera
1033 1888 1167 1949 tabulam
1196 1889 1298 1950 ordine
1331 1896 1517 1962 construere,

161 1977 212 2039 ubi
235 1994 354 2057 semper
375 1977 526 2056 posterior
547 1977 687 2057 aequatio
710 1978 923 2054 praesupponit
946 1977 1092 2056 priorem,
1116 1998 1210 2057 nsque
1233 1980 1272 2039 ad
1296 1991 1476 2057 apogaeum.

704 2069 733 2126 A
749 2064 813 2138 Sol,
837 2066 895 2126 AB
915 2067 1017 2127 radius
1040 2067 1122 2127 orbis
1137 2068 1257 2141 hlautis,
1280 2067 1334 2129 Bc
1359 2068 1519 2129 uerissima

331 2136 385 2202 ⁸³⁸¹
407 2133 449 2184 ¹⁴·
617 2155 838 2216 eccentrieitas.
892 2154 1011 2225 Quodsi
1041 2155 1095 2216 Sol
1128 2176 1187 2218 uon
1222 2166 1343 2236 raperet
1373 2157 1515 2233 Martem,

367 2218 385 2269 ⁰
619 2245 703 2305 stass
726 2265 744 2304 a
770 2241 795 2305 c
818 2263 873 2323 per
895 2246 919 2315 r,
940 2245 980 2315 u,
996 2242 1027 2305 0
1048 2246 1078 2305 n
1097 2247 1123 2306 e
1145 2247 1298 2308 circellum
1321 2246 1518 2320 cessasses

619 2334 704 2411 cujus
727 2333 938 2395 eccentricitas
953 2331 1050 2406 9t65,
1074 2335 1205 2414 qualium
1221 2337 1277 2398 AB
1296 2332 1434 2398 100000.
1470 2337 1518 2400 Ae

620 2423 781 2484 etiamnum
818 2422 961 2484 describit
998 2423 1080 2484 illum
1117 2425 1234 2485 ratione
1267 2425 1364 2485 lineae
1394 2422 1453 2487 AC
1485 2433 1520 2487 et

619 2512 715 2574 centri
741 2514 781 2585 A,
806 2512 860 2573 sed
883 2513 1082 2591 inaequaliter
1104 2523 1203 2575 motus
1225 2534 1280 2596 per
1298 2514 1453 2576 ambitum.
1485 2516 1518 2577 Is

619 2609 761 2671 motus&
783 2601 925 2663 consistit
948 2603 978 2661 iu
993 2602 1116 2663 nitendo
1139 2612 1245 2697 cpntra
1266 2603 1408 2664 virtutem
1422 2602 1518 2666 Solis.

617 2693 696 2754 liam
734 2692 764 2752 iu
800 2689 945 2770 principio
987 2700 1018 2752 et
1054 2693 1199 2771 temporis
1236 2693 1427 2754 restitutione
1463 2714 1518 2756 ssu

619 2781 788 2842 anomaliae
811 2780 918 2841 nititur
931 2780 1046 2842 directe
1061 2790 1151 2854 retro,
1176 2782 1205 2842 in
1220 2792 1327 2861 quarto
1347 2784 1518 2846 anomaliae

616 2870 707 2950 paulo
729 2876 801 2949 post
819 2868 849 2930 iu
864 2870 893 2930 Η
915 2870 1034 2948 positus
1063 2871 1178 2932 directe
1201 2872 1320 2932 rebitur
1339 2872 1379 2932 ad
1402 2869 1462 2948 Θ;
1486 2872 1517 2935 10

618 2960 741 3020 dimidio
764 2958 881 3038 positus
903 2959 934 3019 in
957 2960 996 3034 F,
1020 2978 1109 3038 porro
1138 2960 1253 3022 nititur.
1299 2961 1401 3022 Habet
1424 2963 1518 3041 igitur
1548 3038 1551 3043 Δ

617 3049 665 3109 hic
689 3049 771 3109 nisus
800 3056 970 3128 respectum
1002 3057 1120 3110 tautum
1143 3050 1183 3110 ad
1206 3051 1348 3111 uirtutem
1375 3047 1428 3127 Θ.
1474 3052 1517 3114 Et

168 3152 218 3208 est
239 3142 389 3226 aequalis,
423 3139 493 3219 qnia
514 3138 699 3218 temporibus
730 3137 906 3217 aequalibus
933 3157 1022 3198 arcus
1044 3140 1201 3218 aequales,
1225 3139 1306 3200 circa
1328 3149 1465 3202 centrum
1487 3141 1515 3202 B

166 3233 368 3315 inceqnaliter
389 3239 501 3291 motum
525 3228 653 3289 conficit.
701 3226 830 3297 Quando
853 3227 930 3301 dico,
954 3229 1107 3305 planetam
1132 3229 1281 3308 respicere
1304 3229 1448 3290 iirtutem
1472 3227 1513 3307 Θ

164 3324 331 3397 innitendo,
355 3319 472 3399 explico
496 3338 617 3378 eausam
640 3317 795 3399 physicam
814 3325 912 3376 motus
935 3318 1097 3397 planetae;
1121 3319 1240 3399 quando
1261 3319 1338 3390 dico,
1362 3319 1514 3398 respicere
1553 3332 1557 3339 ’

165 3422 301 3475 centmm
319 3411 356 3485 B,
381 3409 499 3488 esplico
523 3408 640 3468 modum
665 3415 786 3468 nostrae
810 3406 1035 3467 intellectionis.
1073 3407 1141 3467 lion
1156 3408 1235 3468 euim
1251 3418 1334 3487 puto,
1359 3408 1514 3486 planetam

166 3504 204 3564 ad
228 3500 350 3582 aliquod
376 3497 586 3578 imaginarium
619 3506 753 3558 centrum
784 3496 949 3574 respicere,
979 3504 1013 3556 ut
1042 3513 1116 3567 uos,
1147 3497 1254 3575 quibus
1276 3507 1333 3558 est.
1351 3496 1459 3558 charta
1482 3506 1517 3559 et

166 3609 300 3675 papyros
321 3589 361 3651 ad
374 3606 492 3650 manus.
528 3585 631 3648 Solem
653 3585 785 3647 concedo
809 3585 958 3664 respicere
981 3585 1135 3665 planetam
1157 3587 1188 3646 iu
1205 3587 1375 3665 quantitate
1399 3586 1515 3649 circelli

166 3680 312 3753 tenenda,
336 3679 407 3759 quia
435 3674 488 3753 Θ,
513 3676 580 3736 lons
603 3675 740 3748 virtutis,
770 3674 829 3735 alio
853 3683 884 3737 et
911 3675 971 3736 alio
1000 3674 1110 3753 angulo
1137 3675 1269 3736 cernitur
1292 3683 1324 3737 et
1345 3696 1364 3735 a
1387 3675 1514 3756 planeta

167 3767 384 3848 imaginatione
407 3756 592 3843 coneipitur;
615 3771 688 3845 puto
711 3763 789 3825 enim
802 3764 858 3824 has
881 3762 1098 3842 intelligentias
1117 3762 1161 3824 its
1184 3764 1380 3826 materialiter
1402 3765 1510 3845 dispo·

167 3859 254 3933 sitas,
269 3865 394 3938 atquae
409 3874 464 3916 uos
477 3855 574 3915 oculis
588 3854 745 3926 ceruimus,
761 3853 830 3914 illae
845 3853 906 3914 alis
920 3850 1115 3931 impressione
1139 3854 1327 3931 concipiant:
1350 3862 1513 3933 propterea

167 3966 235 4009 esse
257 3954 290 4008 et
310 3946 446 4008 ordinem
459 3946 582 4006 marum
597 3963 655 4005 uon
670 3951 793 4021 propter
808 3961 994 4004 numerorum
1012 3941 1253 4005 observationem
1267 3944 1321 4004 sed
1337 3952 1508 4024 eapropter

168 4039 301 4118 ipsorum
333 4034 576 4114 imaginationem
599 4033 638 4094 ad
662 4031 817 4110 dirigenda
840 4032 947 4094 itinera
969 4040 1001 4093 et
1024 4031 1119 4094 nodos
1148 4033 1407 4111 transponendos,
1438 4053 1514 4114 quoa

168 4135 243 4207 puto
264 4126 338 4193 olim
360 4125 391 4186 in
413 4124 586 4185 hodiernum
609 4122 670 4202 poli
694 4120 850 4201 eclipticas
874 4122 929 4182 sub
953 4121 1021 4182 fisis
1044 4122 1140 4183 locum
1162 4128 1306 4185 venturos
1328 4122 1356 4184 si
1385 4124 1513 4186 mundos

169 4215 359 4279 consisteret.
395 4212 458 4275 Sed
480 4213 559 4275 intra
572 4213 670 4274 dicam
694 4209 929 4291 speculationem
952 4209 1162 4291 simpliciorem
1180 4212 1286 4273 eodem
1308 4211 1512 4276 recedentem.

208 4320 213 4327 ·
255 4304 325 4367 ,lam
349 4304 432 4382 leges
455 4312 552 4363 motus
575 4300 678 4381 puncti
700 4301 726 4361 B
750 4299 917 4379 explicabo.
955 4301 1126 4379 Imaginare
1148 4301 1260 4382 itaque,
1286 4301 1366 4364 sicut
1387 4308 1437 4362 eat
1458 4301 1516 4377 As

169 4395 208 4457 ad
229 4394 298 4469 As),
320 4392 389 4466 AB,
414 4390 482 4464 AD,
506 4387 573 4463 Ac,
599 4391 643 4451 sic
665 4409 733 4452 esse
757 4407 869 4451 moram
893 4397 919 4458 0·
942 4389 971 4450 iu
1000 4385 1034 4451 1⁰
1056 4391 1104 4452 vel
1132 4390 1158 4452 l‘
1187 4390 1329 4452 circuitus
1351 4389 1435 4452 circa
1458 4388 1511 4468 Θ,

171 4485 288 4566 maudo
312 4488 360 4543 est
382 4480 411 4541 in
435 4476 470 4553 F,'
493 4479 532 4539 ad
562 4497 674 4540 moram
707 4480 735 4540 iu
769 4475 817 4552 G,
840 4478 887 4549 H,
911 4480 941 4554 I,
966 4476 1001 4543 C.
1048 4480 1126 4541 Nam
1159 4480 1254 4541 virtus
1279 4477 1319 4557 Θ
1356 4480 1515 4543 circularis

170 4574 288 4655 quidem
312 4578 370 4637 est,
394 4579 427 4630 et
449 4568 475 4630 si
497 4568 623 4647 planeta
645 4588 703 4630 non
726 4568 924 4630 descenderet
946 4588 985 4629 er
1000 4566 1035 4643 C,
1060 4580 1218 4650 raperetur
1238 4570 1375 4649 perlecto
1399 4570 1513 4632 circulo

169 4680 223 4744 pec
245 4660 272 4725 (l
296 4659 456 4738 descripto.
503 4658 552 4718 lta
575 4658 601 4717 si
623 4657 653 4720 iu
678 4659 693 4719 1
716 4663 860 4729 maneret,
883 4667 1039 4738 raperetur
1066 4659 1177 4722 circulo
1201 4678 1255 4739 per
1277 4658 1324 4720 Dl
1346 4659 1511 4738 descripto,

171 4752 226 4814 sed
252 4747 383 4813 breviori
410 4755 542 4828 tempore
572 4746 684 4817 rediret
711 4747 831 4821 eodem,
865 4746 934 4826 quia
964 4747 1060 4811 virtus
1083 4748 1113 4810 in
1137 4748 1359 4826 angustioribus
1391 4746 1516 4811 circulis

172 4840 313 4924 adpatior
334 4845 384 4900 est
405 4845 438 4901 et
459 4836 579 4900 densior
600 4835 726 4915 ideoque
750 4843 783 4898 et
803 4837 834 4900 iu
858 4835 966 4900 ellectu
989 4830 1105 4912 fortior,
1129 4856 1219 4918 quem
1241 4837 1272 4900 iu
1294 4837 1518 4902 laxioribus-et
