3354 5504
629 270 689 324 ro·
708 270 812 334 cuma
849 271 931 338 capue
946 271 1027 323 uvu.
1432 268 1497 339 389

160 446 338 511 retentionis
370 466 437 510 esse
469 447 573 510 multis
606 449 742 529 partibus
773 449 924 512 fortiorem
957 470 1046 530 quam
1068 455 1210 512 aunutum
1236 449 1304 512 axis
1327 451 1365 512 ad
1387 449 1499 524 Solem,

161 547 251 619 atque
279 535 324 600 ita
351 536 435 599 illam
465 537 503 598 ab
526 538 700 600 adversario
727 546 790 601 tam
812 539 953 601 imbecilli
975 539 1024 600 vel
1047 539 1122 602 nihil
1144 539 1193 600 vel
1214 559 1318 620 parum
1341 541 1499 604 admodum

161 624 306 709 sah'gari?
348 626 527 706 Exemplum
555 647 671 689 rursum
700 629 853 708 capiamus
883 648 922 690 ex
943 636 1092 708 magnete.
1138 630 1173 690 In
1197 648 1232 690 eo
1255 629 1499 692 manifestissime

158 714 327 799 permixtae
356 722 426 777 eunt
448 716 525 777 duae
548 716 692 799 virtutes,
716 717 1010 783 altera-directionis
1033 718 1070 778 ad
1093 717 1204 798 polum,
1229 718 1326 780 altera
1348 720 1419 781 ferri
1443 736 1498 800 ap-

157 810 275 886 petens.
321 804 427 885 Itaque
456 805 483 867 si
514 805 629 885 lingula
660 826 713 867 seu
737 827 809 870 acus
831 808 952 869 nautica
975 805 1122 886 dirigatur
1143 826 1249 869 versus
1271 807 1385 889 polum,
1409 828 1498 871 acce-

159 894 214 955 dat
244 912 316 956 vero
338 894 449 955 ferrum
471 914 489 954 a
512 893 620 968 latere,
654 915 725 956 acus
748 916 767 957 a
788 898 856 975 polo
871 896 1001 957 declinat
1022 914 1181 976 parumper
1203 904 1235 957 et
1257 897 1296 957 ad
1318 898 1426 960 serrum
1450 897 1497 959 ιιι-

160 982 263 1058 clinat,
288 991 378 1064 atque
401 983 445 1044 ita
463 983 595 1044 nonnihil
611 985 746 1064 indulget
764 985 961 1065 familiar'qati
980 984 1064 1058 ferri,
1089 984 1133 1046 sic
1152 994 1263 1059 tamen,
1287 994 1321 1047 ιιι
1341 986 1497 1068 plurimum

159 1071 229 1152 polo
252 1070 376 1134 tribuat
422 1072 500 1133 Hinc
523 1072 598 1134 adeo
621 1073 686 1135 lieri
707 1081 795 1156 putat
818 1073 1029 1146 Gilbertus‚
1055 1081 1088 1135 ut
1110 1074 1222 1153 lingula
1237 1095 1256 1135 a
1270 1076 1339 1154 polo
1355 1076 1394 1136 ad
1408 1094 1496 1155 prae-

160 1160 272 1264 cipuae
287 1160 501 1241 magnitudinis
523 1162 711 1225 continentes
734 1161 879 1237 declinet,
904 1171 992 1245 atque
1015 1162 1059 1224 ita
1082 1181 1174 1224 causa
1189 1163 1398 1226 declinationis
1412 1165 1499 1244 hujus

161 1249 235 1312 insit
264 1249 294 1312 in
317 1251 476 1312 Terrarum
500 1251 661 1325 tractibus,
685 1261 774 1355 prout
797 1273 816 1314 a
838 1253 952 1314 dextris
975 1253 1023 1313 vel
1045 1272 1064 1313 a
1087 1252 1217 1315 sinistris
1240 1252 1378 1329 altiores,
1401 1253 1499 1334 majo-

160 1357 209 1400 res
232 1347 265 1400 et
286 1338 397 1401 virtute
419 1338 643 1419 pollentiores
635 1360 665 1401 ιιι
687 1342 851 1424 propinquo
875 1342 945 1404 sint.

248 1428 394 1510 Adeoque
426 1428 530 1490 eadem
562 1448 654 1511 opera
685 1438 717 1491 et
747 1430 933 1510 aequabilem
964 1429 1080 1509 utrique
1110 1429 1246 1491 facultati
1269 1431 1399 1493 naturali
1423 1451 1497 1513 ope-

160 1518 307 1580 rationem
329 1516 503 1600 permittere
525 1537 701 1598 possumus,
723 1528 756 1581 et
776 1519 1048 1599 contemperatione
1071 1518 1223 1599 utriusque
1250 1539 1309 1581 uon
1341 1519 1498 1586 obscuram

161 1625 254 1688 neque
284 1605 452 1669 mehercule
481 1627 589 1669 vanam
627 1609 783 1670 ostendere
807 1628 928 1670 causam
951 1607 1158 1670 translationis
1182 1609 1374 1688 apheliomm.
1419 1611 1496 1674 Esto

162 1697 248 1770 enim,
272 1704 307 1757 ut
327 1696 402 1757 baec
424 1695 472 1756 vis
495 1696 642 1777 dirigendi
664 1698 730 1759 axis
753 1698 784 1759 in
807 1698 910 1762 Solem
933 1699 1058 1776 deroget
1071 1697 1202 1759 nonnihil
1223 1698 1324 1760 virtuti
1344 1700 1497 1762 retentrici

160 1785 360 1865 promodulo
393 1803 464 1846 suae
496 1785 535 1845 ad
562 1786 646 1847 illam
668 1787 879 1867 proportionis.
925 1789 960 1849 In
983 1786 1168 1848 semicirculo
1191 1787 1281 1866 igitur
1303 1788 1427 1867 aphelii,
1464 1797 1498 1851 ut

161 1875 192 1935 in
215 1873 240 1939 C
260 1878 412 1950 (Figite),
435 1892 536 1935 mucro
558 1894 663 1937 versus
686 1877 716 1938 H
738 1885 849 1938 annuet
871 1894 1042 1959 parumper,
1073 1875 1130 1937 hoc
1157 1875 1257 1937 estin
1280 1878 1497 1953 antecedentia,

162 1963 259 2027 cauda
281 1983 352 2026 vero
376 1963 486 2024 abnuet
508 1984 527 2024 a
549 1963 630 2039 Sole,
654 1965 775 2026 vincens
797 1985 956 2047 parumper
974 1965 1034 2026 vim
1047 1965 1248 2029 retentricem.
1286 1966 1391 2046 Itaque
1401 1967 1497 2047 aphe-

162 2053 232 2115 lium
255 2053 306 2114 fiet
327 2054 544 2131 retrogradum.
588 2053 635 2117 At
656 2054 686 2116 in
709 2054 894 2117 semicirculo
917 2053 1066 2134 perihelii,
1104 2060 1137 2114 ut
1159 2052 1189 2115 iu
1211 2055 1254 2130 F,
1288 2064 1399 2117 annuet
1419 2055 1498 2119 idem

91 2134 95 2145 ’
161 2161 262 2205 mucro
283 2160 388 2203 versus
414 2139 453 2217 G,
478 2141 534 2203 hoc
556 2143 652 2206 estin
675 2145 896 2225 consequentia,
919 2161 1019 2206 rusum
1041 2143 1164 2204 vincens
1187 2144 1247 2205 vim
1264 2145 1453 2207 retentricem
1467 2145 1498 2207 in
1605 2135 1612 2148 ’

162 2231 349 2295 contrarium.
396 2232 479 2292 Tunc
502 2232 594 2310 igitur
616 2233 765 2313 aphelium
782 2234 834 2295 liet
852 2233 996 2295 directum
1010 2240 1042 2294 et
1058 2232 1157 2295 velox.
1198 2230 1278 2304 Quia
1294 2253 1365 2295 vero
1380 2235 1499 2297 brevior

162 2329 209 2384 est
230 2322 288 2384 AF
309 2338 398 2402 quam
419 2318 496 2394 Ac,
531 2329 562 2382 et
585 2319 639 2384 Sol
662 2323 783 2402 propior
805 2322 864 2402 ipsi
886 2324 911 2384 F
933 2341 1021 2403 quam
1044 2320 1103 2402 ipsi
1126 2318 1170 2397 (l,
1202 2321 1270 2383 ideo
1299 2330 1330 2384 et
1353 2323 1399 2385 vis
1423 2343 1497 2387 cou-

161 2409 309 2473 versionis
341 2409 408 2471 axis
440 2410 600 2489 magnetici
631 2411 670 2472 ad
693 2410 796 2474 Solem
828 2412 935 2473 fortior
965 2412 995 2472 in
1017 2412 1043 2472 F
1065 2429 1153 2492 quam
1176 2408 1265 2474 inc.
1310 2412 1384 2475 Plus
1406 2413 1499 2493 igitur

146 2498 354 2580 ,derogabitur
376 2497 559 2560 retentrici
551 2520 582 2560 m
604 2500 630 2560 F
652 2519 740 2582 quam
762 2501 793 2562 iu
816 2499 852 2565 (l.
890 2501 958 2562 Non
976 2507 1092 2563 tautum
1112 2499 1203 2579 igitur
1218 2510 1392 2582 compensat
1409 2510 1498 2565 nutus

160 2586 359 2671 perihelius
351 2607 381 2650 ιιι
411 2588 625 2669 consequentia
653 2598 756 2651 nutum
768 2588 959 2677 aphelium'
951 2608 982 2650 ru
1004 2589 1230 2665 antecedentia,
1254 2591 1307 2652 sed
1330 2590 1421 2653 etiam
1445 2612 1498 2655 su-

160 2686 249 2760 perat
270 2696 346 2738 eum
391 2677 492 2757 Atque
515 2678 559 2738 ita
582 2697 673 2740 causa
693 2668 788 2760 patet,
811 2698 863 2740 cur
886 2677 1007 2758 apsides
1028 2637 1266 2780 progrediapthr,
1289 2699 1347 2742 nou
1365 2689 1497 2745 retroce-

161 2767 243 2829 dant
290 2767 395 2847 Itaque
418 2765 568 2846 aphelium
591 2786 610 2827 a
631 2768 718 2829 nobis
741 2769 892 2830 inventum
915 2767 1029 2829 valebit
1050 2767 1197 2829 tautum
1188 2787 1219 2828 ιιι
1243 2769 1393 2831 anomalia
1408 2789 1497 2832 coae-

161 2864 253 2938 quata
275 2851 336 2920 90⁰
358 2862 390 2916 et
411 2850 509 2929 270⁰,
537 2856 654 2937 quando
682 2857 747 2918 axis
770 2857 921 2920 virtuosus
945 2856 975 2917 ιιι
998 2856 1131 2920 Solem
1123 2875 1219 2937 ipsum
1242 2856 1419 2938 porrigitur,
1446 2859 1496 2941 qui

161 2953 210 3007 est
227 2944 329 3026 justus
352 2944 418 3024 ejus
440 2943 536 3016 situs,
574 2945 688 3026 eritque
711 2952 809 3007 motus
833 2944 943 3026 aphelii
967 2944 1099 3026 spiralis,
1121 2952 1156 3006 ut
1173 2944 1251 3006 infra
1268 2966 1333 3026 cap.
1349 2948 1494 3010 valm

162 3034 255 3096 etiam
283 3034 319 3094 de
351 3040 433 3094 motu
463 3034 684 3114 praecessionis
715 3035 968 3116 aequinoctiorum
999 3033 1035 3096 ob
1066 3052 1187 3095 causam
1219 3034 1309 3097 aliam
1337 3035 1495 3098 existentis

161 3122 286 3205 patebit.
331 3120 467 3184 Directio
496 3123 587 3202 igitur
609 3123 676 3185 axis
699 3124 860 3205 magnetici
882 3124 1020 3187 insitum
1042 3123 1233 3203 parallelum,
1257 3143 1310 3186 seu
1333 3124 1390 3200 vis,
1413 3125 1494 3187 illius

161 3220 273 3287 custos,
296 3230 356 3273 uon
377 3211 520 3292 respiciet
540 3213 615 3275 fixas
638 3214 694 3275 has
716 3214 765 3275 vel
787 3213 871 3288 illas,
896 3214 949 3275 sed
970 3220 1087 3275 tantum
1109 3212 1198 3275 situm
1223 3212 1269 3275 sui
1292 3213 1438 3294 corporis,
1461 3221 1495 3276 ut

161 3302 188 3364 is
215 3308 264 3363 est
291 3299 424 3382 quolibet
451 3308 592 3381 tempore.
643 3302 684 3363 Et
710 3320 742 3363 re
770 3303 944 3383 simpliciter
971 3321 1135 3383 perpensa,
1173 3301 1241 3383 quia
1270 3301 1395 3364 directio
1419 3303 1493 3365 haec

161 3390 254 3472 quieti
276 3387 401 3451 similior
423 3398 471 3451 est
491 3409 580 3471 quam
602 3390 705 3466 motui,
729 3392 759 3452 iu
777 3392 903 3454 materia
924 3391 1011 3474 inque
1027 3390 1160 3471 corporis
1175 3389 1369 3471 dispositione
1383 3392 1495 3473 potiori

157 3479 225 3560 jure
247 3478 413 3560 quaeritur,
434 3497 522 3559 quam
543 3479 573 3541 in
596 3479 697 3560 aliqua
718 3486 826 3542 mente.

250 3569 317 3648 Age
339 3586 420 3638 vero,
443 3568 619 3630 arctioribus
648 3566 786 3648 vestigiis
816 3585 1029 3650 persequamur
1050 3568 1126 3630 hanc
1153 3566 1376 3631 similitudinem
1397 3568 1521 3632 libra-'

162 3657 254 3721 tionis
286 3656 472 3738 planetariae
496 3675 560 3718 cum
590 3665 671 3719 motu
701 3656 866 3738 magnetis,
896 3656 984 3738 idque
1015 3656 1265 3719 demonstratione
1295 3657 1493 3739 pulcheuima

162 3744 359 3827 geometrica:
383 3753 416 3808 ut
437 3752 592 3827 appareat,
615 3754 770 3826 magnetes
791 3745 884 3808 talem
906 3744 1014 3808 habere
1036 3754 1156 3820 motum,
1180 3745 1298 3826 qualem
1320 3747 1350 3808 ιιι
1372 3747 1494 3829 planeta

162 3834 418 3917 deprehendimus.
464 3834 513 3898 Sit
534 3835 619 3898 DFA
642 3842 706 3910 (lig.
726 3840 789 3905 11⁴)
811 3835 859 3896 vel
881 3853 1003 3916 magnes
1031 3833 1174 3897 rotundus
1195 3835 1245 3896 vel
1268 3835 1364 3917 ipsum
1386 3855 1492 3917 corpus

161 3924 291 3988 Martis:
323 3923 384 3986 DA
405 3923 499 4000 linea,
524 3925 683 3987 secuudum
707 3943 793 4006 quam
814 3923 974 4005 porrigitur
1002 3923 1098 3987 virtus
1128 3923 1314 4004 magnetica:
1349 3924 1378 3987 D
1404 3927 1491 4006 polus

161 4013 244 4077 Solis
267 4022 431 4092 appetens,
460 4011 490 4075 A
512 4014 598 4094 polus
626 4013 738 4078 aSole
767 4013 892 4094 fugiens.
942 4011 1075 4075 Primum
1102 4012 1235 4089 notabis,
1270 4012 1350 4076 idem
1371 4033 1438 4077 esse
1461 4014 1493 4077 iu

161 4103 219 4166 hac
249 4101 466 4184 speculatione,
501 4102 565 4164 sive
596 4103 816 4166 consideremus
846 4103 995 4182 integrum
1016 4102 1137 4181 globum
1164 4101 1298 4182 corporis
1320 4103 1491 4184 magnetici‚
1548 4174 1551 4180 ¹

161 4192 225 4255 sire
248 4210 337 4254 uuam
360 4191 456 4253 solam
478 4191 543 4273 ejus
565 4191 673 4254 lineam
697 4192 852 4275 physicam
874 4190 995 4253 virtutis
1017 4190 1075 4271 ipsi
1097 4191 1157 4255 DA
1179 4192 1355 4271 parallelos.

250 4280 328 4345 Cum
354 4278 433 4343 euim
461 4281 558 4343 virtus
587 4282 661 4343 haec
683 4281 853 4362 magnetica
875 4280 916 4342 sit
938 4280 1102 4360 corporalis
1125 4288 1244 4347 etcum
1267 4298 1388 4361 corpore
1411 4280 1492 4343 diei-

160 4371 230 4446 dua,
253 4377 289 4431 ut
303 4368 443 4450 probavit
456 4369 661 4432 Gilbertus
674 4371 802 4450 Anglus,
826 4371 861 4433 B.
878 4364 1044 4443 Porta”)
1067 4376 1099 4431 et
1112 4368 1180 4445 alii3
1202 4375 1283 4431 certe
1302 4369 1370 4451 quia
1384 4370 1492 4452 globus

160 4465 285 4524 constat
316 4475 354 4519 ex
379 4457 503 4521 infinitis
526 4459 611 4540 quasi
633 4459 722 4521 lineis
743 4458 875 4541 physicis
896 4455 954 4537 ipsi
976 4456 1042 4520 DA
1059 4457 1229 4539 parallelis,
1253 4477 1376 4539 quarum
1397 4459 1493 4523 virtus

160 4549 194 4611 in
213 4558 329 4612 rectum
351 4554 384 4609 et
405 4566 493 4609 unam
514 4548 616 4610 mundi
636 4549 758 4630 plagam
780 4545 959 4621 extenditur,
982 4545 1019 4607 de
1043 4545 1169 4627 singulis
1191 4546 1317 4609 seorsim
1338 4544 1419 4611 idem
1434 4549 1493 4611 erit

156 4636 303 4719 judicium
332 4635 414 4699 circa
444 4635 619 4718 qualitatem
641 4644 758 4712 motus,
790 4634 867 4718 quod
890 4641 938 4697 est
959 4635 996 4696 de
1019 4634 1167 4698 universis
1189 4635 1368 4716 conjunctim
1391 4642 1423 4701 ιι
1444 4635 1492 4699 ιι-
1592 4664 1596 4677 ·

160 4726 257 4791 cisino
308 4725 356 4791 Sit
388 4743 459 4805 ergo
485 4725 552 4788 loco
574 4724 823 4805 totiuscorporis
847 4722 1031 4805 omniumque
1055 4724 1119 4804 ejus
1141 4723 1356 4789 ilementorum
1378 4727 1505 4791 medius·

161 4817 229 4880 axis
251 4816 311 4881 DA
332 4814 372 4878 ad
395 4814 606 4901 speculandum
627 4812 808 4896 propositus.
854 4812 1011 4877 Biaecetur
1032 4812 1091 4876 DA
1114 4811 1145 4875 ιιι
1166 4812 1192 4875 Β
1216 4821 1248 4876 et
1268 4814 1327 4894 ipsi
1340 4816 1400 4883 DA
1422 4834 1495 4901 per-
