3354 5504
759 308 842 362 roas
859 306 972 360 aeas.
1468 285 1531 356 ιιι

196 484 422 556 magnitudinum:
452 487 583 559 siquidem
603 489 671 543 nihil
691 490 736 543 liic
760 506 809 543 nos
830 489 925 542 turbat
952 485 1094 540 circulatio
1114 484 1256 553 utriusque
1281 473 1378 533 sideris
1407 473 1436 527 in
1464 484 1535 524 anra

196 567 325 620 aetherea
345 566 419 621 eirea
438 567 537 625 Solem.
579 574 662 636 (Quae
680 585 814 642 sequuntur
827 576 947 640 Koplerus
959 576 1010 638 lpse
1029 576 1054 624 ιιι
1066 573 1175 637 margat
1193 566 1337 629 ιιιιιιοιιιιι,
1356 567 1441 613 estora
1456 559 1533 622 terip-

196 653 227 703 rit
244 654 428 709 manumisi:
450 649 501 703 Hio
522 650 616 703 videor
636 651 812 712 hallucinari,
834 658 866 703 ut
886 650 913 701 in
933 649 1026 717 primis
1048 644 1241 701 tentaminibus
1261 639 1323 721 deri
1341 636 1423 692 solet.
1463 633 1534 686 Nam

194 726 299 780 ridetur
320 727 516 782 consideranda
544 730 629 783 virtus
651 732 769 785 Telluris
799 727 930 785 tractoria
959 746 1008 782 seu
1038 724 1244 781 circumactoria
1263 720 1374 781 eadem
1405 729 1476 787 quae
1505 718 1535 766 et

194 823 277 877 prope
299 807 437 862 Tellurem
466 816 495 861 et
523 829 540 862 e
568 811 726 882 longinquo.
770 813 861 865 Causa
881 810 966 871 haee,
988 808 1053 878 quia
1073 806 1157 861 omnis
1178 803 1251 860 orbis
1271 798 1382 855 virtutis
1402 792 1486 864 hujus
1506 792 1534 847 in

194 886 272 942 Luna
293 890 427 942 movenda
445 889 517 942 vires
538 908 603 944 suas
624 892 697 946 iutra
716 892 794 946 unius
816 891 868 944 diei
893 890 1013 957 spatium
1039 888 1189 957 experitur.
1229 885 1267 938 Et
1290 897 1356 934 vero
1376 884 1409 931 ut
1432 874 1483 929 lux
1507 871 1536 926 in

194 967 291 1038 optieis
313 967 352 1021 sio
371 967 458 1022 virtus
479 970 535 1024 ista
554 972 605 1024 boe
627 974 686 1025 loeo
708 972 850 1042 spargitur
870 987 920 1038 per
940 970 1045 1037 spatia,
1076 969 1114 1021 sie
1133 974 1165 1020 ut
1184 964 1346 1020 tantundem
1366 953 1478 1010 virtutis
1498 952 1535 1006 sit

193 1048 219 1102 in
239 1049 307 1103 orbe
327 1064 429 1120 magno
451 1052 565 1119 sparsim
586 1061 718 1122 quantum
747 1053 774 1105 in
795 1059 914 1122 angusto
936 1049 1080 1104 collectim.
1121 1047 1194 1118 Digo
1222 1061 1303 1116 ergo:
1334 1039 1377 1094 die
1406 1053 1461 1089 uno
1490 1031 1536 1086 vel

193 1127 277 1200 paulo
299 1127 363 1198 plus
393 1129 491 1183 ituram
513 1127 589 1185 5265
610 1133 739 1187 milliaria
759 1133 832 1185 eirea
851 1132 972 1185 Terram.
1015 1131 1111 1200 ltaque
1140 1132 1227 1180 totum
1257 1122 1388 1177 ambitum
1418 1112 1535 1169 324000

195 1204 251 1277 (rel
272 1209 358 1278 paulo
379 1206 479 1273 minus)
501 1211 656 1266 milliarium
677 1214 821 1271 conficeret
846 1212 940 1264 diebus
962 1205 1033 1279 61¹1,
1058 1218 1088 1263 et
1108 1206 1218 1262 totidem
1246 1205 1304 1261 fere
1330 1198 1415 1256 horis.
1457 1192 1539 1261 (Nm

194 1290 272 1344 Luna
286 1305 340 1342 uno
355 1290 399 1342 die
414 1298 442 1343 et
456 1308 510 1357 una
523 1293 580 1346 iere
594 1293 664 1347 hora
677 1294 763 1346 sentit
775 1310 879 1345 omnem
894 1293 985 1345 orbem
1000 1290 1110 1344 virtutis
1125 1307 1160 1342 ex
1171 1289 1264 1348 Terra,
1281 1283 1346 1355 quia
1359 1276 1466 1335 interim
1489 1263 1541 1328 12⁰

195 1368 248 1423 sint
268 1366 459 1441 progressae).
495 1372 599 1442 Nempe
613 1373 708 1427 diebus
730 1373 767 1427 63
789 1380 818 1426 et
838 1390 891 1426 non
911 1380 943 1425 ut
968 1371 994 1424 in
1016 1377 1097 1424 textu
1112 1366 1190 1425 annis
1214 1362 1257 1430 lo.
1280 1361 1452 1420 manentibus
1475 1370 1540 1409 oon·

195 1448 342 1504 ditionibus
364 1468 435 1520 quae
457 1451 483 1504 in
505 1460 594 1506 textu.

283 1536 323 1586 Ad
341 1538 427 1588 verba:
459 1536 524 1593 ,sed
544 1535 703 1605 magnitudo
723 1534 818 1587 Lunae
838 1531 903 1585 da‘*
926 1538 1054 1601 adscripsit
1072 1536 1206 1601 Kepleros:
1235 1527 1339 1581 Eadem
1363 1522 1409 1577 bio
1429 1534 1539 1591 quoque

197 1610 370 1682 corrigenda.
413 1613 483 1666 Nam
504 1615 599 1668 Lunae
630 1613 773 1668 densitatis
804 1612 943 1682 proportio
964 1613 999 1664 ad
1020 1617 1106 1664 totum
1127 1610 1219 1663 orbem
1240 1607 1388 1661 virtuosum
1409 1598 1535 1668 atejus

200 1694 271 1761 ‘'l'm
294 1692 340 1744 vel
364 1695 408 1763 ¹1„
430 1694 457 1746 h.
479 1713 502 1748 e.
533 1697 567 1748 ad
594 1696 681 1764 ipsam
711 1693 830 1763 eorporis
851 1693 953 1746 Terrae
973 1691 1137 1744 densitatem
1168 1695 1212 1743 est
1241 1696 1273 1741 ut
1293 1686 1310 1740 2
1332 1687 1367 1738 ad
1388 1682 1434 1736 59.
1476 1680 1539 1733 Non

197 1788 268 1842 qnae
292 1766 305 1826 1
330 1773 365 1824 ad
388 1768 462 1827 ltro
484 1777 530 1827 sed
552 1792 604 1838 ea,
626 1792 696 1844 quae
718 1774 735 1827 2
757 1774 791 1826 ad
813 1772 851 1827 57
872 1766 919 1839 (de
941 1772 978 1825 59
1004 1771 1128 1824 detracta
1157 1786 1214 1824 una
1237 1759 1388 1828 tricesima)
1412 1769 1443 1815 ιιι
1457 1774 1537 1830 pag.

196 1851 280 1923 priori
311 1852 338 1904 in
360 1853 500 1924 margine,
521 1856 573 1908 boe
594 1862 638 1908 est
657 1871 728 1925 quae
751 1849 762 1906 1
788 1856 822 1907 ad
843 1852 934 1922 28¹J,;
956 1849 1069 1920 etquis
1090 1848 1305 1922 magnitudinum
1335 1843 1406 1899 ratio
1437 1847 1482 1895 est
1502 1852 1540 1892 ea

197 1949 268 2002 quae
292 1926 306 1985 1
331 1933 366 1985 ad
387 1930 425 1987 40
445 1934 567 1997 circiter,
598 1953 665 2006 ergo
686 1937 830 1988 subtracta
850 1934 903 1986 hae
924 1930 1098 2001 proportione
1119 1929 1282 2000 relinquit-ur
1302 1923 1442 1996 proportio
1466 1915 1477 1977 1
1502 1919 1538 1972 ad

199 2014 268 2081 ἰω
289 2012 343 2066 boc
363 2020 407 2066 est
428 2013 479 2067 80:
510 2016 556 2068 57.
597 2020 687 2084 Atque
717 2015 755 2067 sie
776 2013 892 2067 Lunaris
922 2011 1038 2066 materia
1067 2012 1151 2079 paulo
1183 2016 1257 2062 esset
1286 2007 1394 2061 densior
1422 1996 1540 2057 materia

197 2091 347 2156 Terrestri,
377 2095 552 2162 proportione
573 2112 616 2156 ea.
638 2111 707 2165 quae
729 2091 767 2148 80
788 2096 821 2148 ad
844 2090 890 2157 57,
911 2093 993 2161 paulo
1015 2091 1118 2160 majore
1140 2107 1220 2161 quatu
1241 2089 1274 2143 l:
1297 2086 1329 2149 3,
1357 2094 1389 2137 ut
1408 2083 1430 2137 si
1452 2083 1539 2135 Terra

197 2180 272 2228 esset
291 2180 443 2245 argentea,
464 2175 544 2228 Luna
564 2192 658 2228 aurea.
701 2173 796 2227 Posito
822 2190 887 2226 vero
912 2171 1084 2243 aequalitate
1104 2169 1263 2230 densitatis,
1294 2174 1359 2220 tune
1384 2161 1538 2217 exstruitur

196 2252 413 2325 magnitudinum
433 2256 573 2324 proportio
596 2251 609 2309 1
634 2257 668 2307 ad
689 2254 726 2307 20
734 2256 761 2322 Ἰ,
784 2262 812 2306 et
827 2254 1017 2306 diametrorum
1038 2252 1110 2305 ratio
1123 2251 1208 2321 paulo
1223 2247 1310 2317 major
1331 2262 1411 2317 quam
1428 2238 1441 2297 1
1459 2243 1493 2296 ad
1509 2238 1537 2311 0,

196 2350 293 2403 nempe
308 2349 352 2396 ea,
367 2349 437 2402 quae
460 2330 535 2389 1000
556 2338 590 2388 ad
612 2334 696 2388 3056.
726 2334 764 2386 Ει
778 2334 842 2405 quia
856 2334 934 2387 Luna
948 2333 974 2385 in
989 2348 1116 2403 apogaeo
1131 2331 1217 2385 babet
1235 2327 1463 2382 semidiametrum
1480 2316 1536 2383 15‘.

197 2431 264 2486 ergo
293 2415 375 2466 abest
402 2429 419 2465 a
446 2415 523 2467 nobis
551 2416 607 2468 226
634 2414 986 2484 diametris1.unae,quae
1014 2411 1117 2466 divisae
1138 2411 1166 2465 in
1186 2409 1263 2466 3056
1284 2416 1313 2462 et
1341 2403 1539 2474 tnultiplioatae

197 2494 223 2548 in
246 2489 326 2551 1000
346 2495 413 2546 dant
432 2493 471 2546 74
490 2495 556 2557 fere,
579 2497 627 2550 alt.
647 2496 744 2548 lsunae
766 2511 783 2546 a
804 2495 889 2546 Terra
916 2494 941 2545 in
963 2491 1169 2547 semidiametris
1190 2493 1300 2545 Terrae.
1337 2488 1408 2541 Eoos
1430 2480 1539 2557 propin·

198 2575 340 2646 quitatem.
375 2573 449 2626 Malo
470 2586 560 2628 autem
575 2575 708 2628 diversam
722 2574 886 2627 densitatem
906 2581 1038 2638 statuere,
1061 2589 1141 2646 quam
1157 2568 1339 2628 astronomiae
1361 2582 1425 2621 suas
1446 2562 1539 2637 paral·
1648 2575 1652 2581 “

197 2654 278 2709 laxes
303 2653 461 2708 reformare.

284 2734 384 2787 Jamne
406 2735 484 2787 tuin
504 2735 628 2806 margine
650 2736 734 2788 sentis
756 2733 885 2788 Fabrici?
925 2733 1018 2786 Sentio
1039 2734 1152 2805 inquies.
1193 2737 1233 2786 At
1253 2749 1306 2804 ego
1327 2736 1356 2783 te
1384 2727 1411 2782 in
1432 2729 1540 2779 textum

198 2815 286 2871 redire
303 2814 399 2884 jubeo.
440 2813 501 2868 Non
522 2833 548 2868 n.
579 2823 673 2868 textus
694 2816 742 2867 sed
771 2830 866 2884 margo
887 2813 1082 2869 hallucinatur.
1124 2815 1237 2878 Quare?
1279 2810 1349 2874 Quia
1378 2806 1429 2860 etsi
1459 2803 1539 2858 unius

198 2895 249 2950 diei
272 2892 365 2964 spatio
387 2894 472 2948 omnis
486 2895 559 2948 orbis
580 2895 689 2948 virtutis
710 2894 848 2948 terrestris
863 2894 968 2947 Lunam
982 2901 1113 2962 permeat,
1136 2895 1162 2947 in
1177 2890 1292 2963 singulis
1313 2898 1404 2942 tamen
1423 2900 1541 2939 momen·

199 2976 233 3031 tit
255 2973 368 3029 adsistit
389 2973 429 3028 illi
450 2975 536 3028 virtus
557 2976 626 3028 baec
648 2975 755 3028 tenuior
776 2980 801 3027 in
823 2973 920 3042 majori
940 2974 1097 3028 remotione.
1140 2974 1217 3036 Quod
1237 2977 1269 3025 ut
1289 2967 1470 3028 verissimum,
1501 2963 1542 3017 ita

199 3072 299 3127 magno
321 3056 459 3107 eommodo
479 3072 597 3108 meorum
616 3055 714 3109 Martis
729 3054 986 3109 Commentariorum
1007 3054 1145 3109 statuitur.
1180 3052 1251 3106 Nam
1271 3050 1340 3104 idem
1361 3048 1444 3118 plane
1453 3042 1542 3114 juxta

199 3136 314 3191 trabeas
342 3150 429 3188 eausa
458 3135 602 3188 densitatis
632 3135 736 3189 tardius
758 3135 888 3189 incitatur
907 3134 954 3187 ubi
974 3135 1102 3190 remetior
1123 3141 1175 3190 est.
1215 3133 1321 3203 Estque
1341 3129 1425 3199 plane
1445 3124 1541 3178 eadem

199 3216 279 3271 ratio.
315 3213 440 3276 Quilibet
459 3216 532 3269 orbis
553 3216 638 3269 babet
654 3233 757 3268 omnem
779 3206 915 3277 virtutem,
938 3216 985 3268 sed
1006 3214 1033 3268 in
1053 3215 1178 3285 partibus
1200 3210 1371 3284 sparsiorem.
1404 3206 1442 3261 at
1462 3200 1541 3276 quili-

199 3297 247 3350 bet
268 3294 328 3349 dies
349 3294 438 3349 babet
457 3311 561 3349 omnem
581 3296 718 3361 virtutem,
740 3298 787 3350 sed
808 3295 835 3349 ιιι
855 3302 990 3349 momento
1011 3295 1184 3367 sparsiorem,
1205 3292 1270 3365 qnia
1288 3300 1396 3362 tempus
1416 3280 1542 3343 maaet

200 3376 226 3431 in
246 3376 327 3431 fluxu
347 3374 485 3429 instantis.

288 3456 369 3509 Nune
392 3457 503 3508 tandem
523 3457 558 3509 ad
578 3461 787 3510 tormentum
808 3456 1049 3527 Tyohonioum.
1085 3458 1152 3512 Cum
1171 3458 1384 3511 demonstratum
1405 3447 1449 3512 sit.
1470 3443 1540 3516 lapi·

200 3539 260 3592 dem
281 3535 310 3589 in
330 3535 524 3605 perpendiculo
546 3537 686 3590 cadentem
707 3554 760 3589 non
781 3537 879 3591 debere
901 3537 976 3591 illam
996 3538 1096 3590 lineam
1117 3536 1211 3608 egredi
1232 3535 1259 3589 in
1280 3550 1361 3596 nasu,
1379 3529 1440 3600 jam
1459 3526 1541 3583 asie

199 3615 349 3689 expeditur
369 3622 398 3668 et
417 3616 518 3687 globus
539 3616 665 3670 tormenti
687 3610 772 3684 (lapis
793 3617 820 3670 in
841 3616 979 3686 obliquum
994 3617 1102 3685 jactum
1124 3618 1210 3671 nubes
1230 3620 1313 3669 vento
1327 3610 1461 3683 impulsa;
1482 3604 1541 3661 avis

199 3697 226 3753 in
246 3701 316 3751 sere
337 3691 459 3763 volans).
501 3696 605 3765 Nempe
626 3696 692 3750 illud
713 3713 804 3752 verum
825 3704 880 3759 est,
902 3699 973 3768 quod
993 3696 1085 3751 statim
1106 3696 1182 3751 initio
1203 3694 1281 3766 coepi
1301 3694 1405 3756 disere,
1433 3682 1540 3743 miseeri

199 3784 302 3834 motum
324 3781 477 3846 utrumque,
498 3783 528 3830 et
541 3794 602 3831 eum
616 3777 660 3847 qui
683 3794 701 3831 a
720 3777 830 3831 Tellure
851 3782 895 3830 est
914 3777 941 3830 in
954 3778 1048 3848 globo,
1070 3782 1100 3830 et
1119 3792 1180 3830 eum
1200 3774 1246 3847 qni
1266 3790 1284 3829 a
1303 3776 1448 3829 tormento.
1482 3768 1538 3823 ise·

199 3876 251 3931 qua
273 3862 305 3911 et
325 3855 471 3910 miscentur
491 3856 591 3926 spatia.
631 3856 700 3911 Nam
720 3863 847 3928 respectu
867 3857 952 3911 totius
972 3856 1089 3910 universi
1109 3855 1194 3927 plane
1213 3855 1276 3925 plus
1297 3852 1379 3925 spatii
1400 3847 1540 3905 oondtitnr

199 3940 296 3994 εικιοιιι
316 3943 452 4005 tempore,
483 3953 540 3989 oum
562 3937 675 4008 globum
694 3939 830 3992 inertum
851 3935 1032 4005 ejaoulamur,
1061 3951 1141 4007 quam
1162 3951 1222 3990 enm
1252 3934 1279 3989 in
1304 3948 1445 3993 oeeasumt
1475 3926 1539 4001 illd·

199 4018 257 4074 illie
277 4023 310 4071 et
322 4016 409 4071 Terra
428 4016 456 4069 in
476 4025 565 4071 ortum
585 4017 680 4081 tendit,
701 4018 745 4072 hie
758 4018 851 4072 Tellus
865 4013 1085 4090 derogat‘motui
1105 4016 1131 4069 in
1146 4032 1279 4079 oceasum,
1300 4016 1412 4068 volvens
1425 4008 1539 4084 globum

198 4099 228 4154 in
246 4103 347 4153 ortum
382 4096 437 4151 lmo
451 4113 515 4151 vero
529 4098 612 4167 plane
633 4104 770 4171 nunqnam
788 4098 861 4153 ullus
875 4098 975 4170 globus
995 4103 1122 4168 respectu
1142 4096 1228 4150 totius
1241 4094 1361 4150 universi
1382 4093 1410 4148 in
1429 4094 1538 4163 partulit

199 4177 290 4234 tendit
311 4175 475 4231 contrariam
494 4177 555 4231 riae
576 4178 710 4244 Telluris,
741 4179 806 4251 quia
825 4176 918 4232 Tellus
938 4177 1024 4231 multo
1045 4183 1088 4231 est
1107 4176 1222 4231 celerior
1246 4192 1327 4248 qnam
1350 4174 1433 4228 ullius
1460 4164 1539 4243 globi

194 4258 301 4331 jactus.
343 4256 421 4319 Quod
440 4273 505 4311 vero
525 4256 643 4328 spatium
664 4259 692 4312 in
712 4260 773 4331 ipsa
786 4259 902 4315 Telluris
923 4257 1064 4328 superficie
1085 4254 1199 4323 attinet,
1221 4273 1281 4311 oum
1293 4257 1434 4329 quiessens
1454 4248 1537 4321 lapis.

199 4336 325 4413 quamvis
345 4335 374 4390 in
388 4341 454 4390 abre
466 4339 596 4407 pendens,
617 4339 816 4395 demonstratus
837 4339 875 4393 sit
886 4339 969 4415 plane
989 4337 1066 4410 sequi
1079 4338 1179 4392 debere
1193 4336 1313 4402 Terram,
1334 4334 1440 4391 omnino
1454 4328 1540 4386 etiam

199 4418 299 4475 utem
319 4415 361 4470 ris
382 4433 432 4486 per
452 4417 521 4471 idem
535 4418 652 4472 Telluris
673 4421 790 4490 spatium
811 4426 868 4474 tam
888 4417 916 4473 in
936 4424 1023 4472 ortum
1047 4433 1127 4489 quam
1148 4417 1175 4471 in
1195 4433 1320 4471 oooasum
1340 4411 1460 4485 abripiet
1477 4406 1539 4482 glo·

168 4490 274 4593 prk..
314 4496 385 4553 Nam
408 4510 566 4569 quacunque
586 4499 697 4570 globum
719 4501 858 4570 impellat,
889 4499 992 4554 invenit
1011 4500 1123 4553 eandem
1144 4497 1198 4550 vim
1218 4497 1316 4567 lapidis
1346 4490 1538 4553 attraottiffl·

174 4578 318 4649 ,mm
338 4577 421 4631 etiam
442 4579 567 4631 ellectum
587 4580 762 4648 promotionis
784 4580 891 4649 lapidis.
933 4578 961 4633 Si
982 4586 1073 4632 antem
1102 4593 1187 4649 snpra
1206 4592 1286 4631 casus
1311 4574 1410 4645 lapidis
1430 4570 1457 4626 in
1476 4586 1538 4643 per·
1569 4634 1572 4639 .

181 4694 184 4699 -
198 4656 349 4732 pendioulo
361 4658 520 4711 aberrasset
533 4658 699 4713 sensibiliter
717 4676 734 4713 a
754 4678 802 4715 suo
816 4658 1016 4730 perpendiculo,
1038 4673 1104 4712 sana
1118 4657 1200 4712 etiam
1214 4657 1266 4711 hoo
1279 4656 1365 4718 fleret,
1386 4662 1418 4709 ut
1429 4652 1539 4709 brevius

200 4746 278 4795 esset
297 4736 417 4809 spatium
430 4737 527 4806 -jaotus
548 4737 576 4791 in
596 4756 719 4794 oceasum
733 4756 812 4812 quam
832 4740 861 4794 in
880 4749 981 4805 ortum3
1001 4756 1054 4793 non
1075 4738 1180 4810 quidem
1201 4738 1236 4791 ob
1256 4752 1366 4791 tantm
1380 4751 1398 4789 a
1410 4736 1553 4809 Tyobote.

201 4818 375 4893 allegatam,
405 4820 453 4870 sed
473 4818 508 4871 ob
528 4816 598 4873 bano
618 4820 720 4890 ipsam,
749 4834 830 4891 quam
848 4838 904 4893 ego
923 4817 1072 4891 diligenter
1098 4818 1144 4873 hio
1162 4816 1292 4889 explieat.
1312 4847 1352 4857 -
1370 4820 1540 4875 Dasumsinu

199 4896 266 4960 bate
283 4910 300 4951 a
316 4894 393 4951 ttae
409 4894 1069 4970 Ktpltridd11.00ttd⁰b‚qntrmnpartan
1084 4898 1203 4962 ιιιιιοιοιιι
1226 4896 1394 4963 putabimus
1410 4908 1434 4970 p·
1453 4888 1488 4946 dd
1505 4908 1538 4946 ts.
