3354 5504
168 260 232 341 203
345 237 349 244 ⁴
439 247 442 252 ’
646 273 811 333 pauonum
830 242 924 355 sigla
942 273 1028 361 unus

975 364 999 401 ss

168 453 388 528 creandum
403 453 476 537 jorn
497 455 533 516 in
555 450 708 516 circulum
731 451 785 515 GS
807 455 1052 537 transponimur,
1080 455 1231 540 nimipwn
1252 455 1289 518 in
1311 454 1417 538 ipsum
1440 475 1511 537 cor-

163 564 227 628 pus
249 542 345 617 Solia,
370 545 454 625 quod
474 564 596 625 semper
617 545 651 605 tn
674 543 768 617 linco,
793 564 871 624 poco
893 538 957 626 ipsi
981 543 1033 606 CB
1053 536 1229 625 parallelos
1251 550 1305 616 eat,
1329 545 1434 627 sportio
1459 540 1511 606 CB

168 653 269 715 supro
292 632 499 695 Braheauum
519 640 669 714 punctum
689 635 859 713 pristinum
881 641 953 705 etot,
975 632 1093 696 scilicet
1115 653 1217 715 supro
1239 633 1278 708 V,
1295 632 1330 707 P,
1353 635 1390 696 in
1403 630 1447 723 ζβ,
1465 631 1510 694 G:

167 729 202 785 ut
223 721 363 804 ipiturD
380 730 498 804 puncto
522 719 724 803 aequalitatis
745 731 886 787 muneror
908 719 1039 802 (iisdem
1058 721 1177 785 scilicet
1198 725 1360 785 mommtc'a
1377 743 1440 805 per
1454 721 1512 784 CV

166 803 317 894 eiunctio)
343 818 371 873 ct
390 809 521 892 planeta
543 813 578 873 in
603 809 629 871 Ο
653 820 682 872 et
701 820 851 891 punctum
873 813 1027 895 ophtionis
1049 814 1083 873 in
1106 810 1129 873 S
1157 832 1223 875 esse
1243 814 1361 891 poscit,
1394 819 1514 896 oportet

161 921 224 985 per
243 907 392 981 punctum
414 899 441 958 D
465 906 494 960 et
517 897 540 960 S
563 898 612 978 ool
634 898 662 961 G
685 920 796 963 nouom
817 899 934 963 lineam
961 901 1110 982 apsidum
1137 900 1291 986 trajicere.
1341 901 1452 979 Quare
1474 909 1514 962 e'o

168 989 388 1051 dernonstrotis
411 988 526 1070 cupitis
546 989 581 1052 V.
609 986 706 1069 (quoe
728 1009 829 1072 supro
850 990 885 1051 in
908 989 1115 1072 explicatione
1135 992 1259 1066 formae
1281 989 1515 1072 Oopmiconoc

167 1070 432 1161 olleyoveromus)
465 1077 560 1140 ducto
583 1078 636 1140 DS
658 1076 706 1141 oct
721 1077 797 1153 BG,
821 1087 850 1142 ot
881 1079 984 1142 diuisa
1014 1081 1049 1142 io
1080 1099 1118 1140 ea
1135 1080 1351 1162 proportione,
1384 1080 1421 1142 ia
1450 1098 1513 1160 quo

166 1168 222 1229 DP
242 1166 290 1229 uel
312 1166 372 1227 DV
392 1187 452 1247 per
473 1167 500 1226 L
523 1174 568 1229 eat
590 1167 703 1240 dimoc,
726 1175 762 1230 ut
783 1169 826 1229 ait
840 1161 993 1250 punctum
1015 1166 1182 1231 divisionis
1204 1168 1251 1241 M,
1276 1174 1304 1229 et
1328 1176 1432 1231 centro
1456 1169 1513 1230 lcoc

163 1262 277 1339 puncto
301 1256 341 1331 M,
366 1253 532 1319 intonato
554 1276 625 1318 coro
649 1276 708 1339 quo
727 1258 830 1339 prius,
853 1258 1009 1321 scribatur
1031 1277 1128 1320 nomos
1150 1257 1357 1321 ecccrttrtctcs:
1381 1257 1432 1318 ille
1456 1276 1513 1318 non

166 1352 282 1408 tantum
306 1345 413 1405 reddet
435 1342 662 1406 observationes
686 1345 741 1406 has
764 1346 956 1425 posteriores,
982 1366 1019 1407 ex
1043 1345 1149 1427 quibus
1168 1355 1235 1409 erat
1249 1352 1432 1417 exstructus,
1457 1346 1511 1406 sed

166 1435 317 1496 immissus
341 1434 369 1495 in
402 1433 531 1513 priorem
554 1434 749 1514 hypothesin,
781 1435 951 1496 salvaturus
980 1434 1149 1499 astatium
1172 1435 1400 1496 observationes
1430 1435 1513 1514 prius

112 1594 118 1600 ¹
166 1524 317 1586 adhibitas
344 1522 425 1584 intra
447 1521 661 1602 praecisionem
687 1523 813 1607 quinque
837 1525 1050 1604 scrupulorum.
1533 1543 1536 1549 ·

257 1610 343 1681 Quae
366 1630 437 1674 vero
461 1613 700 1691 computationes
723 1612 918 1674 instituentur
939 1623 1026 1675 extra
1049 1612 1140 1674 situm
1167 1612 1378 1693 acrouychium
1402 1620 1435 1673 ct
1458 1632 1512 1692 per

165 1703 299 1784 priorem
332 1709 364 1762 ct
394 1719 448 1780 per
471 1719 578 1762 novum
601 1703 678 1764 huuc
702 1703 915 1776 eccentricum,
947 1702 1056 1764 alicubi
1090 1704 1209 1780 (nempe
1233 1702 1315 1763 circa
1340 1701 1513 1782 perigaeum

158 1789 266 1864 Solis)
294 1790 361 1870 plus
385 1808 442 1851 uno
466 1790 561 1868 gradu
585 1791 730 1853 dissidere
753 1799 908 1870 poterunt,
948 1792 973 1854 si
997 1810 1136 1853 numeros
1160 1791 1324 1852 familiares
1349 1799 1380 1851 et
1404 1791 1511 1852 stellae

170 1880 279 1943 Martis
303 1879 514 1959 appropriatos
534 1899 590 1958 per
613 1881 763 1943 Brahenm
786 1880 922 1960 proditos
946 1900 1113 1963 sequamur.

258 1968 554 2030 Demonstrationem
578 1990 634 2030 non
669 1977 717 2030 est
746 1988 819 2049 opus
852 1966 998 2049 repetere.
1044 1968 1216 2031 Delineatio
1249 1967 1393 2029 facillima
1415 1975 1463 2028 est
1486 1968 1512 2028 in

166 2059 319 2120 schemate
359 2055 565 2135 Oopernicano
615 2064 680 2132 (rig.
705 2063 770 2132 59),
808 2059 834 2119 si
865 2078 903 2119 ex
929 2081 945 2119 r
972 2060 1065 2121 Terra
1096 2057 1263 2138 parallelon
1300 2056 1358 2137 ipsi
1386 2059 1430 2134 βκ
1454 2058 1514 2118 eri-

93 2139 96 2152 ‘
166 2166 231 2226 gas,
257 2146 343 2227 inque
368 2165 405 2206 ea
429 2145 587 2208 intervallo
602 2149 643 2224 βκ
666 2155 800 2208 centrum
823 2149 981 2210 eccentrici
1006 2147 1086 2210 Solis
1110 2147 1232 2209 materis
1256 2163 1386 2225 suptar,
1412 2155 1445 2208 et
1458 2147 1511 2207 hoc

167 2242 269 2297 centro
295 2234 494 2296 eccentricum
522 2234 604 2298 Solis
627 2236 815 2299 Braheauum
850 2238 991 2301 traducas
1014 2256 1068 2317 per
1091 2261 1107 2298 κ
1130 2244 1161 2297 et
1185 2236 1288 2323 deleas
1317 2237 1514 2297 ecceutricum

166 2326 276 2386 Terrae
302 2322 549 2402 Copernicanum.

258 2413 410 2492 Exposita
441 2413 533 2492 igitur
566 2414 622 2475 hac
655 2414 863 2496 hypothesium
891 2415 1068 2477 diversitate
1095 2432 1254 2494 earumque
1286 2413 1314 2473 iu
1338 2413 1444 2492 primis
1468 2413 1512 2473 in-

169 2501 406 2584 aequalitatibus
430 2502 725 2583 aequipollentiam
750 2505 888 2566 secundis
908 2504 1120 2584 discrepantia,
1145 2502 1271 2582 primam
1286 2503 1387 2588 operis
1396 2511 1511 2582 partem

67 2590 68 2593 ’
169 2591 392 2664 concludamus,
421 2610 496 2670 qnae
521 2592 562 2664 (si
586 2593 656 2673 quid
672 2593 774 2666 video)
799 2594 891 2655 totius
907 2592 1005 2674 operis
1020 2600 1068 2654 est
1083 2591 1258 2654 difficillima
1272 2591 1311 2652 oh
1325 2590 1512 2671 labyrinthos

169 2679 339 2760 opinionum
375 2698 451 2759 pene
480 2680 702 2744 inextricabiles
726 2693 758 2743 et
779 2702 884 2744 vocum
909 2682 1170 2765 aequivocationes
1192 2689 1354 2760 perpetuas
1378 2688 1433 2742 aut
1455 2681 1511 2741 cir-

169 2768 414 2847 cumscriptiones
442 2771 692 2832 taediosissimas.
736 2770 821 2841 Quae
843 2782 942 2834 autem
966 2791 1012 2833 me
1027 2771 1194 2833 necessitas
1209 2769 1370 2848 impulerit,
1392 2770 1511 2831 uthans

168 2857 336 2922 doctrinam
363 2859 603 2941 praemitterem¹
626 2861 692 2940 jam
715 2861 819 2924 statim
843 2861 942 2942 capita
967 2861 1037 2922 VII.
1060 2857 1188 2940 patebit.
1234 2857 1384 2920 Hebctior
1408 2856 1511 2940 aliquis

167 2958 264 3011 totam
289 2946 407 3007 differre
431 2957 543 3025 potest,
569 2950 662 3011 donec
686 2969 762 3031 quae
786 2959 856 3012 sunt
879 2948 1016 3012 faciliora
1038 2947 1278 3030 apprehenderit
