3354 5504
651 289 713 348 Pars
732 287 822 348 Prima
859 285 941 362 Caput
957 285 1005 348 IV.

724 502 843 627 Caput
875 528 937 602 IV.
1054 467 1058 475 ‘

153 695 208 756 De
231 690 481 775 aequipollentia
503 690 686 774 imperfecta
708 691 791 751 intr
814 687 973 772 duplicem
995 685 1169 769 epiqqclam
1185 684 1226 757 via
1245 682 1438 746 comentrico
1460 676 1508 742 vel

373 778 665 872 eeeentmpieyclam
687 785 716 842 et
737 779 821 841 isaer
843 783 1029 859 aequantem
1050 779 1085 839 in
1107 773 1288 838 ecceabdco.

247 922 299 984 Sic
329 921 422 1002 igitur
445 942 494 984 res
517 920 658 994 haberet,
696 920 722 983 si
745 921 828 981 locus
852 929 934 982 esset
956 918 1116 1002 hypothesi
1140 915 1268 997 simplici
1292 911 1401 994 capitis
1424 910 1509 974 tertii

156 1015 184 1076 iu
209 1012 360 1073 salvanda
384 1012 566 1091 superiorum
589 1011 778 1089 planetarum
801 1009 1017 1089 inaequalitate
1040 1009 1147 1088 prima.
1184 1008 1299 1068 Verum
1313 1002 1508 1067 Ptolemaeus

158 1104 193 1163 ad
220 1103 414 1182 planetarum
437 1101 575 1180 primam.
588 1108 620 1160 et
642 1101 809 1178 simplicem
833 1098 1081 1179 inaequalitatem
1109 1093 1375 1160 demonstrandam
1399 1109 1508 1171 opero-

157 1193 226 1254 siori
250 1191 345 1252 utitur
367 1189 538 1271 hypothesi.

246 1279 360 1342 aenan
385 1280 409 1339 B
433 1282 592 1342 saltatur
621 1281 811 1342 eccentricas
832 1277 905 1350 DE,
938 1277 1027 1362 arjos
1054 1276 1267 1340 caesanam
1332 1271 1386 1338 rig.
1406 1267 1450 1319 ⁵²·

157 1372 196 1433 sit
218 1371 287 1443 BA,
312 1376 349 1431 at
369 1369 399 1431 A
422 1371 464 1432 sit
486 1368 574 1431 locas
603 1367 695 1431 oaat.
742 1369 825 1430 Acta
856 1366 943 1429 linea
960 1387 1021 1448 per
1043 1365 1098 1427 BA
1127 1364 1266 1428 osoeamt

157 1463 189 1522 ia
211 1460 240 1520 D
272 1480 462 1541 apnqumm,
493 1461 529 1520 in
551 1459 576 1519 F
596 1459 790 1541 periqaeam.
840 1457 882 1518 In
909 1457 970 1517 hae
1001 1454 1085 1518 linea
1115 1453 1264 1536 sapraB

159 1549 298 1631 spatiata
330 1546 423 1609 aliud
452 1546 505 1609 BC
539 1548 724 1610 eamaotur
755 1545 885 1628 αεᾳιιαὶθ
920 1545 984 1628 ipsi
1013 1544 1079 1607 BA.
1132 1544 1208 1608 Erit
1241 1539 1265 1603 C

157 1646 306 1721 puncta-m
344 1639 528 1718 aequantia,
560 1645 712 1719 pauonum
747 1657 870 1719 aesopo,
909 1636 997 1716 apad
1026 1635 1110 1716 qaod
1136 1634 1268 1716 planeta

159 1726 345 1808 aequalitate
373 1728 563 1807 temporibus
600 1727 723 1808 conficit
759 1723 907 1808 aequales
942 1723 1091 1808 narratus,
1126 1725 1268 1805 ammas
1485 1743 1503 1788 t

160 1816 315 1880 aradam
336 1836 398 1878 aaa
420 1816 508 1880 circa
531 1815 555 1879 G
579 1817 635 1878 sed
659 1816 746 1878 arca
768 1815 793 1877 B
817 1814 950 1877 ordinet.
1582 1822 1586 1830 ‘

247 1904 432 1986 Cnpernicus
469 1906 547 1967 hanc
583 1904 761 1987 hypothesin
806 1905 887 1983 (cap.
920 1899 951 1965 4.
994 1900 1045 1963 lib.
1082 1902 1123 1963 V.
1162 1909 1196 1964 ut
1237 1896 1268 1964 et

161 2015 224 2076 cap.
251 1995 282 2058 7.
314 1993 366 2056 lib.
395 1994 468 2068 IV.)
501 1993 579 2055 inter
619 2002 721 2056 cetera
761 1992 817 2054 hoc
857 2011 972 2073 quoque
1011 1990 1128 2053 nomine
1169 1999 1266 2067 notat,

162 2085 236 2166 quod
267 2097 375 2165 peccet
406 2082 436 2144 in
466 2083 613 2164 principia
648 2081 789 2165 physica,
830 2090 968 2144 statuens
1000 2089 1100 2142 motus
1139 2082 1288 2145 coelorum
1323 2085 1512 2167 inaequales.

161 2174 300 2254 Eligatur
324 2172 402 2234 enim
426 2172 453 2233 E
476 2182 618 2252 punctum
641 2172 672 2234 in
695 2173 820 2246 circulo,
846 2190 932 2252 quem
954 2170 1079 2250 planeta
1107 2189 1229 2250 corpore
1253 2183 1412 2254 peragrat,
1437 2196 1512 2238 con-

163 2272 358 2341 sectaturque
383 2281 449 2323 cum
474 2260 509 2335 C,
524 2262 561 2336 Β,
583 2262 633 2323 Aa
657 2270 689 2322 et
712 2261 753 2322 sit
772 2261 836 2341 jam
859 2259 944 2324 DCE
967 2267 1076 2332 rectus,
1102 2266 1135 2320 nt
1159 2268 1189 2322 et
1211 2259 1302 2326 Ecn.
1342 2264 1417 2328 (lum
1440 2285 1522 2345 ergo,
1548 2268 1551 2275 '

162 2354 218 2415 siut
243 2351 346 2431 anguli
369 2350 398 2411 hi
423 2352 585 2431 aequales,
616 2350 774 2412 constituti
806 2369 919 2430 nempev
946 2348 1119 2428 aequalibus
1150 2352 1350 2428 temporibus,
1375 2361 1407 2416 et
1428 2353 1514 2419 DCE

163 2442 293 2504 exterior
316 2448 426 2520 aequet
440 2440 530 2515 (ΖΒΕ,
548 2440 628 2504 CEB
652 2439 829 2501 interiores:
855 2457 925 2519 ergo
949 2445 1036 2517 parte
1052 2434 1132 2499 ΟΕΒ
1156 2439 1261 2502 ablata
1279 2442 1415 2506 residuus
1432 2441 1513 2507 ΟΒΕ

163 2532 208 2593 rel
232 2529 317 2591 ΗΒΕ
341 2529 436 2605 minor
459 2529 515 2591 erit
540 2549 629 2610 quam
651 2527 755 2604 DCE3
779 2529 879 2608 itaque
903 2528 983 2590 PBD
1006 2526 1101 2607 major
1129 2547 1217 2608 quam
1240 2528 1325 2594 DGE
1347 2532 1397 2595 vel
1420 2530 1513 2596 FGD.

164 2619 222 2683 Sed
245 2618 304 2680 DE
328 2637 415 2680 arcus
438 2620 561 2681 metitur
583 2617 667 2680 DBE
691 2618 844 2697 angulum,
876 2626 908 2679 et
930 2616 983 2677 EF
1006 2626 1093 2678 arens
1126 2618 1266 2697 angulum
1288 2618 1388 2698 EBF3
1419 2621 1516 2686 minor

167 2728 236 2790 ergo
260 2707 318 2769 DE
342 2726 431 2787 quam
445 2708 518 2783 EP3
543 2716 574 2769 et
597 2707 708 2769 transit
730 2707 854 2787 planeta
871 2725 991 2787 pereas
1015 2705 1191 2784 aequalibus
1212 2709 1408 2790 temporibus.
1431 2710 1515 2791 Ergo

167 2798 241 2860 idem
266 2796 349 2859 orbis
372 2795 485 2858 solidus
509 2801 599 2878 (quos
623 2797 762 2877 opinatur
779 2797 978 2876 Copernicus)
1002 2796 1030 2855 in
1047 2813 1103 2874 quo
1123 2794 1228 2860 haeret
1251 2798 1386 2878 planeta,
1410 2798 1516 2863 tardus
1593 2832 1600 2863 ·.

1315 1595 1335 1641 h

166 2898 220 2958 est,
245 2906 313 2947 cum
337 2885 461 2965 planeta
483 2885 555 2949 orbe
578 2896 683 2947 vectus
705 2886 819 2948 incedit
840 2885 924 2947 exD
947 2885 978 2946 in
993 2884 1038 2959 E;
1062 2885 1159 2961 velox,
1185 2905 1251 2949 cum
1273 2887 1300 2951 it
1322 2885 1360 2950 e‘x
1382 2888 1409 2949 Ε
1432 2888 1462 2950 in
1480 2890 1514 2950 F.
1588 2942 1609 2969 .,
1637 2964 1648 2979 .

166 2977 258 3039 Totus
283 2994 355 3055 ergo
380 2976 461 3037 orbis
484 2976 597 3038 solidus
617 2975 682 3056 jam
705 2976 809 3050 velox,
834 2976 899 3056 jam
922 2975 1027 3036 tardus
1056 2981 1113 3037 est.
1161 2973 1250 3048 Quod
1274 2975 1458 3058 Copemicus
1482 2987 1517 3039 ut
1557 2973 1623 3053 ,.·’

167 3064 324 3128 absurdum
348 3064 453 3144 rejicit.

252 3152 370 3225 Quodsi
393 3154 489 3215 virtus
512 3172 636 3215 movens
658 3152 845 3233 praesideret
868 3153 932 3215 orbi
956 3153 1052 3215 solido
1067 3153 1257 3236 undiquaque
1271 3152 1429 3238 aequabili,
1453 3173 1514 3219 nnn

167 3262 234 3306 vero
268 3242 348 3305 nudo
376 3244 534 3323 planetae,
563 3243 670 3304 merito
703 3242 777 3303 haec
806 3252 841 3303 ut
868 3243 998 3304 absurda
1028 3251 1060 3303 et
1087 3261 1143 3323 ego
1166 3243 1331 3324 rejicerem.
1375 3243 1517 3326 Atquin

168 3333 253 3396 solidi
279 3332 368 3393 orbes
391 3332 463 3394 nulli
488 3341 566 3406 sunt,
590 3332 658 3393 vide
683 3351 759 3393 nunc
774 3331 1006 3394 concinnitatem
1024 3327 1180 3415 physicam
1194 3333 1281 3414 hujus
1299 3332 1516 3416 hypotheseos,
1619 3364 1624 3371 ·

168 3425 188 3485 si
211 3420 397 3504 paucissima
428 3428 598 3490 mutentur,
630 3421 667 3482 de
700 3421 806 3501 quibus
829 3421 916 3483 inira.
962 3421 1083 3483 Etenim
1107 3421 1217 3484 statuit
1238 3422 1314 3485 haec
1336 3421 1517 3506 hypothesis

169 3510 319 3594 (quamvis
343 3510 447 3590 ignaro
471 3511 660 3584 Ptolemaeo)
684 3511 759 3573 duas
782 3509 909 3571 virtutes
933 3511 1090 3585 matrices,
1114 3511 1220 3592 quibus
1241 3511 1367 3592 planeta
1389 3510 1518 3594 quilibet

168 3604 302 3663 vehatur.
347 3599 463 3661 Harum
486 3601 612 3662 alteram
635 3599 720 3678 ponit
743 3600 772 3660 in
796 3598 825 3659 A
849 3618 972 3679 corpore
1004 3601 1096 3681 (quod
1121 3600 1151 3663 in
1174 3598 1388 3665 reformatione
1410 3609 1515 3665 astra

169 3691 284 3753 nomiae
309 3688 480 3768 ipsissimus
503 3687 557 3751 Sol
575 3689 648 3763 erit)
672 3682 800 3768 eamqud
820 3688 865 3749 ait
887 3689 956 3764 niti,
992 3698 1026 3750 nt
1048 3691 1201 3770 planetam
1224 3690 1412 3771 circumagat
1433 3691 1516 3755 circs

169 3799 207 3855 se,
248 3778 304 3841 sed
341 3778 452 3856 gradus
484 3778 594 3841 habere
626 3776 756 3839 infinitos
779 3797 833 3858 pro
856 3778 980 3840 infinitis
1003 3780 1122 3859 punctis
1145 3776 1310 3841 distantiae
1333 3780 1373 3843 ab
1395 3780 1446 3846 A:
1469 3787 1514 3858 ut,

169 3871 244 3932 sicut
266 3874 317 3929 est
338 3867 402 3928 AD
427 3867 610 4019 lonqissinra,
634 3867 689 3928 AF
711 3867 898 3942 brevissima,
924 3866 967 3929 sic
990 3870 1114 3949 planeta
1138 3887 1253 3949 quoqne
1275 3867 1318 3932 sit
1339 3868 1372 3949 in
1393 3869 1423 3933 D
1446 3876 1515 3933 tar·

169 3959 324 4031 tissimus,
354 3955 383 4017 in
406 3957 432 4018 F
455 3956 681 4019 rectissimus:
715 3963 746 4017 et
768 3956 798 4017 in
820 3958 1009 4032 universum,
1033 3966 1068 4020 nt
1090 3957 1148 4019 AD
1172 3957 1211 4019 ad
1234 3956 1292 4019 ΑΕ
1315 3956 1360 4021 sic
1383 3958 1515 4024 tarditas
1572 3947 1575 3957 ¹
1611 3956 1614 3967 '

169 4048 245 4128 apud
269 4047 299 4108 D
323 4045 363 4106 ad
385 4045 560 4108 tarditatem
584 4045 663 4127 apud
685 4044 722 4119 E,
747 4054 780 4107 ut
802 4046 880 4108 infra
901 4047 1016 4127 prolixe
1040 4045 1294 4109 demonstrabitur
1307 4055 1397 4128 parte
1410 4046 1514 4112 tertis.
1620 4058 1627 4070 ·

167 4139 307 4199 Alteram
331 4133 471 4196 virtutem
493 4136 649 4198 matricem
672 4133 776 4196 tribuit
798 4135 973 4217 hypothesis
996 4135 1055 4198 ista
1076 4135 1220 4216 planetae
1233 4135 1302 4217 ipsi,
1327 4138 1373 4199 cni
1391 4136 1512 4214 sufficit,
1611 4178 1614 4183 -

168 4237 201 4288 nt
222 4227 273 4288 vel
298 4223 472 4287 fortitudine
497 4226 672 4305 angulorum
696 4225 744 4286 vel
774 4224 882 4287 intuitu
906 4225 1070 4289 crescentis
1093 4233 1125 4288 et
1148 4225 1350 4288 decrescentis
1374 4222 1514 4289 diametri

167 4314 247 4378 Solis
277 4332 352 4391 suos¹
382 4332 522 4378 accessus
551 4315 600 4377 vel
627 4332 765 4376 recessus
793 4314 907 4377 aSole
935 4315 1105 4377 moderetur
1137 4315 1295 4396 iaciatque
1313 4315 1513 4379 differentiam

168 4405 284 4467 mediae
322 4401 485 4465 distantiae
523 4403 745 4484 alongissima
768 4411 800 4465 et
822 4404 1001 4467 brevissima
1031 4404 1187 4485 aequalem
1210 4404 1269 4484 ipsi
1294 4403 1361 4466 AB.
1406 4405 1514 4485 Itaque
1635 4467 1644 4488 ,

166 4503 309 4575 punctum
333 4489 357 4554 G
389 4493 547 4573 aequantis
571 4493 643 4556 nihil
671 4492 752 4553 aliud
781 4501 829 4555 est
851 4512 939 4576 qnam
962 4493 1168 4573 compendium
1192 4492 1406 4573 geometricum
1430 4511 1516 4557 com-

167 4583 295 4664 putandi
318 4583 512 4661 aequationes
537 4602 573 4644 ex
595 4581 755 4665 hypothesi
778 4583 867 4663 plane
891 4583 1025 4665 physica.
1085 4580 1202 4655 Quodsi
1232 4589 1334 4643 tamen
1366 4582 1416 4643 via
1444 4582 1514 4662 pla·

166 4681 257 4735 netae
281 4672 324 4734 sit
345 4670 498 4752 perlectus
520 4672 656 4746 circulus,
680 4669 724 4731 uti
748 4670 867 4751 quidem
889 4673 1062 4735 Ptolemaeo
1080 4670 1205 4753 placuit,
1229 4678 1349 4751 oportet
1361 4672 1517 4751 planetam

167 4763 292 4843 insuper
319 4766 351 4825 et
382 4779 502 4825 sensum
530 4762 658 4842 aliquem
689 4759 800 4822 habere
830 4761 895 4842 ejus
919 4762 1085 4826 celeritatis
1108 4769 1140 4822 et
1164 4759 1334 4835 tarditatis,
1369 4780 1428 4840 qua
1450 4760 1516 4842 ipse

135 4911 140 4918 .
166 4852 343 4934 provehitur
366 4851 404 4913 ab
427 4852 526 4923 &era
548 4859 674 4915 externa
695 4847 820 4930 virtute,
849 4859 883 4915 nt
905 4851 944 4917 ad
963 4851 1052 4935 hujus
1065 4849 1254 4932 praescripta
1268 4848 1362 4914 etiam
1376 4869 1447 4913 suns
1462 4869 1517 4914 ac-
