3354 5504
293 293 357 364 196
769 297 810 347 De
827 295 936 346 Motibus
959 294 1054 347 Stellae
1071 294 1160 347 Martis

292 475 383 538 medii
405 481 506 536 motus
521 473 603 536 Solis
625 476 668 552 νβ
691 475 721 535 iu
735 473 851 550 Ariete,
877 475 958 535 linea
977 492 1047 535 vero
1072 473 1196 535 visionis
1219 475 1360 553 planetae
1384 471 1414 534 in
1431 470 1526 534 Libra
1550 489 1641 552 prae·

294 566 355 628 eise
378 564 422 625 illi
446 565 601 644 opposita,
633 583 738 642 nempe
762 587 822 624 oo.
870 563 945 626 Cum
968 562 1059 642 igitur
1081 587 1120 626 oa
1143 564 1185 624 sit
1214 563 1295 624 ultra
1317 563 1362 637 νβ
1391 561 1490 641 magis
1514 561 1543 622 in
1569 580 1641 641 cong

293 653 461 735 sequentia,
486 673 634 734 apparens
658 652 747 731 igitur
762 651 842 714 Solis
867 654 949 714 locus
973 661 1022 714 est
1039 654 1119 719 ultra
1140 654 1280 734 planetae
1304 649 1494 730 oppositum3
1519 658 1642 715 etcum

293 770 310 805 o
334 744 375 805 sit
389 744 493 817 Terra,
516 743 599 804 visus
615 742 804 814 domicilium,
828 751 859 804 et
882 766 905 804 o
929 742 1064 822 planeta,
1087 751 1118 803 et
1136 752 1260 821 uterque
1285 741 1471 802 descendant
1492 738 1640 814 versusf,

291 832 424 895 velocius
458 839 559 893 tamen
582 855 600 892 o
622 832 732 905 Terra;
765 832 845 893 linea
875 850 945 911 ergo
974 855 1023 892 oo
1052 831 1210 911 posteriori
1243 837 1376 907 tempore
1410 829 1508 891 adhuc
1543 829 1642 910 magis

294 922 454 984 inclinatur
477 922 516 982 ad
535 922 644 982 lineam
667 944 709 981 oa
731 921 859 982 visibilis
884 921 940 982 loci
956 919 1054 982 Solis:
1080 920 1245 982 antecessit
1258 919 1350 998 igitur
1374 937 1524 997 apparens
1544 937 1641 999 oppo-

294 1011 364 1074 sitio
387 1010 525 1073 mediam.
564 1011 710 1090 Tempore
734 1010 834 1087 igitur,
860 1011 938 1091 qnod
957 1011 1109 1071 antecedit
1132 1019 1311 1071 momentum
1336 1008 1487 1086 signatum
1509 1028 1565 1089 per
1588 1011 1639 1088 βυ,

294 1100 371 1180 quod
395 1099 435 1160 sit
457 1101 516 1176 βθ,
541 1099 665 1179 planeta
686 1099 716 1160 in
740 1099 848 1160 lineam
872 1119 910 1160 ex
933 1123 948 1161 κ
971 1105 1072 1178 perd
1100 1100 1237 1160 eductam
1266 1097 1397 1171 incidet,
1431 1116 1539 1176 nempe
1562 1097 1594 1158 in
1616 1095 1639 1172 ζ.

290 1189 332 1251 Et
354 1195 424 1250 tunc
446 1184 499 1260 θζ
518 1188 598 1249 linea
628 1188 753 1249 visionis
785 1189 926 1268 planetae
959 1189 1053 1268 (quod
1081 1187 1305 1250 inexercitatior
1338 1185 1446 1265 aliquis
1478 1186 1641 1267 diligenter

291 1279 392 1351 notet)
416 1277 484 1357 plus
508 1278 538 1338 in
562 1278 776 1355 consequentia
800 1278 898 1355 vergit
921 1278 975 1339 sub
990 1278 1066 1352 fixis,
1092 1297 1180 1356 quam
1203 1300 1253 1338 vo
1277 1277 1421 1354 temporis
1444 1276 1637 1355 posterioris:

291 1368 361 1447 quia
385 1367 443 1428 etsi
466 1362 515 1439 θζ
533 1366 689 1445 praecedit
712 1366 820 1429 lineam
846 1391 892 1427 on
916 1368 944 1427 in
965 1367 1184 1440 antecedentia,
1210 1376 1310 1426 tamen
1333 1365 1456 1443 perinde
1480 1373 1531 1427 est
1553 1387 1590 1426 ac
1613 1366 1639 1427 si

290 1461 325 1532 θ,
349 1479 367 1516 o
390 1462 422 1516 et
436 1455 536 1517 omnia
559 1456 678 1517 omniuo
701 1465 813 1534 puncta
830 1476 884 1535 per
898 1457 1009 1516 Terrae
1033 1457 1173 1517 circulum
1198 1474 1285 1515 unuin
1300 1463 1441 1532 punctum
1457 1461 1488 1515 et
1502 1463 1640 1517 centrum

293 1547 441 1625 sphaerae
465 1545 590 1606 lixamm
615 1553 735 1605 essent:
768 1564 858 1624 quare
882 1566 940 1606 non
968 1546 1116 1607 distantia
1145 1544 1337 1605 terminorum
1360 1546 1394 1615 e,
1418 1567 1446 1616 o,
1470 1544 1526 1605 sed
1549 1544 1638 1606 incli-

291 1635 375 1697 natio
399 1634 543 1696 lineamm
566 1630 621 1709 θζ,
645 1657 693 1695 vo
717 1634 827 1710 efficit,
860 1644 894 1696 ut
916 1634 1013 1696 lineae
1037 1635 1065 1695 in
1096 1634 1216 1696 diversa
1245 1633 1360 1694 zodiaci
1394 1632 1462 1693 loca
1491 1633 1637 1710 incidant,

292 1725 398 1785 eodem
422 1724 461 1784 ad
485 1743 604 1785 sensum
619 1723 814 1798 coincisurae,
834 1723 860 1784 si
878 1723 1014 1804 paralleli
1038 1723 1174 1786 tuissent.
1213 1720 1355 1784 Inclinari
1374 1730 1474 1783 autem
1494 1717 1514 1795 ζ
1532 1742 1638 1786 versus

291 1836 315 1873 ω
336 1820 425 1892 patet
456 1812 544 1884 inde,
577 1812 655 1892 quod
688 1812 765 1873 idern
795 1822 912 1893 tempus
945 1815 1137 1893 supponitur,
1170 1831 1226 1893 quo
1259 1811 1382 1891 planeta
1404 1831 1441 1872 ex
1464 1807 1484 1883 ζ
1504 1812 1533 1873 in
1558 1836 1584 1874 m
1608 1820 1637 1875 et

289 1902 385 1963 Terra
408 1921 445 1961 ex
467 1905 493 1962 θ
515 1902 544 1962 in
568 1926 586 1961 n
608 1910 753 1963 movetur.
800 1904 894 1965 Terra
916 1920 987 1964 vero
1016 1903 1146 1963 velocior
1169 1909 1217 1962 est
1242 1901 1375 1981 planeta.
1421 1902 1522 1981 Majus
1546 1901 1636 1999 igitgr

292 1990 425 2071 spatium
447 1994 494 2051 θυ
517 1991 611 2051 Terra
633 1991 761 2067 conticit,
787 2012 874 2072 quam
898 1998 946 2053 est
968 1989 1012 2064 ζω
1037 1991 1168 2072 spatium
1191 1991 1341 2071 planetae.
1581 1992 1586 2001 '

379 2077 441 2141 Sed
470 2098 539 2140 esse
566 2080 718 2159 planetam
750 2082 940 2142 antecedenti
970 2089 1103 2160 tempore
1127 2081 1194 2161 plus
1217 2078 1492 2159 inconsequentia,
1517 2078 1634 2142 facilius

291 2169 383 2229 etiam
409 2169 507 2230 doceri
531 2176 650 2248 potest,
679 2188 744 2230 cum
768 2172 824 2232 sub
848 2170 1067 2251 oppositionem
1092 2169 1133 2231 sit
1155 2168 1365 2249 retrogradus,
1394 2168 1473 2247 quod
1498 2169 1634 2232 omnibus

292 2265 422 2320 constat.
468 2258 607 2337 Apparet
634 2259 750 2338 itaque,
781 2260 850 2339 quid
882 2259 910 2320 in
938 2260 995 2321 hac
1019 2259 1190 2321 reductione
1215 2256 1352 2320 emedio
1376 2258 1415 2318 ad
1438 2252 1634 2338 apparentem

292 2345 374 2408 Solis
398 2354 511 2409 motum
535 2347 563 2408 in
587 2348 661 2409 locis
686 2347 899 2429 inaequalitate
923 2349 1054 2411 secunda
1077 2349 1175 2409 exutis
1197 2348 1379 2409 immutetur.

374 2436 454 2499 Nam
477 2438 507 2497 in
530 2460 546 2497 τ
566 2446 597 2498 et
615 2438 754 2517 opposito
774 2439 838 2500 loco
854 2440 981 2519 pristina
1000 2439 1067 2499 loca
1080 2446 1201 2498 manent
1218 2438 1246 2498 in
1267 2432 1286 2509 ζ
1295 2436 1344 2497 vel
1366 2456 1406 2496 o:
1431 2435 1555 2497 additur
1568 2437 1633 2500 loco

286 2525 362 2598 viso,
387 2525 457 2605 quia
479 2521 531 2598 θζ
550 2528 598 2597 (ut
621 2527 733 2587 dictum
756 2532 817 2600 est)
842 2528 938 2607 magis
963 2528 992 2589 iu
1016 2526 1229 2608 consequentia
1252 2526 1351 2606 vergit
1370 2545 1458 2606 quam
1478 2542 1543 2587 no:
1565 2527 1630 2590 adi-

288 2614 378 2677 mitur
405 2615 533 2695 tempori
563 2615 744 2692 interlapso,
778 2618 848 2697 qnia
869 2613 987 2689 otest
1014 2616 1089 2678 visio
1118 2624 1251 2696 tempore
1274 2615 1356 2688 prior
1380 2635 1468 2696 quam
1492 2641 1551 2680 nn.
1599 2621 1630 2681 Iu

287 2704 427 2785 opposito
451 2705 517 2765 loco
540 2704 574 2764 fit
597 2703 787 2780 contrarium,
813 2707 941 2785 tempori
964 2706 1079 2768 scilicet
1097 2706 1228 2779 additur,
1249 2705 1313 2765 loco
1330 2705 1480 2769 adimitur.
1528 2709 1630 2791 Atque

285 2791 333 2855 ita
354 2793 422 2855 locs
444 2793 520 2854 haec
542 2794 683 2872 planetae
709 2815 727 2854 a
749 2796 883 2874 pristinis
904 2797 1028 2858 multum
1043 2795 1200 2857 dissident.
1244 2792 1345 2864 Quare
1362 2802 1394 2855 et
1412 2795 1441 2857 in
1457 2799 1630 2876 operatione

285 2880 323 2943 de
355 2901 433 2943 novo
456 2882 599 2943 instituta
621 2884 744 2944 effectus
767 2886 915 2964 prodeunt
937 2886 1030 2946 multo
1053 2885 1114 2946 alii.
1165 2884 1280 2964 Nempe
1304 2903 1369 2945 cum
1393 2885 1489 2946 visum
1513 2887 1632 2950 fictione

284 2969 315 3032 in
339 2995 356 3034 κ
379 2969 483 3033 Solem
506 2972 747 3034 transtulerimus
772 2975 821 3045 (eo
845 2974 924 3053 quod
947 2975 1099 3053 planetam
1124 2973 1152 3035 iu
1176 2994 1193 3034 τ
1215 2982 1246 3033 et
1270 2968 1436 3051 [positum
1452 2976 1630 3058 inspexera-

284 3079 361 3129 mus,
385 3059 481 3121 Terra
504 3061 532 3120 in
555 3060 640 3122 lineis
665 3083 704 3122 κτ
726 3071 759 3124 et
781 3060 826 3136 κζ
844 3072 993 3138 versante,
1019 3064 1135 3124 scilicet
1158 3063 1186 3123 iu
1203 3063 1393 3142 punctisyet
1407 3068 1457 3139 e),
1483 3067 1631 3129 eccentri-

287 3149 367 3210 citas
391 3148 483 3228 igitur
502 3149 565 3228 jam
591 3170 609 3209 a
632 3176 647 3212 κ
672 3162 841 3231 consurget.
889 3152 933 3214 At
958 3171 1049 3233 supra
1073 3153 1171 3231 eapite
1187 3153 1227 3214 V.
1253 3160 1406 3213 ostensum
1430 3162 1487 3229 est,
1513 3156 1580 3217 visu
1597 3176 1632 3218 ex

287 3240 306 3315 β
329 3239 359 3299 in
384 3263 399 3299 κ
422 3237 573 3299 translato
598 3247 629 3299 et
652 3259 689 3299 ex
713 3265 727 3301 κ
751 3259 805 3320 per
828 3247 845 3302 δ
867 3249 1009 3321 punctum
1034 3241 1228 3321 aequalitatis
1252 3241 1411 3320 pristinum
1428 3244 1508 3307 linea
1522 3246 1630 3327 ejecta

285 3326 440 3406 perhanc
464 3347 572 3388 novam
597 3328 776 3409 hypothesin
799 3350 908 3392 novum
933 3332 1049 3411 quidem
1073 3332 1270 3393 eccentricum
1295 3331 1380 3402 stmi,
1404 3334 1458 3394 sed
1483 3327 1541 3415 qui*
1558 3334 1631 3397 visui

286 3417 315 3477 in
344 3417 475 3495 liquam
499 3417 633 3496 proxime
658 3439 728 3478 suas
753 3420 884 3481 visiones
913 3439 1015 3480 omnes
1046 3421 1279 3500 imperturbatos
1312 3421 1471 3502 relinquat.
1537 3425 1633 3505 Igitur

286 3504 429 3567 connexis
453 3511 507 3580 d,x
531 3513 562 3566 et
585 3506 665 3568 linea
680 3506 778 3569 divisa
801 3508 830 3570 in
853 3535 883 3585 μ,
909 3509 952 3571 sic
976 3518 1009 3571 ut
1032 3513 1068 3569 ὄλ
1093 3509 1134 3569 sit
1158 3509 1196 3569 ad
1220 3515 1263 3583 dn
1286 3519 1318 3570 ut
1341 3513 1383 3588 δβ
1406 3513 1446 3573 ad
1469 3518 1518 3586 da,
1546 3522 1632 3576 etex

285 3620 307 3671 μ
331 3593 490 3673 designato
514 3614 590 3656 novo
620 3598 787 3658 eccentrico
811 3621 863 3674 qa,
890 3599 937 3678 qui
962 3600 1052 3679 priori
1076 3596 1114 3680 ξχ
1137 3599 1178 3658 sit
1201 3600 1345 3679 aequalis,
1370 3611 1441 3661 acta
1465 3603 1556 3664 etiam
1581 3620 1632 3682 per

286 3688 337 3756 rad
360 3702 439 3744 nova
462 3684 541 3745 linea
554 3683 700 3765 apsidum,
725 3696 887 3766 consurget
909 3688 1083 3770 hypothesis
1107 3707 1193 3762 nova,
1217 3689 1299 3767 cujus
1324 3690 1407 3769 apsis
1431 3692 1461 3751 in
1485 3713 1512 3769 q.
1547 3693 1632 3754 Prius

287 3781 389 3835 autem
410 3798 427 3854 χ
452 3773 576 3835 abusive
600 3794 766 3854 apogaeum
791 3777 977 3851 dixeramus,
1009 3799 1044 3839 eo
1068 3778 1146 3859 quod
1169 3778 1197 3838 in
1222 3777 1303 3838 linea
1324 3780 1370 3860 χβ
1393 3778 1632 3860 Copernicanum

288 3871 422 3923 centrum
453 3864 524 3939 (liu
550 3864 645 3946 locum
670 3865 780 3925 Terrae
803 3866 1020 3929 Ptolemaicum
1044 3875 1242 3929 successerat.
1290 3867 1359 3928 Jam
1392 3869 1486 3948 igitur
1520 3890 1631 3952 qpro-

286 3950 351 4030 pria
381 3952 500 4013 notione
533 3955 612 4024 (oum
636 3952 665 4013 in
691 3951 900 4033 Copernicaua
923 3956 1080 4037 hypothesi
1111 3958 1226 4028 sumus)
1251 3957 1402 4034 aplrelium
1425 3959 1511 4041 eique
1536 3979 1639 4041 oppo-‚

244 4093 252 4108 .
287 4040 377 4102 situm
401 4048 542 4118 punctum
565 4042 741 4120 perihelium
766 4044 907 4116 dicemus,
933 4065 967 4104 eo
991 4046 1069 4126 quod
1093 4043 1145 4106 Sol
1170 4071 1185 4106 κ
1209 4046 1383 4130 longissime
1407 4048 1445 4109 ab
1466 4052 1630 4127 qrecedat.

374 4128 496 4190 Dictum
529 4138 590 4205 est,
625 4132 695 4210 quid
727 4133 851 4214 physice
885 4134 1024 4195 differant
1056 4136 1112 4195 hae
1136 4135 1271 4214 geminae
1295 4137 1468 4215 opiniones,
1503 4134 1632 4202 inea‘et

286 4225 452 4282 auctorum.
509 4217 674 4281 Ostensum
708 4223 799 4283 etiarn
830 4231 896 4294 est,
930 4224 1076 4302 quomodo
1100 4224 1130 4286 in
1155 4224 1250 4285 forma
1275 4223 1483 4304 Copernicana
1507 4237 1631 4312 utraque

285 4307 466 4390 geometrice
491 4308 666 4370 delineetur.
714 4311 816 4373 Tertio
841 4321 872 4371 et
896 4312 968 4373 illud
992 4313 1187 4388 inculcatum,
1217 4316 1416 4377 astronomica
1441 4318 1471 4379 in
1497 4318 1631 4383 articulis

285 4397 528 4478 conjunctionum
553 4405 584 4458 et
607 4400 827 4478 oppositionum
852 4401 924 4461 nihil
947 4402 1015 4463 illos
1040 4404 1156 4467 dillerre
1182 4405 1259 4482 quod
1284 4404 1444 4466 admodum
1468 4409 1573 4489 magni
1594 4409 1631 4470 sit

285 4487 467 4550 laciendum.
514 4485 655 4566 Sequitur
677 4497 723 4560 ut,
754 4490 832 4566 quod
856 4509 947 4569 supra
970 4512 1035 4570 cap.
1058 4492 1098 4552 V.
1124 4492 1336 4572 inexplicatum
1359 4496 1481 4570 mansit,
1509 4499 1630 4560 demon-

284 4586 396 4652 strem,
434 4574 554 4638 omuino
587 4594 726 4656 magnam
759 4578 889 4659 aliquam
913 4580 1109 4641 differentiam
1144 4583 1329 4644 intercedere
1368 4585 1447 4646 iuter
1475 4595 1629 4670 utramque

283 4664 482 4751 hypothesin,
521 4663 547 4726 si
578 4682 616 4725 ex
643 4666 680 4727 iis
714 4675 802 4729 extra
833 4668 923 4729 situm
948 4669 1143 4753 aoronychion
1170 4672 1311 4750 planetae
1337 4675 1434 4737 locum
1458 4689 1628 4759 computare

277 4756 424 4837 jubearis.
708 4760 711 4766 ’

372 4845 475 4909 Duota
497 4840 588 4924 igitur
608 4861 663 4926 per
684 4846 711 4921 l,
730 4870 753 4921 μ
775 4852 879 4908 centra
903 4846 1134 4913 eccentrioorum
1153 4848 1234 4911 linea
1256 4853 1421 4933 parallelos
1445 4853 1505 4938 ipsi
1527 4859 1577 4938 pta,
1600 4864 1628 4920 et
1656 4897 1659 4902 -
