3354 5504
743 306 958 369 uem·
1375 264 1488 383 ¹ara

141 494 202 576 iarn
233 494 352 574 pridem
383 495 550 557 dimensam
579 495 689 558 metiri.
735 496 839 574 Elegit
866 496 959 577 igitur
990 495 1135 574 eclipsin,
1167 494 1214 556 cui
1238 495 1374 577 aequalis
1406 502 1490 557 esset

141 583 290 647 hauritur
309 602 366 665 per
388 584 536 658 umbram,
560 585 696 664 aequalis
720 584 840 664 inquam
869 584 1019 647 anomalia
1043 603 1110 645 cnm
1132 582 1247 663 priore,
1271 602 1331 665 qna
1353 584 1487 648 umbram

141 678 208 735 arat
239 692 371 736 mensus.
419 674 521 734 Motus
554 673 723 735 latitudiuis
754 675 843 754 paulo
874 674 971 748 alins;
1005 674 1045 735 sit
1075 671 1128 733 illa
1150 672 1178 733 iu
1203 671 1240 732 Ε.
1287 672 1390 736 Scitur
1417 691 1488 753 ergo

220 780 280 825 nou
303 763 402 825 minus
425 780 513 843 quam
536 762 619 842 prius
641 764 707 836 ΒΗ,
733 782 770 824 er
793 758 907 824 calculo
932 772 1003 824 ante
1026 768 1192 823 exstructo.
1229 760 1271 822 Et
1294 761 1396 841 anguli
1419 770 1490 824 sunt

141 849 257 915 similes
282 852 320 913 ad
335 851 364 913 D
388 858 419 911 et
437 851 476 923 Η,
501 852 573 913 item
590 852 618 913 E
641 861 673 913 et
690 852 727 913 B.
766 854 880 914 Latera
903 851 995 931 igitur
1019 863 1143 931 utraque
1161 848 1220 912 ΑΕ
1243 858 1275 911 et
1289 851 1346 912 AB
1371 846 1487 927 dantur,

141 958 235 1021 quare
258 950 291 1003 et
312 940 481 1001 differentia
503 941 556 1003 ΕΒ
580 941 609 1002 in
634 942 748 1003 usitata
776 942 876 1003 circuli
907 941 1128 1003 distributione.
1176 936 1315 1001 Ceterum
1339 939 1369 1002 in
1392 940 1489 1002 aesti-

141 1029 273 1093 matione
295 1029 499 1110 proportionis
522 1029 605 1108 ejus,
640 1050 715 1110 quae
745 1040 794 1092 est
824 1031 903 1092 iuter
925 1028 984 1093 BG
1007 1038 1039 1091 et
1062 1027 1119 1090 GE
1143 1028 1291 1093 residuam
1321 1046 1359 1089 ex
1381 1029 1488 1109 eclipsi
1559 1050 1563 1055 ·

141 1116 407 1193 euroaustrum
434 1118 561 1180 credidit
584 1120 777 1181 Ptolemaeus
805 1119 915 1194 oculis,
946 1139 1037 1201 qnare
1061 1117 1268 1199 etproportio
1290 1117 1344 1180 ΕΒ
1368 1117 1407 1178 ad
1428 1116 1490 1181 EG

141 1208 396 1275 semidiametrum
421 1208 550 1270 dabatur
564 1221 596 1269 et
609 1206 668 1271 EG
692 1209 916 1271 semidiameter
939 1209 1098 1271 inusitata
1121 1206 1313 1269 dimensione.
1344 1206 1394 1269 Ad
1411 1206 1488 1279 banc
1576 1230 1579 1239 ·

141 1305 262 1379 partem
292 1297 528 1371 rursum-dico,
563 1299 639 1378 quo'd
674 1308 784 1360 antea:
815 1299 841 1359 si
865 1297 943 1360 oculi
970 1307 1032 1359 tam
1061 1306 1131 1359 sunt
1159 1295 1369 1375 perspicaces,
1402 1302 1436 1357 ut
1457 1294 1488 1358 iu

141 1386 354 1451 ammaricus
385 1386 555 1448 defectuum
588 1387 661 1448 nihil
686 1388 843 1460 aberrent,
876 1396 909 1447 et
932 1387 958 1448 si
981 1394 1083 1448 cetera
1113 1386 1200 1465 hujus
1223 1385 1488 1447 demonstrationis

141 1475 290 1558 principia
312 1474 388 1536 bene
410 1474 533 1549 habent,
559 1477 719 1539 methodus
743 1476 843 1561 utique
867 1476 947 1538 bona
969 1484 1031 1549 ast,
1055 1475 1268 1558 quamvisper
1291 1474 1433 1555 ambages
1456 1481 1489 1537 et

141 1565 304 1647 dispendia
325 1564 454 1625 incedat.

228 1654 276 1717 At
296 1653 326 1715 iu
349 1653 486 1715 omnibus
509 1653 592 1715 hisce
622 1654 782 1718 videndum
806 1661 854 1717 est
876 1654 969 1717 etiam
999 1663 1088 1734 atque
1117 1653 1228 1726 etiam,
1262 1671 1300 1714 ue
1322 1652 1352 1715 in
1375 1653 1485 1732 angulo

141 1742 327 1815 latitudiuis,
351 1743 400 1823 qui
423 1743 552 1823 nudique
575 1744 733 1818 concurrit,
759 1763 840 1805 error
864 1744 968 1805 lateat.
1014 1744 1093 1808 liam
1118 1742 1176 1804 etsi
1199 1742 1330 1804 maxima
1357 1742 1485 1805 latitudo

141 1834 168 1895 in
191 1830 432 1913 oppositionibus
455 1830 543 1893 bodie
567 1832 672 1894 eadem
696 1845 744 1895 est
766 1852 842 1915 quae
865 1832 945 1906 olim,
970 1833 1102 1912 nihilque
1125 1832 1218 1893 babet
1240 1830 1335 1907 dubii,
1359 1832 1485 1912 angulus
1607 1858 1612 1869 ¹

141 1932 257 1996 tamen,
289 1939 375 2001 quem
398 1920 472 1983 haec
496 1921 624 1984 latitudo
647 1923 788 1995 metitur,
822 1922 962 1985 consistit
985 1922 1085 2003 utique
1109 1921 1138 1982 in
1163 1920 1360 2002 quadraturis.
1408 1917 1485 1993 Quis

141 2011 234 2093 igitur
255 2030 312 2072 uos
335 2017 434 2071 certos
457 2011 573 2083 reddet,
598 2030 664 2073 eum
687 2012 837 2091 angulum,
861 2011 909 2090 qui
934 2019 981 2074 est
1003 2013 1033 2074 iu
1052 2010 1311 2091 conjunctionibus
1334 2017 1366 2072 et
1389 2028 1485 2091 oppo-

141 2099 311 2171 sitionibus,
339 2118 398 2159 non
430 2100 596 2162 mensurari
620 2121 638 2159 a
661 2101 792 2162 maxima
815 2101 972 2163 latitudine
997 2099 1267 2181 quadraturarum?
1295 2097 1400 2171 ,Quare
1424 2118 1482 2161 nun

141 2189 269 2262 sufficit,
301 2187 450 2249 maximas
482 2188 719 2270 oppositionum,
754 2209 812 2252 non
844 2190 991 2251 maximas
1023 2190 1269 2270 quadraturarum
1306 2189 1482 2250 latitudines

141 2277 248 2352 metiri,
272 2295 396 2357 quornm
416 2276 488 2339 illud
503 2278 705 2353 Ptolemaeus,
729 2280 786 2341 boc
801 2280 904 2360 Tycha
927 2279 1018 2341 tecit:
1043 2287 1163 2359 oportet
1178 2288 1208 2339 et
1224 2278 1365 2358 angulum
1388 2277 1484 2357 ipsum

141 2366 248 2431 metiri.
293 2366 410 2427 Parvus
438 2367 515 2428 enim
543 2386 626 2428 emor
653 2368 683 2428 in
717 2368 891 2430 immensum
923 2377 1064 2449 augetur,
1095 2367 1145 2429 ubi
1169 2368 1208 2429 ad
1237 2367 1352 2447 reliqua
1383 2367 1485 2447 capita

141 2456 382 2537 proeemorimus.

224 2544 285 2623 Eis
307 2562 378 2624 ergo
402 2541 422 2606 7
441 2544 590 2623 capitibus
613 2544 736 2607 instmit
749 2546 941 2609 Ptolemaeus
964 2545 1108 2608 lectorem
1126 2545 1164 2607 ad
1181 2544 1380 2627 computanda
1401 2550 1483 2606 tem·

141 2654 221 2719 pura,
249 2652 351 2696 moras
379 2633 533 2712 ingressus
556 2643 589 2694 et
611 2653 744 2697 emersus
767 2636 871 2697 Lunae
894 2656 909 2696 e
934 2636 1083 2709 tenebris,
1116 2635 1316 2715 quantitatem
1346 2633 1482 2697 delectus

141 2732 169 2787 st·
199 2723 229 2786 si
256 2723 360 2805 placet
391 2722 482 2784 etiarn
510 2722 720 2786 inclinationes
752 2725 889 2787 deiectus
921 2725 960 2787 ad
991 2724 1091 2786 varias
1118 2723 1217 2785 mundi
1246 2723 1373 2804 plagas:
1406 2742 1483 2805 quae

141 2813 239 2877 annia
261 2811 473 2873 observatione
495 2811 582 2873 unius
607 2813 728 2891 eclipsis
751 2813 799 2875 vel
821 2814 1062 2877 confirmari'vel
1085 2812 1224 2892 redargui
1245 2818 1383 2893 possunt.

224 2900 278 2964 Ad
299 2900 428 2980 eclipses
451 2918 522 2962 vero
538 2900 662 2964 Solares
685 2903 742 2964 hac
765 2903 905 2965 methodo
929 2904 1028 2983 pergit
1041 2902 1242 2965 Ptolemaeus.
1279 2900 1359 2963 Nam
1373 2907 1481 2962 octavo

141 2991 313 3071 parallaxes
335 2990 440 3051 Lunae
462 3007 516 3068 per
541 2991 765 3054 instrumentum
789 2992 962 3072 investigat,
992 2993 1156 3054 observans
1179 2992 1320 3070 qnantum
1343 2990 1430 3051 Luna
1451 2989 1481 3050 in

141 3090 273 3143 rastrum
287 3078 420 3140 declivis
443 3078 492 3151 sit,
518 3098 555 3140 ex
578 3080 691 3143 calculo
715 3081 866 3160 inquirens
889 3090 1032 3162 quantum
1054 3089 1124 3143 tunc
1146 3088 1270 3160 propter
1292 3077 1481 3141 latitudinem

141 3168 265 3233 declivis
287 3187 356 3229 esse
380 3167 498 3243 debeat,
522 3169 547 3230 ai
573 3188 609 3229 ex
633 3179 737 3232 centro
759 3171 871 3247 Terrae
895 3178 1063 3251 spectetur:
1093 3189 1130 3231 ex
1152 3170 1257 3231 horum
1280 3168 1359 3230 enim
1383 3167 1481 3230 colla-

141 3260 216 3321 tione
240 3264 377 3339 apparet,
401 3264 512 3337 quanto
535 3258 644 3335 angulo
665 3259 752 3321 Luna
774 3260 1002 3321 commutaverit
1024 3260 1120 3321 locum
1141 3278 1177 3319 ex
1196 3266 1298 3320 centro
1321 3257 1482 3319 videndum

141 3348 164 3411 la
188 3349 289 3411 locum
312 3365 350 3407 ex
374 3345 529 3424 superficie
553 3346 668 3421 visum;
692 3366 729 3409 err
748 3367 806 3427 qua
826 3368 886 3409 una
900 3369 932 3411 re
947 3358 1054 3430 postea
1077 3348 1206 3409 altitudo
1224 3349 1328 3409 Lunae
1347 3348 1483 3420 aTerta,

141 3446 167 3500 rt
196 3433 433 3499 adminiculante
468 3436 591 3497 umbrae
623 3438 829 3517 magnitudine
859 3458 924 3499 cnm
962 3437 1073 3500 visibili
1106 3438 1253 3500 diametro
1281 3434 1364 3498 Solis
1392 3436 1483 3498 etiam

141 3525 269 3589 altitudo
291 3522 375 3587 Solis
398 3543 418 3583 a
440 3525 535 3585 Terra
558 3534 589 3584 et
612 3526 677 3606 ejus
700 3527 867 3606 parallaxis
891 3529 1000 3589 dantur
1018 3547 1084 3589 cum
1107 3525 1270 3607 appendice
1292 3525 1330 3586 de
1352 3543 1480 3606 propor-

141 3616 218 3679 tione
242 3632 411 3693 corporum.
459 3611 576 3683 Quibus
609 3616 760 3695 perceptis
789 3617 827 3678 ad
858 3617 1003 3678 calculum
1034 3615 1190 3697 eclipsium
1213 3613 1364 3677 Solarium
1387 3614 1483 3678 lector

141 3704 283 3775 accedere
305 3710 421 3781 potest,
450 3712 627 3783 computans
650 3724 766 3779 moras,
791 3706 953 3786 principia,
977 3707 1069 3779 fines,
1094 3705 1278 3786 quantitates
1301 3711 1333 3766 et
1354 3704 1482 3768 inclina-

141 3795 236 3857 tiouet
267 3792 406 3854 diversas
433 3791 464 3852 in
491 3792 621 3854 diversis
650 3794 837 3874 regionibus,
872 3814 948 3875 quae
977 3813 1094 3857 rursum
1125 3794 1224 3855 onmia
1255 3793 1342 3856 unina
1365 3792 1482 3857 Solaria

141 3881 262 3964 eclipsis
285 3888 430 3943 accurata
451 3881 662 3943 observatione
685 3882 733 3944 vel
757 3883 923 3946 confirmari
946 3884 994 3944 vel
1017 3883 1158 3963 redargui
1181 3892 1318 3962 possunt

225 3970 285 4033 Hie
316 3968 425 4031 iterum
455 3969 649 4041 Ptolemaeus
679 3973 826 4034 maximas
858 3974 894 4033 de
928 3992 960 4034 se
991 3972 1181 4054 suspiciones
1207 3970 1358 4046 concitat,
1396 3971 1483 4053 quasi

141 4054 367 4125 >manationes
398 4058 585 4121 adulterinas
618 4062 829 4123 subornaverit
861 4062 899 4122 ad
930 4062 1085 4124 theorema
1118 4061 1344 4141 expediendum.
1406 4056 1481 4123 Cum

141 4150 215 4214 anim
239 4148 389 4227 indigeret
411 4165 521 4226 magna
543 4149 692 4229 parallaxi
715 4152 745 4211 iu
769 4152 973 4232 quadraturis,
998 4152 1042 4214 sic
1066 4152 1179 4214 lerente
1207 4149 1300 4230 ipsius
1321 4150 1481 4232 hypothesi

141 4236 358 4303 sescentum
382 4236 505 4306 Lunae,
538 4239 623 4317 cujas
647 4249 696 4301 est
718 4240 749 4302 in
772 4260 874 4303 mense
898 4241 990 4321 dupla
1013 4239 1178 4313 revolutio,
1210 4238 1297 4319 tingit
1319 4240 1423 4314 etiam,
1448 4259 1480 4301 sa
1546 4262 1551 4273 ‘

141 4336 254 4393 anan
276 4327 457 4389 observasse
480 4327 664 4403 parallaxin,
690 4337 780 4391 etex
804 4330 860 4390 bac
884 4330 988 4391 fictitia
1010 4338 1117 4410 postes
1139 4346 1241 4390 veram
1264 4329 1367 4409 procul
1391 4329 1480 4391 dubio

141 4417 256 4481 ahands
279 4422 497 4477 transsumtam
514 4423 546 4475 et
559 4416 628 4478 aliis
642 4418 797 4498 principiis
819 4418 1012 4480 constitutam
1028 4421 1056 4480 in
1072 4418 1169 4481 coitus
1189 4418 1330 4480 luminum
1352 4416 1478 4479 derivat

141 4506 214 4571 iisse
247 4522 320 4565 vero
353 4503 492 4565 vitiosam
524 4503 607 4565 illam
637 4507 823 4586 parallaxin,
857 4526 944 4587 quam
978 4509 1147 4570 dimensum·
1171 4526 1202 4569 se
1233 4507 1319 4585 fingit
1342 4507 1427 4568 Luna
1449 4507 1479 4567 in

141 4594 323 4679 Capricorm
346 4602 378 4653 et
392 4592 486 4655 limite
509 4592 601 4654 boreo
624 4605 775 4670 versante,
800 4596 990 4658 testabuntur
1006 4617 1108 4659 omnes
1126 4604 1196 4678 post
1209 4595 1480 4676 Regiomontanum

141 4680 314 4757 tatroiuomi,
337 4690 470 4743 testatur
491 4683 621 4744 maxime
635 4685 748 4768 Tycho,
772 4687 821 4767 qni
846 4684 968 4761 invenit,
991 4688 1108 4750 Lunam
1127 4687 1217 4749 etiam
1240 4686 1270 4747 in
1289 4683 1481 4766 quadraturis
1567 4694 1571 4705 '

141 4786 201 4839 rtur
224 4773 300 4838 Sole
323 4788 381 4833 nou
404 4771 527 4853 propius
550 4771 673 4837 Terram
700 4774 815 4849 venire,
847 4794 935 4856 qnam
967 4776 1005 4839 ad
1030 4776 1072 4840 54
1096 4775 1336 4840 semidiametros
1358 4774 1480 4849 Terrae,

141 4882 226 4948 quum
246 4860 443 4927 Ptolemaeus
465 4878 504 4925 ex
527 4880 583 4925 sna
603 4865 754 4944 parallaxi
785 4864 894 4929 statuit
916 4862 968 4931 3³.
1015 4866 1132 4948 Quodsi
1163 4864 1355 4933 latitudinem
1376 4863 1480 4935 Luuav

211 4966 303 5021 amaa
316 4966 392 5019 epm
405 4967 442 5011 ru.
1236 4967 1271 5023 ld
