3354 5504
145 271 210 344 206
219 288 233 308 ··
617 277 659 335 De
675 277 783 331 Moenus
801 277 895 333 Stellae
911 277 1000 331 Marde

144 456 269 518 metrice
302 457 440 519 adeam
467 456 631 537 respiciens
655 478 780 538 seseque
805 459 853 530 (ut
875 458 925 538 qui
949 458 1019 520 orbe
1043 461 1162 532 careat)
1185 456 1386 539 inaequaliter
1409 456 1487 518 iuci-

142 553 211 607 tans
234 556 288 626 pro
312 567 436 608 accessu
461 566 513 608 suo
536 547 585 608 vel
608 567 728 609 recessu
752 570 770 608 a
793 548 887 610 Terra
910 548 983 620 (uisi
1006 548 1129 609 Terram
1144 548 1222 615 Sole.
1232 546 1485 628 praestantiorem

141 635 240 697 facere
268 642 299 697 et
322 636 389 698 huic
412 637 472 697 vim
495 635 575 697 Solis
603 637 757 698 metricam
787 638 1002 699 transscribere
1026 637 1133 711 velis),
1161 637 1239 699 idem
1261 657 1333 698 vero
1357 634 1413 698 Sol
1436 637 1487 710 (ut

142 725 174 786 ia
197 718 379 805 Ooper'nico)
402 725 461 786 vim
485 727 639 787 matricem
663 727 774 788 emittit
797 728 834 787 ad
859 746 961 788 omues
983 727 1132 806 planetas,
1158 746 1211 788 eos
1234 726 1314 788 circa
1337 745 1406 787 sese
1429 744 1483 788 ro·

141 821 270 893 tanseo
295 815 388 894 gradu
412 815 585 888 celeritatis,
612 835 668 895 quo
693 825 762 877 sunt
785 815 829 876 illi
853 816 948 895 gradu
970 816 1201 896 propinquitatis
1217 817 1256 877 ad
1270 815 1390 888 Solem;
1412 815 1484 894 pla-

142 910 232 964 netae
255 903 374 965 interim
398 904 532 966 nituntur
551 896 621 965 suos
646 906 684 965 ad
701 904 802 966 Solem
827 924 966 966 accessus
995 914 1027 966 et
1041 925 1176 966 recessus
1196 906 1331 985 inparve
1348 903 1495 986 epicyclo'

140 993 284 1053 conficere
308 993 453 1074 simulque
477 992 579 1054 Solem
604 996 791 1075 (quacunque
816 993 842 1056 is
866 994 945 1055 circa
960 995 1083 1056 Terram
1098 995 1249 1068 concedit)
1265 995 1371 1056 iisdem
1385 993 1483 1054 vesti·

139 1082 198 1160 giis
220 1082 337 1163 insequi
360 1092 448 1144 extra
470 1083 611 1156 ordinem,
635 1093 723 1164 atque
744 1084 788 1145 ita
808 1083 931 1164 quilibet
951 1085 1077 1162 planeta
1097 1084 1239 1157 (maxime
1255 1082 1324 1157 Sol)
1340 1082 1379 1144 ad
1396 1082 1484 1162 plura

140 1170 228 1253 simul
252 1170 392 1252 respicit,
425 1171 540 1252 ipsique
563 1174 753 1251 planetarum
777 1174 921 1254 trajectus
944 1193 998 1252 per
1020 1193 1122 1234 auram
1146 1173 1317 1234 aetheream
1340 1191 1411 1233 vere
1435 1172 1483 1244 (ut

138 1260 219 1339 apud
240 1261 459 1336 Ptolemaeum)
483 1262 610 1342 spirales
634 1263 809 1336 efficiuntur,
834 1264 963 1343 qualiter
986 1264 1085 1342 capite
1106 1263 1132 1323 Ι.
1157 1263 1268 1341 depicti
1282 1271 1370 1324 sunt:
1396 1260 1480 1333 haec,

4 1413 7 1421 ,
96 1346 98 1350 ’
137 1349 267 1430 inquam,
291 1371 329 1412 arr
352 1351 413 1412 sint
436 1360 637 1413 consentanea
660 1371 714 1431 per
737 1351 924 1413 occasionem
948 1352 1019 1414 alibi
1043 1353 1254 1431 expendemus.
1297 1352 1365 1412 Jam
1383 1369 1480 1430 pona-

137 1446 187 1502 tur
209 1459 281 1502 vera
304 1439 377 1501 haec
402 1440 497 1501 lorma
520 1442 721 1523 hypotheseos
735 1440 772 1516 in
797 1441 994 1519 generalibus.
1042 1440 1212 1516 Quaeritur,
1238 1448 1435 1520 utmmporro
1450 1438 1480 1500 in

64 1598 67 1605 ¹
136 1527 238 1608 specie
261 1527 303 1590 sit
325 1537 569 1604 consentaneum,
588 1531 728 1609 planetas
752 1531 867 1610 insequi
890 1529 986 1608 ipsum
1011 1529 1091 1591 Solis
1115 1549 1221 1609 corpus
1246 1528 1279 1601 S,
1300 1528 1338 1605 G,
1359 1547 1480 1590 anvero

56 1658 62 1671 .
137 1624 279 1697 punctum
303 1618 343 1694 V,
367 1619 406 1692 P,
431 1638 553 1699 corpore
577 1639 717 1695 vacnum,
750 1627 876 1699 quatuor
898 1619 1128 1683 semidiametris
1152 1617 1233 1680 Solis
1257 1621 1330 1693 (uon
1352 1619 1437 1698 plus)
1462 1639 1481 1678 a

137 1713 242 1769 tantm
265 1703 348 1769 Solis
372 1708 503 1784 distans,
535 1710 612 1789 quod
633 1709 701 1788 ‘jam
726 1705 816 1787 supra
838 1707 941 1770 Solem
960 1709 1001 1769 sit
1019 1711 1082 1789 jam
1105 1709 1198 1782 iufra,
1234 1709 1298 1787 jam
1323 1717 1393 1768 ante
1413 1708 1480 1787 jam

94 1846 98 1851 .
133 1812 232 1876 pone:
246 1804 278 1858 et
292 1797 420 1876 amplius
433 1806 530 1858 utrum
541 1798 637 1877 magis
648 1806 890 1868 consentaneum,
905 1798 974 1871 vim,
991 1817 1065 1877 quae
1080 1799 1218 1878 planetas
1232 1799 1260 1858 in
1278 1797 1379 1858 orbern
1399 1797 1481 1857 circa

99 1874 106 1927 7
138 1881 242 1949 Solem
266 1884 450 1965 circumagit,
474 1887 504 1947 in
528 1888 592 1966 ipso
616 1906 738 1967 corpore
762 1887 843 1949 Solis
863 1887 895 1961 S,
917 1884 956 1961 G,
980 1907 1018 1947 an
1040 1888 1069 1948 in
1084 1888 1138 1948 tali
1153 1885 1252 1967 aliquo
1270 1895 1380 1967 puncto
1400 1885 1481 1957 V‚P

72 2000 75 2005 ·
136 1991 260 2054 corpore
282 1993 378 2036 vacuo
403 1976 547 2051 nidulari;
571 1976 719 2037 breviter:
744 1978 770 2039 si
795 1977 860 2037 axis
885 1977 1060 2058 systematis
1082 1977 1244 2057 planetarii
1263 1979 1312 2048 (ut
1327 1975 1479 2036 notionem

134 2063 218 2125 vocis
241 2082 343 2127 crasse
367 2066 534 2142 aplaustro
559 2066 729 2140 deducam),
754 2085 809 2145 quo
834 2085 887 2128 ceu
909 2066 993 2127 clavo
1013 2066 1100 2126 orbes
1115 2066 1303 2146 planetarum
1317 2065 1382 2125 orbi
1397 2062 1479 2125 Solis

137 2152 248 2214 annexi
272 2162 351 2229 sont,
376 2154 400 2215 si
425 2154 481 2228 hic,
506 2155 636 2235 inquam,
661 2165 709 2216 est
731 2155 864 2234 proxime
888 2154 999 2228 Solem,
1024 2175 1075 2216 cur
1098 2175 1154 2215 non
1179 2155 1208 2215 in
1232 2154 1297 2234 ipso
1321 2152 1413 2215 Sole?
1444 2152 1479 2214 Si

138 2240 207 2303 axis
231 2241 281 2303 hic
305 2262 358 2303 seu
380 2253 522 2323 punctum
546 2244 695 2306 allisionis
719 2245 855 2307 circumit
877 2245 1001 2306 Terram
1020 2251 1051 2305 et
1066 2244 1200 2324 proxime
1210 2242 1311 2305 Solem
1327 2251 1358 2304 et
1372 2242 1478 2303 eodem

136 2330 228 2410 plane
252 2340 395 2412 tempore,
420 2352 471 2394 cur
493 2335 643 2413 propriam
668 2334 748 2394 viam
772 2333 937 2395 describit?
960 2352 1012 2394 cnr
1035 2352 1091 2394 non
1117 2334 1204 2412 plane
1228 2332 1306 2393 idem
1323 2351 1389 2393 cum
1405 2330 1477 2393 Sole

136 2421 197 2482 iter
235 2420 403 2483 observat?
470 2421 598 2484 Omnino
637 2423 738 2503 itaque
780 2423 937 2498 concludo,
986 2423 1133 2502 siquidem
1171 2441 1243 2483 vera
1278 2420 1321 2483 sit
1355 2421 1477 2482 univer-

137 2509 416 2593 saliterTychonis
440 2513 539 2574 Brahe
563 2514 716 2574 sententia
739 2514 774 2574 de
799 2519 963 2595 systemate
987 2513 1145 2584 mundano,
1172 2512 1216 2573 sic
1240 2531 1307 2572 esse
1325 2510 1478 2591 accipien-

136 2599 214 2673 dam,
239 2606 274 2660 ut
296 2609 431 2662 centrum
454 2602 629 2683 systematis
652 2603 839 2683 planetarum
863 2620 921 2663 non
945 2602 973 2663 in
998 2602 1038 2674 V,
1061 2602 1096 2676 P,
1121 2602 1174 2661 sed
1196 2601 1225 2662 in
1240 2600 1273 2675 S,
1292 2598 1321 2661 G
1340 2601 1370 2662 in
1384 2600 1477 2680 ipsis·

135 2687 210 2750 simo
235 2686 316 2750 Solis
345 2690 451 2752 itinere
484 2699 635 2767 versetur,
667 2691 791 2770 deniqne
815 2692 934 2770 inipso
959 2689 1030 2752 Sole
1054 2689 1141 2765 insit,
1176 2698 1265 2770 atque
1290 2689 1328 2749 ad
1351 2690 1478 2769 primam

135 2797 188 2840 sen
211 2780 343 2839 eccentri
367 2779 613 2861 inaequalitatem
638 2802 657 2841 a
679 2782 810 2842 secunda
834 2780 1016 2841 liberandam
1048 2781 1089 2840 sit
1111 2779 1253 2840 utendum
1277 2778 1477 2858 oppositioni-

15 2888 18 2893 ’
135 2867 190 2930 bus
213 2867 355 2947 planetae
379 2888 443 2929 curn
467 2871 622 2950 apparenti
642 2872 707 2932 loco
724 2871 814 2943 Solis,
839 2889 896 2930 nou
912 2870 1097 2930 commedio.
1136 2866 1234 2938 Quam
1250 2868 1399 2930 rationem
1415 2867 1479 2951 ipse

136 2956 279 3018 Brabeus
297 2960 456 3036 postremis
481 2960 663 3037 temporibus
687 2979 745 3021 non
762 2959 910 3039 gravatim
924 2965 972 3018 est
991 2959 1156 3036 amplexus.
1198 2957 1363 3018 Videamus
1378 2958 1478 3037 igitur,

133 3045 201 3124 quid
224 3045 254 3107 iu
278 3049 445 3109 eccentrico
469 3047 649 3111 immutetur.
695 3052 841 3114 Rursum
861 3049 960 3130 ipitur
986 3047 1036 3128 (ut
1056 3041 1165 3129 putee)
1196 3067 1266 3108 cum
1290 3044 1348 3108 Sol
1376 3056 1423 3111 eat
1445 3049 1481 3111 in

132 3133 218 3197 linea
240 3134 304 3209 BC,
327 3144 362 3198 nt
383 3139 418 3200 in
442 3135 481 3205 G,
509 3145 539 3199 et
564 3137 696 3221 planeta
719 3139 753 3199 in
774 3140 800 3200 F
822 3140 984 3224 oppositus
1008 3145 1124 3220 puncto
1147 3137 1189 3210 P,
1223 3138 1283 3198 erit
1306 3137 1330 3196 F
1350 3136 1481 3217 planeta

133 3223 203 3288 Soli
225 3225 290 3306 ipsi
313 3223 341 3286 G
366 3228 541 3308 oppositae:
564 3230 670 3309 itaque
693 3228 776 3290 idern
796 3225 944 3309 planetae
959 3226 1046 3288 locus
1064 3227 1229 3308 apparebit
1247 3228 1303 3288 eub
1318 3227 1402 3306 pitis
1421 3247 1481 3308 per

131 3312 249 3376 lineam
272 3311 337 3389 GF,
361 3317 424 3377 siue
447 3336 486 3378 ea
507 3318 549 3379 eit
572 3320 721 3380 coritiana
744 3338 813 3379 cunr
835 3316 921 3378 linea
945 3315 996 3376 CP
1019 3318 1083 3378 eine
1106 3337 1175 3377 cum
1198 3314 1285 3377 linea
1309 3312 1378 3388 CG,
1402 3317 1481 3398 quia

130 3410 264 3483 utraque
286 3424 350 3465 runa
370 3407 478 3483 sactae
492 3413 564 3467 aunt
578 3406 671 3468 linea.
715 3407 855 3487 Utraque
877 3406 975 3486 ipitur
996 3408 1120 3468 ratione
1138 3403 1270 3484 plarww
1283 3424 1354 3465 uere
1368 3412 1482 3466 cauata

30 3561 33 3565 ‚
133 3500 179 3554 eat
200 3491 426 3573 inaequalitate
447 3497 594 3557 secunda.
631 3498 676 3558 Ar
698 3518 769 3558 curn
786 3494 842 3557 Sol
865 3497 910 3556 ad
931 3499 984 3558 eui
1006 3495 1168 3557 ecceutrici
1190 3493 1276 3556 latua
1297 3513 1353 3555 eeu
1375 3491 1480 3576 loraqi-

131 3581 258 3645 tudinea
280 3584 402 3645 mediae
423 3585 513 3658 uerat,
538 3584 717 3666 differentia
735 3587 815 3647 catio
836 3605 954 3665 maqna
977 3584 1148 3647 interuenit.
1186 3582 1284 3646 Inicit
1306 3584 1391 3646 euim
1413 3581 1480 3644 aG

129 3673 165 3733 in
186 3669 211 3732 S
233 3678 265 3733 et
286 3673 464 3736 inueniatur
485 3672 571 3736 linea
593 3676 693 3736 medii
714 3682 816 3735 metuo
831 3673 917 3737 Solia
934 3672 991 3734 CV
1007 3677 1042 3736 iu
1062 3673 1171 3736 Ariete
1194 3681 1222 3735 et
1245 3670 1329 3733 linea
1350 3673 1484 3735 naonis

130 3759 279 3842 planetae
296 3759 351 3822 CO
374 3764 410 3824 in
423 3764 528 3824 Libra
544 3767 691 3846 praesim
714 3763 764 3826 illi
787 3766 939 3846 apposita,
962 3770 998 3824 ut
1020 3765 1061 3826 cit
1079 3760 1163 3823 VCO
1187 3784 1252 3824 urea
1274 3760 1370 3823 linea.
1402 3762 1482 3823 thren
1508 3789 1511 3796 ·

129 3851 229 3932 iqitun
253 3848 302 3911 OS
325 3855 521 3932 superauerit
544 3853 616 3924 CV,
640 3874 798 3934 apparens
825 3855 924 3933 iqitur
951 3851 1038 3914 locus
1062 3850 1149 3913 Salio
1170 3858 1216 3913 eet
1242 3848 1328 3913 ultra
1352 3852 1493 3934 opponi.

128 3939 245 4001 tiaroem
268 3960 339 4002 cum
356 3940 497 4022 planeta.
540 3943 677 4022 Curaque
695 3964 756 4025 per
779 3943 860 4004 hanc
877 3962 980 4004 eneam
1002 3941 1203 4003 mutationem
1226 3947 1366 4002 centrum
1379 3950 1480 4022 syrte

129 4032 227 4099 matio
244 4028 424 4110 planetarii
446 4034 571 4093 sitnon
593 4033 629 4094 iu
644 4031 673 4090 V
696 4034 752 4094 red
773 4033 809 4093 in
826 4031 857 4105 S,
876 4029 1009 4112 planeta
1031 4032 1066 4092 in
1081 4027 1135 4090 CO
1159 4038 1307 4111 spectata,
1332 4031 1482 4094 connectis
1527 4041 1531 4052 '

128 4118 228 4200 ipitur
251 4116 282 4190 S,
309 4116 335 4179 0
360 4121 469 4200 siquis,
495 4123 554 4183 erit
579 4122 603 4184 C
630 4121 732 4182 Terra
755 4129 846 4182 entra
869 4120 986 4182 luceam
1010 4117 1076 4193 SO,
1102 4140 1202 4201 qnare
1228 4120 1309 4180 vicio
1324 4116 1481 4199 planetae

124 4229 184 4289 per
209 4205 264 4268 00
288 4205 407 4271 lineam
435 4209 540 4271 adhaec
572 4209 736 4289 implicata
765 4208 987 4289 inaequalitati
1017 4209 1180 4270 secundae.
1227 4208 1336 4288 Neque
1369 4206 1424 4270 00
1448 4210 1481 4271 in

68 4297 71 4300 ’
126 4299 300 4378 posteriore
322 4305 459 4379 tempore
481 4307 582 4379 verpa
604 4303 638 4360 in
662 4302 892 4380 consequentia,
916 4307 950 4360 ut
974 4306 1150 4381 opponatur
1172 4300 1236 4379 ipsi
1261 4295 1321 4370 OS,
1345 4297 1402 4360 aed
1426 4320 1480 4360 aa·

130 4388 237 4449 render
261 4407 367 4448 ereneus
392 4386 458 4460 CF,
492 4389 568 4466 qnia
596 4397 697 4450 enatus
720 4388 808 4451 Selia
830 4397 859 4449 et
880 4411 947 4451 una
970 4390 1068 4450 caedri
1099 4389 1278 4476 systemate}
1303 4384 1481 4468 planetarii

129 4480 328 4556 omniumque
351 4476 418 4559 ejus
435 4478 580 4558 portium
605 4477 728 4557 (itaque
751 4486 780 4540 et
802 4478 904 4559 ipsius
926 4476 953 4538 Ο
975 4476 1122 4558 planetae
1145 4486 1173 4539 et
1195 4477 1221 4536 L
1246 4477 1346 4538 cauri
1373 4497 1479 4540 eccen-

128 4562 218 4644 nice)
244 4575 290 4629 eat
313 4567 442 4628 alinea
466 4563 520 4627 CO
552 4586 660 4627 uacua
682 4569 707 4627 F
729 4588 857 4630 aureum
885 4575 914 4628 et
943 4566 1039 4631 multa
1073 4563 1221 4640 celerior,
1255 4586 1350 4645 quant
1379 4573 1481 4628 aroma

128 4658 294 4717 ecoadriai
315 4656 363 4718 uel
381 4653 530 4736 planetae
553 4657 588 4716 iu
608 4653 634 4715 Ο
658 4657 744 4717 circa
759 4658 794 4730 L,
819 4677 839 4717 a
857 4665 975 4738 pruneto
991 4657 1019 4716 ll
1042 4675 1151 4717 nermo
1173 4657 1350 4738 inferiora:
1374 4659 1480 4738 itaque

130 4743 156 4806 0
180 4752 266 4807 motu
288 4765 350 4807 nan
372 4746 536 4806 eccentriei
554 4747 686 4826 proprio
710 4747 766 4807 red
790 4753 938 4808 caleaneo
962 4746 1135 4808 retrahitur
1164 4742 1309 4807 nonnihil
1331 4747 1366 4807 in
1390 4753 1478 4808 ante-

128 4834 281 4913 cedentia,
303 4841 339 4896 ut
361 4833 488 4916 quidem
505 4856 566 4917 per
588 4855 621 4896 aa
639 4843 768 4909 constat,
789 4834 939 4916 planetae
960 4837 996 4898 in
1015 4834 1207 4916 oppositione
1230 4854 1301 4898 cum
1316 4832 1392 4897 Sole
1415 4846 1502 4898 eree·
