3354 5504
467 283 498 337 a
516 283 705 337 omanem·
723 287 754 338 a
772 291 841 337 moe
858 284 1061 338 sanamus.
1392 283 1435 354 35

80 470 137 526 est
185 462 304 525 hiensis
326 462 417 527 nobis
441 466 631 527 accurando
654 466 723 528 dum
750 472 938 545 aegrotaret,
969 472 1001 527 et
1023 465 1197 545 sepeliendo
1219 471 1337 527 mortuo
1353 485 1434 528 oon-

81 560 209 616 sumtus.
255 552 330 615 Inde
362 572 461 633 usque
492 555 530 615 ad
562 554 655 617 ferias
685 554 851 618 Natalitias
882 554 977 634 relegi
1008 556 1294 636 Progymnasmata,
1326 554 1437 636 scripsi

81 642 220 715 indicem,
243 641 370 723 concepi
393 650 494 717 noas,
516 662 641 724 quarum
664 644 782 725 aliquae
806 646 930 717 (utrem
943 644 1182 723 indignissimam
1198 644 1294 705 obiter
1309 644 1435 719 addam)

79 731 291 795 tantummodo
313 731 453 811 privatae
476 733 658 795 monitionis¹
672 753 766 795 causa
789 734 937 814 scriptae,
969 733 1159 813 postmodum
1180 752 1235 814 per
1264 731 1436 797 simultates

83 829 220 895 normas,
250 839 299 882 me
321 840 383 883 non
407 821 534 902 amplius
558 822 705 898 consulto,
729 823 849 885 suemnt
872 823 916 884 ita
938 822 1052 897 mditer
1075 830 1108 884 et
1128 821 1269 895 eruditor,
1293 828 1327 883 ut
1350 830 1437 893 erant

84 928 173 972 arne
198 918 377 991 conceptae,
400 911 477 972 citra
500 930 615 974 omnem
637 913 850 975 necessitatem
872 913 1047 992 impressae,
1071 911 1207 985 consilio,
1230 918 1265 972 nt
1281 910 1375 991 ajunt,
1397 931 1437 974 ne

80 999 226 1062 haberem
251 1017 320 1079 ego,
343 1018 401 1079 quo
425 1000 630 1063 calumniarer.
667 1002 728 1065 Ubi
750 1002 843 1065 ctiam
857 1009 1048 1083 praeceptum
1067 1000 1097 1063 in
1116 999 1318 1080 computanda
1330 1000 1435 1063 Lunae

80 1088 271 1168 longitudine
296 1107 334 1149 ex
355 1107 426 1150 mea
445 1108 540 1169 prava
562 1092 747 1153 correctione
780 1092 832 1161 (de
863 1111 922 1172 qua
953 1111 1034 1153 eram
1066 1090 1193 1152 seorsim
1216 1089 1435 1154 deliberaturus

80 1186 168 1240 extra
201 1178 380 1240 seminarum
412 1179 585 1259 strepitum:
622 1181 670 1242 cni
707 1181 750 1243 rei
787 1189 890 1244 notam
926 1180 965 1242 ad
997 1179 1161 1258 marginem
1192 1197 1368 1260 posueram,
1400 1187 1436 1242 nt

81 1267 212 1348 amplius
236 1285 385 1347 supereo
409 1268 575 1330 conferrem
597 1288 663 1332 cum
687 1270 880 1344 haeredibus)
908 1288 955 1332 me
985 1289 1045 1332 non
1066 1268 1195 1349 amplius
1219 1268 1355 1331 consulto
1377 1269 1436 1332 luit
1503 1332 1508 1343 ,

80 1376 273 1437 perversum:
299 1363 332 1417 ut
353 1356 444 1436 plane
466 1357 580 1419 habeas
602 1366 636 1420 tn
658 1360 706 1421 vel
730 1360 878 1422 Mlillems
900 1359 1015 1439 potius,
1047 1357 1126 1440 qirod
1157 1357 1230 1420 mihi
1262 1376 1315 1419 seu
1337 1357 1435 1438 magis

82 1444 291 1508 simultatibus
313 1446 429 1508 nostris
452 1448 667 1511 succenseatis.

168 1534 235 1597 Sed
256 1535 486 1613 regrediendum
508 1537 547 1598 ad
568 1537 655 1599 initia
677 1538 747 1599 anni
774 1532 872 1612 1602;
906 1536 946 1598 ibi
979 1544 1011 1598 tu
1033 1534 1095 1598 noli
1118 1535 1265 1597 rationem
1287 1536 1433 1614 temporis

82 1624 213 1703 exigere.
262 1622 360 1686 Crede
383 1625 471 1698 mihi,
503 1627 582 1707 quod
615 1626 690 1688 dnos
721 1624 856 1706 integros
888 1644 1007 1688 menses
1031 1624 1139 1687 stando
1162 1623 1377 1685 consumserim
1399 1625 1432 1689 iu

82 1712 216 1795 equestri
238 1712 363 1792 palatio.
408 1714 489 1776 Nam
511 1723 629 1777 mortuo
652 1716 793 1798 Tychone
816 1709 868 1776 24.
892 1714 961 1778 Oct.
987 1718 1090 1784 (18⁰1.)
1112 1712 1274 1776 Barvitius
1292 1707 1343 1774 26.
1362 1712 1431 1776 Oct

82 1802 152 1865 mihi
174 1802 260 1863 ultro
284 1801 427 1864 salarium
453 1803 636 1867 Caesareum
658 1804 864 1879 annunciavit3
897 1804 927 1865 id
958 1812 993 1865 ut
1023 1804 1247 1865 confirmaretur
1273 1802 1433 1882 petendum
1568 1834 1571 1839 ·

82 1900 157 1964 erat,
181 1891 279 1952 donec
301 1891 425 1953 tandem
438 1889 468 1955 9.
484 1894 589 1956 Martii
611 1895 738 1997 primam
762 1893 864 1971 accepi
887 1893 1054 1973 pecuniam.
1096 1892 1192 1953 Paulo
1214 1898 1286 1972 post
1306 1891 1434 1971 migravi

84 1982 276 2054 Emauntem,
299 1980 392 2042 horae
414 1981 502 2043 unius
525 1982 633 2044 itinere
657 1983 807 2045 cursitans
830 1982 963 2064 quotidie
986 1982 1017 2044 in
1040 1982 1148 2043 aulam.
1195 1980 1241 2043 Ibi
1263 1989 1326 2041 tum
1349 1979 1434 2063 coepi

83 2070 247 2131 obseruare
269 2077 302 2130 ct
323 2070 362 2130 ad
386 2071 519 2133 Martem
540 2073 655 2144 redire,
686 2072 860 2154 invenique,
893 2073 973 2135 viam
1005 2071 1070 2151 ejus
1097 2088 1247 2133 essenon
1270 2069 1435 2151 perfectum

82 2158 301 2232 eccentricum,
333 2159 388 2221 sed
419 2160 545 2222 evalem.
592 2161 775 2242 Supervenit
795 2168 897 2223 autem
919 2159 1124 2240 Tengnaglius
1155 2165 1188 2219 et
1218 2157 1333 2220 invenit
1362 2158 1433 2221 lites

82 2266 126 2311 me
149 2249 232 2310 inter
254 2255 287 2308 et
300 2248 511 2329 Tychonimos
534 2251 609 2332 (qna
627 2251 658 2311 in
673 2270 705 2312 re
720 2250 926 2313 curiositatem
942 2250 997 2312 tihi
1011 2268 1111 2331 meam
1125 2247 1254 2309 libenter
1268 2248 1375 2323 fateor,
1399 2254 1435 2310 ut

83 2336 153 2399 olim
169 2355 289 2417 quoqne
306 2335 337 2397 in
352 2336 475 2411 literis),
498 2347 530 2402 et
542 2358 590 2401 me
606 2341 790 2421 quarundam
805 2340 1047 2402 observationum
1060 2357 1120 2400 non
1136 2344 1253 2399 oratum
1271 2332 1436 2413 custodem,

83 2447 155 2508 quaa
180 2424 242 2506 ipsi
264 2424 385 2506 quidem
416 2426 494 2489 citra
524 2429 618 2491 ullam
650 2429 886 2491 controversiam
914 2428 1041 2503 tradidi3
1074 2426 1128 2489 sed
1159 2426 1308 2488 adventus
1340 2425 1436 2506 ipsius

81 2535 178 2578 meum
202 2514 350 2576 salarium
381 2536 527 2597 quassare
556 2518 724 2580 videbatur.
771 2521 876 2600 Itaque
906 2537 1001 2580 novae
1034 2525 1118 2600 ortae
1151 2514 1382 2578 sollicitationes
1405 2522 1437 2578 et

82 2605 210 2685 danique
234 2622 285 2666 res
308 2623 344 2664 eo
367 2600 466 2679 rediit,
489 2615 524 2668 ut
541 2607 665 2687 juberer
679 2608 831 2670 nominare
846 2608 948 2670 studia
962 2627 1014 2669 seu
1030 2624 1131 2687 opera,
1155 2623 1232 2686 quae
1253 2605 1436 2686 susciperem

82 2692 268 2775 perficienda
289 2711 343 2772 pro
367 2694 479 2757 salario
501 2716 578 2758 meo.
624 2699 750 2761 Factum
773 2698 804 2759 id
827 2706 876 2760 est
901 2693 993 2761 1602.
1012 2690 1224 2777 Septembri')
1257 2695 1435 2777 Nuncupavi

82 2781 300 2847 Astronomiae
327 2791 444 2862 partem
468 2785 609 2865 Opticam
640 2787 681 2848 ad
712 2787 868 2867 sequentia
891 2786 1053 2859 Natalitia,
1088 2791 1119 2846 et
1143 2782 1366 2847 Commentario
1397 2784 1434 2846 de

81 2873 213 2935 motrbns
235 2871 347 2934 Martis
370 2873 409 2933 ad
433 2892 562 2954 sequena
576 2875 705 2939 Pascha.
752 2876 894 2956 Seposito
916 2876 1007 2957 igitur
1021 2876 1122 2937 Marte
1146 2873 1239 2936 sumai
1258 2872 1379 2952 Optica,
1405 2880 1437 2936 at

82 2981 147 3026 cum
166 2961 235 3041 jam
258 2960 297 3023 de
319 2961 480 3024 excursione
503 2983 635 3044 agerem,
659 2973 721 3027 tum
745 2965 863 3027 demum
885 2966 970 3046 coepi
992 2965 1030 3026 de
1053 2982 1131 3026 novo
1148 2963 1327 3025 concinnare
1348 2981 1433 3042 opus,

82 3069 177 3133 oeque
199 3056 320 3113 tantum
335 3050 452 3133 aSept.
471 3050 564 3117 1602.
589 3054 620 3117 in
634 3054 787 3117 Natalitia
811 3050 906 3131 1602,
931 3055 985 3116 sed
1007 3054 1037 3115 in
1061 3054 1158 3115 altera
1170 3051 1320 3115 Natalitia
1337 3047 1431 3115 1603.

84 3141 120 3204 iis
142 3139 327 3202 incumbere.
365 3140 409 3202 Iis
430 3143 575 3221 perlectis
599 3152 762 3231 occupatus
787 3145 830 3205 fui
853 3163 929 3224 pene
947 3144 1004 3205 hoc
1025 3150 1091 3205 toto
1114 3161 1193 3203 anno
1215 3136 1307 3204 1601.
1333 3140 1432 3220 operis

81 3228 328 3312 typographicis,
359 3229 460 3312 itaque
491 3239 558 3294 tcto
591 3229 686 3297 1603.
719 3232 771 3293 vix
792 3251 896 3313 pamm
920 3232 1041 3313 respexi
1071 3231 1111 3293 ad
1133 3232 1282 3305 Martem,
1314 3228 1432 3291 condidi

81 3328 183 3382 tamen
196 3317 437 3399 Ephcmeridad
446 3327 478 3381 et
492 3321 604 3395 tradidi
621 3340 686 3387 curn
696 3321 827 3402 Opticis,
844 3323 991 3402 etiamque
1006 3321 1090 3383 illam
1103 3327 1238 3383 nostram
1251 3318 1431 3393 Pandoram,

80 3406 381 3471 maromontem
402 3408 470 3471 dico
484 3411 657 3486 Lanarium,
680 3411 817 3491 interjeci
831 3411 983 3474 mensibus
998 3409 1121 3485 Martio,
1144 3407 1243 3489 Aprili
1261 3414 1293 3468 et
1313 3404 1430 3468 duobus

80 3496 150 3560 aliia
172 3496 206 3561 in
227 3495 367 3578 plenaria
388 3497 585 3575 adornatione
608 3508 641 3563 et
657 3500 858 3582 descriptione
875 3500 1048 3563 consumtis.
1083 3500 1134 3562 Ab
1148 3497 1233 3561 initio
1247 3494 1317 3557 anni
1335 3491 1428 3559 1604.

80 3586 156 3650 redii
177 3586 220 3649 ad
242 3586 376 3650 Martem
399 3596 431 3650 et
453 3586 677 3653 Commentario
701 3589 808 3672 scripsi
815 3610 825 3666 ;
858 3590 945 3652 simul
976 3590 1097 3653 tabulas
1118 3584 1431 3668 prosthaphaereseou

82 3676 164 3739 orbis
195 3675 289 3739 annui
319 3677 477 3757 generales
509 3686 541 3741 et
572 3679 734 3760 cuicunque
772 3679 957 3742 restitutioni
989 3687 1016 3750 ό
1047 3686 1151 3759 aptas,
1189 3674 1277 3737 simul
1308 3674 1429 3737 tabulas

81 3764 261 3847 prosthaph.
285 3784 325 3829 ex
345 3766 507 3847 hypothesi
528 3768 665 3850 physica,
688 3768 749 3843 ubi,
773 3770 880 3833 credas
902 3769 984 3846 mihi,
1008 3764 1187 3851 quadragies
1206 3761 1430 3827 minimomusu

82 3854 172 3931 ιωίι,
195 3862 235 3918 ut
254 3872 310 3936 per
334 3852 394 3918 181
419 3857 502 3919 vices
525 3858 630 3920 eadem
664 3859 799 3939 operatio
830 3859 1045 3921 traduceretur.
1090 3854 1169 3917 Nam
1197 3853 1244 3914 rei
1275 3852 1429 3917 subtilitas

82 3963 139 4007 non
161 3950 214 4007 est
234 3962 338 4026 passa,
360 3963 415 4025 per
438 3946 531 4009 denos
554 3955 607 4010 ant
628 3967 719 4011 senos
742 3947 852 4028 gradus
876 3949 998 4011 saltare.
1036 3942 1246 4007 simulantem
1261 3949 1292 4004 et
1307 3960 1429 4024 operam

82 4032 186 4099 libaria
208 4032 290 4108 dedi,
313 4034 460 4118 genuique
483 4036 606 4099 tiliolum
619 4037 821 4113 thidericum
845 4038 933 4102 simul
952 4044 983 4097 et
1002 4032 1138 4096 bimestri
1160 4040 1294 4113 tompore
1318 4050 1428 4113 aegro-

84 4124 145 4186 tari
168 4130 203 4186 et
224 4142 285 4187 una
314 4142 390 4188 uxor
397 4144 407 4200 ;
441 4125 529 4188 simul
559 4146 639 4189 nova
670 4126 761 4189 stalla
793 4135 898 4191 exorta
929 4122 1141 4205 occupationes
1172 4122 1307 4205 peperit;
1340 4120 1429 4186 simul

83 4213 211 4294 migravi
223 4212 254 4274 iu
264 4211 354 4276 nimis
367 4213 547 4297 longinquas
562 4216 664 4292 aedes,
679 4225 710 4279 et
723 4216 806 4278 mille
821 4217 883 4279 alia
897 4214 1017 4294 negotia
1031 4213 1197 4275 domestica
1210 4219 1243 4274 et
1256 4210 1430 4294 inStyriam
1497 4224 1500 4229 ’

85 4302 264 4385 scriptiones
285 4302 342 4365 tibi
363 4312 519 4385 comperta
539 4325 598 4368 non
617 4314 696 4383 sunt,
719 4306 818 4368 aulica
832 4326 870 4368 ex
885 4302 1071 4384 Tengnaglio
1085 4302 1186 4366 discas
1199 4308 1280 4383 peto.
1318 4300 1427 4374 Credo,

85 4391 161 4474 quod
185 4391 343 4456 dimidium
362 4394 507 4475 temporis
530 4395 667 4476 eripiant.
713 4397 783 4460 Jam
806 4394 876 4477 quid
899 4394 940 4455 sit
961 4393 1099 4454 effectum
1121 4393 1199 4455 vide.
1245 4390 1342 4455 Ovale
1369 4388 1428 4450 iter

86 4490 185 4564 oper
207 4500 314 4546 auram
335 4482 507 4547 aetheream
528 4493 577 4547 est
599 4493 751 4548 constans.
799 4483 901 4548 Causa
923 4482 1078 4546 ovalitatis
1097 4481 1216 4545 titubat
1262 4480 1329 4558 Ego
1351 4478 1426 4541 hac-

87 4580 171 4635 tenus
193 4590 320 4635 canaam
341 4573 430 4637 attuli
452 4574 561 4650 talem,
592 4593 632 4637 ex
663 4594 722 4657 qua
753 4573 902 4656 sequitur,
932 4573 1102 4653 ingressum
1125 4580 1150 4641 d
1173 4592 1192 4631 a
1220 4568 1331 4631 circulo
1358 4585 1426 4629 ease

88 4657 171 4725 13⁰⁰
183 4662 223 4725 de
240 4657 380 4738 152500,
394 4682 482 4746 quem
496 4664 547 4727 ubi
562 4662 648 4746 coepi
661 4663 824 4732 illustrare,
842 4681 902 4724 non
917 4661 1035 4725 invenio
1050 4660 1194 4740 majorem
1208 4654 1273 4722 800
1287 4656 1336 4741 vel
1351 4650 1424 4722 90⁰.
1470 4693 1474 4703 ·

88 4748 308 4835 Comprehendi
330 4758 431 4817 tamma
454 4750 493 4817 51
520 4750 670 4835 capitibus
692 4752 792 4815 omnia
814 4770 890 4835 quaa
913 4752 1070 4834 explorata
1091 4749 1197 4811 haheo.
1244 4744 1280 4810 Si
1306 4745 1426 4822 moriar,
1498 4776 1504 4786 ·

89 4842 147 4907 seio
169 4842 249 4909 haec
271 4843 372 4907 omnia
392 4841 557 4909 utilissima
577 4842 680 4909 ιιιιιιη
692 4839 819 4907 ulterius
835 4858 1043 4925 progressuro.
1081 4838 1206 4905 Summa
1225 4837 1318 4903 baec:
1341 4837 1427 4905 Mars
