3354 5504
517 270 560 345 sa,
580 272 693 325 ossus·
714 269 791 322 reos.
1245 206 1334 351 :²517

62 453 113 515 Ex
134 452 192 514 hoc
221 451 314 533 igitur
341 451 480 533 exemplo
509 452 624 517 cernite
653 452 782 533 primam
804 448 971 532 Hipparchi
1002 451 1199 529 industriam,
1218 454 1280 537 qui
1301 454 1334 519 iu

10 542 83 605 ediis
97 542 361 604 Macedonicorum
379 551 513 605 motuum
530 542 709 607 tumultibus
723 561 779 623 per
798 540 898 603 decies
922 548 1051 603 centena
1072 562 1217 622 passuum
1238 542 1336 607 millia

12 632 104 712 stigia
128 631 249 693 umbrae
273 631 402 693 Lunaris
424 631 598 710 indagavit,
625 650 691 694 cum
720 640 803 693 esset
825 631 1039 693 astronomiam
1063 651 1153 711 super
1175 633 1233 695 hoc
1254 624 1333 697 deli-

10 722 44 785 tio
67 730 284 783 exstructurus.

63 808 264 872 Considerate
288 808 431 890 amplius,
456 828 643 890 nequaquam
667 811 728 873 ista
750 808 851 890 perfici
874 808 964 871 aliter
985 808 1139 888 potuisse,
1163 810 1221 873 nisi
1245 828 1333 893 reges

10 900 80 973 siae,
105 898 314 971 Macedoniae,
337 898 483 979 Aegypti,
508 900 644 979 quamvis
663 907 735 962 tunc
754 901 791 961 de
810 917 908 960 rerum
929 916 1044 959 summa
1067 899 1145 961 iuter
1166 918 1234 962 sese
1259 916 1332 965 cou-

10 995 127 1051 rtautes
161 988 306 1049 acerrime
339 996 478 1068 terraque
511 998 560 1048 et·
574 990 650 1050 mari
684 996 880 1068 grassantes,
914 987 943 1047 in
975 987 1062 1048 unius
1091 982 1192 1050 tamen
1221 989 1333 1069 privati

11 1077 101 1139 minis
121 1088 193 1139 vota
212 1077 369 1138 unanimes
389 1078 616 1139 consensissent
639 1078 755 1158 iterque
781 1086 877 1140 tutum
901 1075 945 1136 illi
970 1076 1045 1138 artis
1071 1079 1339 1157 praeclarissimae⁴

10 1166 74 1231 adio
97 1166 339 1246 praestitissent,
363 1166 466 1228 forsan
491 1174 523 1228 et
546 1167 695 1230 sumtibus
714 1167 875 1247 juvissent.

61 1255 132 1317 dam
156 1274 227 1317 vero
247 1254 379 1317 adhaec
400 1262 505 1317 nostra
525 1275 634 1319 revoco
653 1265 799 1338 tempora,
823 1255 929 1337 quibus
949 1262 1021 1334 post
1037 1255 1125 1333 jacta
1141 1273 1196 1334 per
1210 1256 1331 1338 Tycha

10 1364 41 1407 m
62 1344 164 1407 Brahe
188 1344 372 1407 solidissima
396 1344 592 1408 fundamenta
618 1345 648 1406 id
677 1346 763 1408 unice
791 1345 909 1424 agitur,
941 1351 976 1405 ut
1002 1345 1219 1407 astronomiam
1243 1364 1333 1427 quam

10 1434 225 1497 rfectissImam
249 1434 435 1510 habeamus;
466 1444 497 1495 et
520 1434 599 1515 quod
623 1454 719 1497 meam
741 1442 859 1515 partem
884 1433 1008 1507 attinet,
1032 1442 1150 1514 tempus
1174 1434 1277 1496 forsan
1301 1443 1332 1496 et

10 1531 100 1586 terna
124 1523 306 1585 adminicula
328 1523 401 1585 mihi
426 1523 592 1598 defuerint,
620 1525 738 1585 animus
762 1532 844 1586 certe
867 1542 1017 1604 nunquam
1041 1524 1141 1597 deest,
1172 1542 1331 1586 successus

10 1631 57 1674 am
80 1613 235 1693 praebuit.
259 1612 489 1674 observationes
512 1614 623 1675 adsunt
647 1614 674 1675 in
699 1614 802 1693 copia,
832 1613 937 1693 quales
961 1611 1085 1694 quaevis
1108 1621 1275 1693 temporum
1300 1622 1332 1674 et

10 1712 105 1764 >tuum
136 1701 269 1763 conditio
300 1701 442 1763 exhibet:
477 1703 544 1763 sola
573 1702 650 1764 haec
672 1702 848 1783 Hipparcho
872 1709 1018 1780 usurpata
1040 1701 1160 1764 occasio
1184 1702 1331 1764 hacteuus

10 1791 78 1866 fuit,
101 1798 135 1853 ut
157 1810 212 1871 per
236 1791 386 1852 deiectum
409 1790 492 1854 Solis
516 1792 643 1853 diversis
670 1792 748 1854 locis
771 1800 912 1854 accurate
936 1790 1128 1853 observatum
1152 1790 1258 1853 eadem
1280 1792 1330 1854 in-

10 1880 196 1961 stigarentur
220 1878 405 1959 expeditius,
437 1900 513 1960 quae
544 1880 664 1942 aliunde
692 1900 808 1962 quoque
831 1881 987 1943 innotuere
1010 1900 1064 1960 per
1087 1880 1239 1960 longiores
1262 1900 1330 1943 am-

10 1988 85 2049 ges,
118 1970 218 2050 itaque
250 1988 415 2030 consensus
448 1969 569 2031 veritati
599 1971 760 2050 praeberet
789 1969 1001 2032 testimonium.
1049 1970 1166 2041 Quodsi
1197 1970 1331 2031 seculum

12 2066 114 2121 actum
137 2058 390 2139 contemplemur,
415 2059 586 2121 rarissimas
610 2059 777 2121 videbimus
802 2058 969 2138 hujusmodi
994 2059 1178 2120 occasiones.

62 2149 151 2210 Auno
181 2143 265 2211 1544
288 2166 397 2226 magna
421 2147 478 2207 luit
501 2148 622 2228 eclipsis
646 2157 678 2211 et
700 2150 809 2211 alicubi
833 2148 938 2209 totalis
958 2155 991 2208 et
1009 2148 1202 2210 mediocriter
1224 2147 1330 2210 adulto

10 2257 41 2311 23
76 2256 219 2317 cumque,
251 2243 285 2297 ut
308 2234 437 2298 Gemma
465 2237 581 2299 Frisius
609 2238 786 2312 adnotavit,
818 2236 941 2299 interior
970 2237 1052 2301 Solis
1081 2255 1154 2318 pars
1179 2230 1331 2300 'deiecerit

10 2326 119 2399 evasii,
152 2325 398 2387 meridionalibus
429 2324 523 2403 igitur
556 2327 629 2388 locis
658 2327 766 2389 alicubi
797 2336 880 2389 totus
904 2324 958 2387 Sol
988 2337 1060 2407 post
1082 2327 1199 2389 Lunam
1227 2324 1327 2389 latuit.

10 2434 88 2496 agna
111 2415 336 2495 opportunitas,
362 2415 415 2475 sed
439 2415 593 2494 neglecta,
619 2418 697 2477 iorte
721 2416 798 2497 qnod
824 2426 894 2477 tunc
919 2417 1122 2478 astronomiae
1145 2415 1329 2479 restauratio

10 2524 29 2567 n
53 2503 98 2565 ita
121 2506 254 2577 ferebat,
278 2504 537 2566 observationibus
561 2506 796 2567 accuratioribus
819 2505 948 2566 noudum
973 2505 1169 2584 consignatis.

60 2594 151 2655 Anno
177 2589 263 2656 1560
286 2593 408 2673 e‘clip'sis
432 2593 515 2655 Solis
538 2602 571 2656 et
593 2595 699 2657 totalis
723 2603 754 2655 et
777 2594 807 2655 iu
830 2593 954 2657 meridie
979 2594 1037 2655 luit
1059 2593 1089 2656 iu
1105 2594 1276 2669 Iusitauia,
1300 2601 1332 2656 et

10 2689 134 2745 servata
154 2690 205 2745 ,est
227 2682 342 2764 passim
362 2701 417 2761 per
439 2680 644 2760 Germaniam,
669 2684 830 2764 digitorum
854 2694 955 2745 tamen
979 2702 1119 2745 numerus
1143 2682 1330 2755 solaaesti-

10 2772 103 2835 adone
128 2771 209 2833 nullo
239 2770 364 2833 artificio
390 2771 551 2857 proditus3
586 2774 687 2854 itaque
716 2792 774 2834 non
804 2772 949 2852 majorem
978 2773 1017 2833 ad
1042 2772 1253 2834 certitudinem
1276 2792 1330 2834 uos

10 2850 133 2923 rdu'cere
163 2868 235 2942 apta
265 2870 330 2934 est,
361 2878 448 2939 quam
472 2860 678 2941 Hipparchum
705 2882 762 2923 sua
788 2862 938 2942 perduxit.
984 2861 1177 2941 Addequod
1201 2860 1330 2923 ethaeo

23 2970 101 3032 quae
126 2969 204 3012 anuo
232 2945 315 3013 1567
339 2957 467 3030 sequuta
490 2958 548 3023 est,
571 2953 687 3013 Romae
713 2951 743 3011 iu
766 2951 888 3011 meridie
908 2951 1061 3025 centralis,
1085 2959 1276 3012 astronomos
1300 2949 1329 3011 iu

10 3058 108 3101 versas
132 3047 291 3101 traxerunt
314 3038 482 3102 sententias
506 3059 595 3120 super
610 3041 780 3120 quantitate
795 3040 934 3101 diametri
949 3039 1054 3101 Lunae
1061 3060 1070 3115 ;
1095 3058 1185 3121 quam
1205 3047 1328 3101 contro-

10 3128 101 3192 rslam
124 3127 153 3189 in
169 3124 290 3207 Opticis
307 3128 382 3190 meis
398 3127 548 3207 explicavi
564 3149 629 3211 cap.
650 3130 735 3192 VIII.
770 3130 821 3191 Ita
843 3129 918 3191 fides
942 3129 1060 3191 illarum
1084 3128 1329 3191 observationum

10 3238 62 3280 nes
87 3225 228 3278 auctores
252 3223 315 3305 est,
356 3216 489 3297 Sperant
516 3227 617 3280 antem
646 3237 762 3280 mecum
792 3218 879 3281 multi
911 3219 995 3292 iore,
1027 3227 1072 3280 ut.
1091 3218 1141 3300 qui
1171 3224 1328 3297 utramque

10 3316 119 3371 starum
143 3306 299 3386 eclipsium
322 3304 484 3368 memoriae
507 3308 706 3387 consignavit,
733 3306 968 3387 christophorus
991 3307 1127 3381 Clavius,
1151 3306 1258 3367 vir-de
1281 3306 1329 3367 his

10 3396 95 3481 ihus
110 3395 221 3475 optime
244 3394 380 3469 meritus,
403 3396 681 3479 luculentaaliqua
705 3397 877 3459 narratione
901 3416 953 3457 sen
977 3397 1097 3477 publica
1120 3416 1174 3458 seu
1196 3395 1328 3477 privata,

10 3504 142 3565 ,usquam
162 3504 200 3545 ex
222 3484 279 3546 hac
298 3485 362 3546 vita
371 3533 385 3569 ².
401 3485 463 3565 jam
487 3505 581 3548 senex
603 3486 774 3560 admodum,
798 3485 947 3558 discedat,
972 3506 1027 3548 uos
1050 3505 1089 3548 ex
1111 3485 1150 3548 iis
1174 3483 1327 3566 ambigui-

10 3574 83 3637 ibus
115 3572 241 3654 eripiat,
274 3573 305 3635 iu
338 3572 444 3653 quibus
468 3595 523 3636 nos
547 3595 584 3637 ex
607 3575 737 3638 lectione
761 3575 887 3655 allegati
913 3574 970 3637 leci
993 3594 1126 3637 meomm
1149 3574 1327 3657 Optioorum

10 3682 134 3746 spensos
157 3663 253 3731 teneri
277 3663 371 3725 videt.

54 3750 118 3813 Sed
142 3753 179 3812 ad
206 3772 302 3837 meum
327 3751 497 3815 institutum
520 3754 611 3813 redeo
636 3760 667 3814 et
689 3771 783 3832 pergo
807 3753 846 3813 ad
870 3760 1032 3833 sequentes
1055 3752 1195 3835 eclipses.
1241 3751 1327 3824 Quas

10 3844 45 3905 'm
70 3840 216 3903 hactenus
240 3842 480 3910 commemoravi,
503 3861 601 3904 meum
625 3850 723 3904 ortum
745 3861 849 3903 omues
867 3850 1106 3922 praevertemut.
1140 3841 1224 3906 Anni
1241 3839 1326 3906 1579

10 3928 91 4013 Ipsis
114 3949 225 4009 magna
248 3932 386 4011 quidem,
419 3932 474 3992 sed
498 3929 574 3992 Sole
601 3932 724 3993 nimium
739 3930 897 3994 'inclinato
928 3931 967 3992 ad
996 3950 1155 4005 occasum,
1187 3931 1326 3994 instituto

10 4030 209 4085 momorum
233 4040 291 4082 nou
316 4021 374 4083 fuit
396 4019 512 4081 idonea.
548 4021 636 4082 Auno
665 4018 748 4084 1590
772 4020 869 4082 minor
892 4020 950 4082 fuit
973 4020 1156 4095 obscuratio,
1182 4040 1270 4101 quam
1293 4029 1327 4082 ut

10 4108 73 4175 br·
93 4108 200 4172 Lunae
223 4128 276 4188 per
299 4110 460 4191 Europam,
487 4129 545 4188 qna
565 4109 757 4172 Christianus
780 4109 944 4189 porrigitur
967 4109 1059 4184 orbis,
1082 4110 1186 4191 quaeri
1209 4116 1324 4191 posset.

10 4219 56 4263 ma
76 4194 162 4262 1598
183 4199 288 4261 umbra
303 4200 407 4261 Lunae
427 4199 478 4259 vix
501 4207 668 4261 extremum
692 4207 724 4260 et
745 4198 929 4278 inhospitum
953 4198 1058 4278 attigit
1077 4198 1322 4281 septentrionem,

24 4287 130 4351 nescio
154 4308 191 4348 an
215 4288 304 4368 plane
328 4295 451 4369 propter
475 4289 601 4350 Terram
623 4288 769 4373 intactam
792 4288 957 4350 transierit.

54 4376 145 4441 Auno
182 4372 267 4439 1600
304 4377 409 4440 umbra
442 4378 546 4438 Lunae
581 4376 613 4439 iu
651 4377 853 4455 remotissimo
887 4375 1011 4438 meridie
1047 4375 1220 4456 quaerenda
1257 4374 1324 4438 fuit.

10 4486 55 4533 mo
75 4460 284 4529 lbOi-nmbra
298 4466 402 4528 Lunae
427 4466 544 4548 longius
569 4463 662 4529 etiam
677 4486 765 4547 quam
790 4483 868 4528 auno
894 4460 978 4529 1598
1001 4486 1021 4527 a
1042 4464 1211 4527 meditullio
1235 4464 1323 4528 isciei

10 4555 135 4621 rrestris
157 4574 263 4617 versus
287 4555 508 4636 septentriones
533 4554 694 4617 aberravit

53 4646 126 4708 Jam
140 4664 229 4725 porro
245 4647 328 4707 nulla
343 4643 430 4707 uobis
449 4645 655 4725 exspectanda
670 4642 791 4725 eclipsis
807 4662 918 4723 magua
932 4662 1026 4724 usque
1042 4643 1209 4707 adsunam
1226 4637 1321 4717 1621,

12 4755 51 4799 us
77 4741 109 4794 et
123 4734 474 4815 sequentium'annorum
489 4733 622 4814 deliquia
640 4752 752 4815 magna
774 4731 812 4794 iis
835 4732 1020 4807 commendo,
1045 4732 1096 4814 qui
1118 4740 1191 4795 tuuc
1213 4731 1332 4805 victuri,

10 4832 46 4889 rt
93 4822 169 4891 Sola
190 4822 279 4903 bidui
302 4823 372 4887 anni
398 4818 482 4887 1605
505 4822 644 4905 eclipsis,
674 4822 756 4906 quod
777 4821 950 4887 observatio
972 4840 1041 4885 mea
1062 4820 1182 4897 docuit,
1205 4819 1251 4884 sic
1273 4829 1323 4884 est

16 4926 109 4978 npurr
123 4927 199 4976 opera
221 4928 258 4969 m.
1077 4925 1111 4978 tt
