3354 5504
162 188 231 260 406
619 185 675 281 ¹De
692 186 798 247 llote'bu
815 192 908 247 saltas
925 132 1013 248 liure

162 374 315 458 apsidibus
337 288 400 448 ἃ
410 369 435 435 O
464 286 683 453 innarenn:
716 381 801 435 tanto
828 373 984 455 pauciores
1012 372 1144 435 calculus
1173 373 1290 454 colligit
1317 374 1489 451 dicuntias,

162 473 263 546 utpote
287 483 306 523 a
327 463 443 542 magnis
466 481 552 524 arcos
574 460 709 543 partibus
726 465 943 527 emendicatas.
989 463 1054 524 lllic
1076 463 1106 523 in
1129 464 1168 537 A,
1193 462 1227 536 C,
1252 465 1329 545 quod
1353 465 1490 545 singulae

160 575 219 617 non
241 561 368 634 possqnt
398 551 541 613 distantia
590 551 637 621 ,nb
661 549 838 614 brevitatem
862 552 890 613 in
914 552 1046 625 calculo,
1074 552 1105 612 id
1134 551 1295 615 crebritate
1322 563 1491 633 praestant,

162 646 224 707 ot'
334 660 432 703 moras
460 571 660 790 accfflnt:
693 642 758 713 hio,
784 641 859 720 quod
890 641 1087 720 longitudine,
1119 660 1206 721 quam
1230 642 1257 702 in
1281 644 1398 706 calculo
1422 652 1494 706 sunt

163 664 468 883 ansseearent,
493 730 523 791 id
557 718 635 790 titius
659 741 690 790 et
712 730 810 791 laxius
834 730 975 809 dispersis
999 749 1114 791 rursum
1138 730 1268 811 eripitur.

308 819 332 895 i,
347 845 372 871 1:
393 818 483 899 1ἰιιὶῑίο
507 825 539 881 et
559 821 631 893 line,
656 820 733 898 qood
757 819 859 881 eadem
882 819 1084 899 proportione,
1113 839 1187 898 quae
1212 828 1260 880 est
1281 819 1337 881 Eli
1362 821 1402 882 ad
1424 820 1489 896 ΗΒ,

162 912 169 926 ·
217 938 232 981 Ιι
326 922 352 990 q
379 925 446 1004 rqqe
479 916 510 967 et
541 926 626 969 arcus
659 906 759 969 circuli
791 909 829 969 ab
859 909 997 988 ellipticis
1025 908 1106 970 inA
1136 915 1167 969 et
1189 908 1233 983 C,
1268 917 1299 970 et
1325 909 1490 972 distantiae

181 1025 185 1055 ι
226 1005 235 1020 '
320 1007 325 1051 ι’
366 1036 382 1082 4
432 1003 507 1058 'uuas
531 1015 602 1057 area
625 995 739 1076 ellipsis
769 997 897 1077 colligit,
928 998 957 1057 in
980 998 1005 1057 B
1030 1005 1061 1057 et
1084 998 1238 1077 opposito,
1272 999 1376 1060 eadem
1400 999 1491 1061 etiam

241 1096 272 1141 r*
300 1113 359 1139 ιι.»
530 1086 655 1160 differre,
680 1085 814 1147 nimirum
828 1085 1017 1166 proportione
1041 1087 1241 1167 aequalitatis,
1264 1104 1354 1149 arcus
1370 1088 1491 1168 quidem

241 1183 588 1327 .²'³*1b¹uiuicvgsri
604 1173 795 1324 ildleui'etibm
817 1264 853 1324 de
877 1281 1037 1342 progressu
1060 1261 1246 1329 intermedio.

245 1352 495 1449 Eteninqlineae
513 1352 582 1425 NA,
597 1351 653 1414 ΝΟ
676 1372 697 1413 α
717 1355 824 1434 paruis
847 1352 949 1415 initiis
966 1373 1026 1434 per
1048 1351 1162 1413 celeria
1183 1353 1375 1417 incrementa
1396 1374 1490 1438 eupe-

160 1431 233 1510 rtss't
254 1443 300 1506 aii
379 1440 515 1507 notabili
542 1440 644 1504 lineas
665 1442 767 1517 AHC3
798 1449 827 1504 et
848 1442 1000 1514 sidoniae,
1032 1442 1087 1502 abi
1107 1442 1242 1505 manna
1268 1451 1436 1525 apaan,
1459 1449 1491 1506 a

159 1537 214 1598 BN
235 1520 251 1594 i
409 1570 428 1607 ,-.
441 1531 486 1593 ibi
498 1532 686 1593 inoreneenta
708 1533 821 1594 renam
843 1530 1053 1592 emoriantur:
1076 1530 1110 1590 in
1123 1531 1227 1593 medio
1244 1539 1319 1596 sard
1340 1534 1489 1604 mamma

162 1557 470 1688 magnentia
501 1620 663 1681 eecernriei
686 1614 753 1679 45⁰.
799 1621 894 1682 Patet
916 1619 952 1680 id
974 1618 1202 1698 quadamtenus
1228 1641 1268 1683 en
1294 1622 1492 1701 deperationis

159 1711 273 1795 anfflalo
295 1718 325 1774 et
344 1710 527 1771 secantibus.
578 1709 737 1785 Quartana
766 1710 847 1770 enim
873 1728 983 1770 secam
1011 1705 1120 1788 anpaii
1147 1710 1344 1791 aspirationes
1371 1711 1492 1792 opticae

161 1772 307 1887 arfflp
328 1800 400 1863 nnn
422 1805 496 1871 nio,
526 1797 708 1860 antoanam
727 1799 801 1879 sere
829 1798 933 1880 nepae
954 1796 1008 1856 un
1032 1817 1054 1857 a
1076 1796 1149 1869 un,
1183 1799 1334 1881 opponas
1364 1796 1492 1881 aspira

161 1864 433 1972 aequitimoili'ee
453 1893 559 1950 matun
582 1886 626 1948 ad
647 1887 727 1947 banc
745 1889 977 1968 proportionem
998 1885 1223 1970 adjuvantibus.
1266 1888 1366 1968 Atqni
1388 1890 1490 1950 inare-

161 1970 442 2043 mena'eeeonnm
464 1976 658 2055 aequationis
685 1977 804 2055 optione
827 1976 912 2036 eirca
935 1970 995 2035 45⁰
1016 1977 1179 2056 eant·sere
1205 1976 1370 2050 rna-ciam
1401 1977 1490 2040 neno

162 2078 191 2132 et
204 2071 272 2153 sine
294 2064 480 2149 quadrantis
503 2064 605 2126 tarda.
651 2064 729 2128 Vide
751 2064 790 2126 de
811 2066 861 2125 liis
874 2066 971 2145 finem
994 2083 1061 2144 cap.
1080 2062 1219 2126 XLIII.
1251 2067 1362 2146 'Atque
1384 2065 1492 2127 eadem

165 2161 200 2222 in
215 2178 259 2240 pr
347 2155 418 2216 ione
436 2152 684 2234 progrediantur
705 2155 799 2215 etiam
820 2155 1007 2215 increnoenta
1029 2171 1160 2214 orniam
1187 2151 1397 2235 eliipticornm
1414 2174 1490 2236 per·

162 2246 262 2329 pendi
295 2312 300 2331 ¹
356 2243 419 2306 ‘oen
450 2241 506 2302 KL
536 2242 760 2305 annonarum.
806 2242 892 2304 Nam
920 2243 955 2302 in
977 2239 1149 2321 principiis
1170 2242 1216 2315 A,
1250 2243 1274 2306 C
1304 2263 1400 2306 arnae
1420 2243 1489 2315 ΑΚ,

165 2354 286 2418 semper
307 2332 346 2395 ab
368 2334 396 2394 A
419 2333 573 2411 inceptae,
597 2330 641 2391 ad
663 2331 882 2392 incrementum
908 2336 1080 2402 ornament,
1105 2337 1140 2391 nt
1161 2330 1217 2391 LK
1240 2331 1284 2393 od
1306 2331 1381 2392 KM.
1427 2331 1491 2394 sea

166 2426 245 2508 ipo?
256 2443 352 2486 meaa
373 2428 455 2482 totas
481 2439 617 2500 parente,
649 2421 747 2501 igitur
766 2439 899 2500 paruam
920 2426 948 2479 et
970 2420 1198 2480 inerenaentam.
1245 2418 1382 2502 Iasiae,
1406 2424 1491 2484 cirea

165 2515 201 2587 B,
223 2509 460 2594 propornoAE
482 2508 527 2570 ad
549 2507 603 2568 AB
623 2509 695 2588 sere
718 2508 761 2570 ad
783 2506 1002 2590 aequalitatem
1022 2506 1189 2587 redigitur,
1213 2510 1273 2571 etei
1293 2530 1428 2592 magnas
1448 2516 1492 2573 ed

168 2620 261 2665 arcon
274 2598 341 2673 AB,
360 2603 463 2680 utpote
474 2597 594 2660 uicinae
608 2596 795 2677 quadranti:
808 2605 842 2658 nt
855 2597 901 2658 ita
914 2614 1041 2658 narrant
1056 2616 1191 2675 parmam
1204 2597 1246 2660 eit
1261 2598 1489 2663 immanens

165 2691 207 2755 In
227 2688 329 2754 medio
349 2688 449 2769 igitar
471 2686 556 2749 cirea
578 2681 637 2747 45⁰
659 2686 920 2748 euidentissimum
941 2691 985 2747 eet
1006 2684 1227 2748 incranentnm
1248 2707 1391 2752 ancienne

251 2778 342 2840 Patet
363 2774 462 2855 igitur,
486 2775 576 2835 etiarn
600 2776 629 2836 in
652 2793 810 2854 progressu
834 2775 974 2854 aequales
998 2792 1064 2834 esse
1088 2774 1229 2849 rationes,
1253 2785 1397 2856 qnantum
1420 2777 1489 2840 sub·

167 2868 212 2931 tili
236 2862 470 2928 consideratione
494 2863 564 2924 licet
585 2863 740 2944 inquirere.

257 2952 480 3018 Demonstratio
513 2958 546 3014 ut
568 2952 734 3013 certissima
770 2951 811 3011 ita
834 2948 952 3031 despue
975 2957 1022 3010 est
1045 2958 1076 3010 et
1098 2947 1329 3032 dyeapeapproe,
1353 2963 1491 3034 quantum

101 3038 109 3056 ⁹
170 3045 286 3126 quidem
319 3042 427 3104 attinet
456 3040 532 3101 hanc
563 3052 697 3121 partem,
729 3041 764 3101 de
792 3058 950 3119 progressu
982 3037 1222 3100 intermediomm
1259 3054 1489 3122 augmentorum.

172 3133 337 3213 Cuperem,
370 3138 403 3192 ut
425 3138 539 3202 cetera,
571 3130 614 3190 sic
641 3130 716 3190 hanc
746 3148 858 3210 quoqne
887 3126 1065 3207 particulam
1094 3129 1270 3206 geometrice
1301 3141 1332 3194 et
1360 3131 1492 3215 inepoe

169 3221 320 3302 expediri;
350 3220 393 3283 sic
422 3230 453 3280 ut
484 3217 573 3279 etiarn
600 3219 768 3298 Apolloniis
800 3216 936 3278 satisfiat
988 3214 1110 3277 Interim
1141 3216 1208 3278 dum
1239 3218 1315 3282 alius
1348 3221 1491 3304 quispiam

168 3312 243 3373 hano
266 3307 412 3371 invenerit
433 3315 464 3369 ot
487 3307 684 3381 adornaverit,
708 3313 825 3386 oportet
847 3324 901 3366 nos
924 3305 978 3365 hac
1002 3323 1068 3366 esse
1092 3313 1259 3369 contentos.

254 3399 325 3460 XV.
368 3384 431 3458 'seu
453 3401 642 3475 pertexamus
666 3394 955 3466 demonstrationem,
988 3411 1087 3455 arcum
1111 3393 1259 3473 ellipseos,
1284 3397 1371 3478 cujus
1395 3418 1490 3461 moras

168 3488 295 3563 metitun
309 3506 380 3548 area
400 3485 499 3561 ΑΚΝ,
524 3485 629 3546 debere
654 3483 804 3545 terminari
826 3484 855 3544 in
879 3481 944 3555 LK,
969 3492 1001 3543 ut
1024 3483 1065 3542 sit
1086 3481 1159 3544 AM.

254 3577 405 3638 Hactenus
429 3573 504 3636 enim
529 3592 682 3635 versamur
701 3573 729 3634 in
744 3572 799 3632 hac
823 3570 948 3646 fictione,
973 3571 1076 3651 siquis
1095 3579 1209 3633 tantum
1233 3573 1401 3638 abundaret
1422 3577 1488 3650 otio,

169 3675 203 3728 nt
225 3685 324 3728 aream
348 3664 487 3743 ellipseos
512 3662 603 3724 vellet
626 3669 808 3740 computare,
834 3661 960 3722 futorum
984 3679 1065 3735 esse,
1087 3667 1121 3720 nt
1143 3680 1214 3722 area
1237 3661 1378 3743 ellipseos
1400 3665 1489 3728 ΛΜΝ

169 3776 240 3818 usus
264 3755 328 3816 loco
352 3752 559 3814 distantiarum
582 3751 673 3831 ipsius
689 3751 753 3811 AM
778 3749 913 3823 totidem,
938 3758 1010 3829 quot
1027 3757 1096 3810 sunt
1110 3748 1212 3810 inAK
1236 3771 1322 3813 arcus
1343 3756 1487 3834 aequales,

173 3864 231 3906 non
254 3843 294 3904 sit
316 3863 335 3903 a
358 3859 448 3921 scopo
479 3839 676 3901 aberraturus.
722 3840 804 3900 Haec
827 3838 867 3899 sit
892 3838 977 3899 nobis
1006 3836 1102 3900 instar
1130 3839 1342 3919 propositionis
1373 3842 1487 3924 majoris

169 3933 310 3995 hactenus
334 3931 565 3992 demonstratae.
1304 3943 1307 3949 '

256 4021 400 4083 Minorem
426 4019 489 4098 jam
522 4016 696 4097 subjungam
720 4015 1017 4095 exprotheoremate
1041 4014 1098 4089 ΠΙ,
1122 4012 1231 4094 inquo
1258 4025 1414 4084 ostensum
1435 4031 1484 4099 est,

169 4111 212 4172 uti
235 4129 306 4171 area
328 4106 413 4171 AKC
437 4127 469 4168 se
497 4107 588 4168 habet
610 4106 648 4166 ad
678 4123 778 4166 aream
800 4101 903 4177 AMC,
935 4102 978 4165 sic
1002 4105 1089 4165 etiarn
1120 4121 1186 4163 esse
1216 4123 1317 4168 aream
1340 4111 1431 4176 ΑΚΝ
1452 4113 1485 4175 ιὰ

172 4219 270 4260 aream
288 4197 390 4260 ΛΜΝ.
430 4194 623 4257 Concluditur
641 4194 740 4273 igitur,
759 4212 823 4254 curn
842 4192 1137 4272 aequemultiplicium
1155 4195 1306 4273 proportio
1321 4197 1365 4260 sit
1379 4201 1484 4276 eadem,

171 4289 265 4369 ipsam
289 4288 378 4348 etiam
402 4303 499 4345 aream
523 4284 623 4344 circuli
645 4282 732 4345 ARN
756 4282 852 4343 metiri
876 4300 1020 4343 summam
1043 4279 1248 4343 distantiarum
1272 4285 1484 4354 diametralinn

171 4380 219 4449 (nt
241 4377 305 4449 KT,
329 4376 385 4449 TI)
410 4393 461 4436 seu
489 4372 681 4452 ellipticarum
721 4370 814 4450 ipsius
845 4372 908 4433 AM
942 4371 1080 4443 totidem,
1111 4378 1182 4448 quot
1208 4369 1310 4434 insunt
1336 4381 1483 4457 pareneio

170 4466 237 4527 ΑΚ.
284 4464 369 4527 Unde
392 4469 494 4544 patet,
527 4470 606 4521 recte
635 4459 770 4541 partibus
801 4459 939 4540 ellipseos
968 4459 1046 4521 circa
1068 4460 1106 4532 A,
1132 4456 1156 4519 C
1181 4460 1376 4528 confertiores
1403 4467 1483 4533 tribui

170 4553 340 4626 distantias,
375 4552 499 4613 totidem
521 4567 636 4630 nempe,
666 4556 736 4630 quot
767 4549 984 4611 constituuntur
1006 4548 1036 4608 in
1058 4567 1095 4608 ea
1118 4546 1265 4611 sectiones
1287 4571 1342 4633 per
1363 4574 1481 4641 perpen-

170 4644 316 4705 diculares
339 4641 404 4708 KL,
429 4639 465 4699 ab
489 4638 659 4717 aequalibus
683 4637 806 4698 arcubus
830 4637 921 4717 ipsius
945 4636 1004 4698 ΑΚ
1028 4636 1188 4698 venientes.

256 4732 301 4793 n'e
325 4729 390 4810 quis
406 4729 441 4788 de
466 4725 590 4787 veritate
613 4727 655 4788 rei
678 4724 801 4799 dubitet,
824 4725 935 4787 diffisus
958 4723 1115 4786 subtilitati
1134 4732 1164 4784 et
1186 4726 1379 4807 perplexitati
1399 4752 1481 4817 argu·
