3354 5504
576 286 638 339 Pars
654 286 747 338 TertIa.
774 262 993 377 Quium·
1395 289 1460 358 307

131 465 231 532 08010
253 466 351 529 virtus
373 438 606 531 moroni-'ffioo
621 464 740 528 videtur
763 376 886 545 11οἶ1101,
911 471 991 552 quod
1005 467 1168 531 verisimile
1192 468 1244 542 sit,
1259 452 1374 552 ‘corpus
1397 470 1462 551 ejus

131 576 179 619 sse
203 556 299 621 totius
322 557 423 619 mundi
447 555 666 619 densissimum.

197 645 242 707 Et
258 653 327 708 ute
350 654 489 725 magnete
518 647 614 707 virtus
642 646 805 707 attractiva
828 646 899 707 ferri
928 645 1136 709 orbiculariter
1167 647 1334 729 spargitur,
1357 646 1402 710 ita
1424 654 1459 711 ut

131 742 226 798 crtum
245 734 381 797 obtineat
395 736 505 809 orbem,
530 735 609 796 iutra
624 754 710 816 quem
725 736 919 823 constitutum
933 738 1044 798 ferrum
1059 735 1200 812 allicitur,
1224 737 1334 799 fortius
1349 743 1465 812 tamen,

131 824 137 886 1
166 824 282 886 ferrum
308 824 430 905 propius
459 825 538 885 intra
569 825 756 905 complexum
784 825 866 888 illius
890 825 971 887 orbis
1000 825 1117 887 veniat:
1151 825 1190 886 ad
1216 826 1343 888 eundem
1372 826 1461 906 plane

131 913 232 989 rodum
254 912 352 977 virtus
374 912 516 992 planetis
547 932 672 975 movens
702 933 740 974 ex
761 914 836 999 8010
858 922 1042 995 propagatur
1065 913 1096 974 in
1120 915 1237 990 orbem,
1271 921 1302 976 et
1324 915 1461 995 partibus

131 1003 324 1065 amotioribus
347 1002 429 1064 illius
454 1002 535 1064 orbis
557 1010 605 1063 est
633 1002 817 1066 imbecillior.
863 1005 907 1066 Ut
934 1024 1004 1066 vero
1028 1021 1152 1084 magnes
1182 1023 1241 1065 non
1269 1003 1349 1066 omni
1376 1012 1462 1085 parte

131 1092 215 1167 abit,
235 1092 290 1154 sed
308 1092 461 1154 filamenta
478 1090 554 1167 (ut'
607 1091 719 1165 dicam)
735 1112 787 1154 seu
802 1093 892 1155 libras
909 1093 1068 1165 (motoriae
1091 1092 1212 1156 virtutis
1226 1093 1343 1165 sedem)
1361 1101 1463 1158 rectas
1537 1136 1544 1147 ·

131 1182 203 1243 abet
226 1200 282 1262 per
305 1181 427 1260 longum
451 1200 467 1241 e
580 1228 604 1259 Ι,
628 1180 719 1243 itaut
742 1182 813 1243 ferri
837 1182 991 1262 lingulam,
1015 1183 1041 1243 si
1064 1182 1162 1244 medio
1177 1182 1243 1244 loco
1267 1182 1347 1244 inter
1360 1182 1462 1263 capita

131 1271 262 1352 agnetis
286 1291 305 1331 a
329 1271 425 1331 latere
447 1264 610 1345 consistat,
638 1289 695 1332 non
719 1270 868 1345 attrahat,
898 1272 952 1333 sed
975 1271 1181 1334 tantummodo
1203 1270 1373 1352 parallelon
1397 1271 1461 1335 suis

131 1360 193 1423 bris
223 1359 350 1440 dirigat:
385 1359 429 1420 ita
456 1358 599 1420 credrlrile
622 1366 684 1433 est,
717 1361 747 1421 iu
775 1360 848 1422 Sole
876 1379 934 1421 nou
963 1380 1030 1422 esse
1062 1361 1154 1423 ullam
1185 1360 1247 1422 vim
1273 1360 1463 1441 planetarum

131 1448 331 1523 ttractoriam
355 1456 389 1509 ut
411 1449 441 1508 in
465 1455 603 1527 magnete
618 1449 810 1520 (accederent
828 1449 907 1510 enim
921 1450 959 1510 ad
976 1450 1077 1512 Solem
1100 1449 1258 1530 tantisper,
1282 1450 1376 1511 donec
1395 1468 1461 1512 curn

131 1559 178 1602 rso
200 1538 454 1617 conjungerentur
475 1537 622 1617 penitus),
647 1538 699 1598 sed
723 1546 840 1600 tanturn
864 1539 1065 1614 directorium,
1088 1539 1213 1621 ideoque
1236 1538 1327 1601 fibras
1350 1537 1461 1600 habere

131 1628 275 1691 lrcolares
298 1627 329 1689 in
346 1645 411 1687 eam
426 1626 546 1706 plagam
563 1626 839 1707 circumporrectas,
864 1647 939 1708 quae
953 1635 1139 1690 monstratur
1153 1650 1172 1689 a
1190 1627 1302 1690 circulo
1324 1626 1460 1690 zodiaco.

131 1719 184 1780 010
197 1717 302 1797 itaque
326 1734 394 1777 sese
413 1722 549 1776 vertente
564 1717 745 1794 perenniter,
770 1716 955 1779 convertitur
977 1725 1009 1778 01
1030 1718 1061 1778 in
1085 1718 1188 1779 orbem
1210 1717 1257 1779 vla
1273 1715 1385 1779 metrix
1407 1735 1461 1779 seu

131 1807 248 1869 eduxus
272 1806 324 1869 iile
348 1805 460 1886 speciei
484 1826 503 1865 a
525 1805 607 1866 tibris
626 1805 707 1867 Solis
730 1806 918 1885 magneticis‚
942 1826 996 1888 per
1015 1807 1113 1868 omnia
1136 1806 1326 1887 planetarum
1344 1805 1460 1869 dinte-

131 1905 193 1958 rata
221 1895 364 1970 diffusus,
395 1901 428 1957 01
454 1894 639 1956 convertitur
666 1896 771 1956 eodem
795 1904 928 1975 tempore
958 1915 1024 1957 cum
1048 1895 1134 1958 Sole:
1168 1915 1226 1957 non
1255 1913 1342 1958 secus
1371 1901 1460 1976 atque

131 1987 147 2048 d
168 1976 406 2048 translationem
425 1984 575 2063 magnetis
600 1984 665 2062 ipsa
689 2003 804 2066 quoque
828 1985 924 2046 virtus
948 1985 1117 2064 magnetica
1144 1984 1326 2047 transfertur
1349 1991 1381 2048 et
1400 2003 1461 2047 una

131 2094 222 2139 arrum
244 2073 343 2153 ipsam
365 2071 426 2133 vim
448 2072 647 2151 magneticam
671 2074 840 2154 iuseqneus.
1172 2136 1176 2144 ,

195 2162 371 2226 Perbellum
384 2161 521 2242 equidem
544 2162 630 2241 attigi
657 2164 824 2242 exemplum
848 2162 996 2242 magnetis
1013 2170 1043 2223 et
1058 2161 1176 2222 omnino
1200 2163 1243 2224 rei
1266 2160 1458 2237 conveniens,

131 2272 276 2335 cparum
298 2252 387 2313 abest
408 2252 476 2330 quin
501 2268 549 2311 res
573 2250 639 2329 ipsa
656 2252 714 2312 dici
738 2253 844 2331 possit.
883 2253 963 2313 Nam
986 2251 1057 2332 quid
1080 2269 1136 2330 ego
1156 2251 1191 2311 de
1215 2258 1365 2332 magnete,
1387 2258 1459 2314 tan-

131 2362 198 2407 narn
222 2342 259 2404 de
288 2340 444 2420 exemplo?
474 2358 540 2400 cum
569 2340 635 2420 ipsa
658 2343 772 2415 Tellus,
798 2341 980 2425 Gulielmo
1010 2340 1180 2403 Gilberto
1203 2340 1305 2421 Anglo
1333 2339 1459 2403 demon-

131 2440 238 2500 nante,
262 2448 388 2509 magnus
413 2429 533 2509 quidam
561 2430 601 2490 sit
633 2448 772 2509 magnes,
805 2431 968 2509 eademque
997 2429 1102 2491 eodem
1130 2436 1266 2505 anctore,
1301 2428 1459 2509 (lopernici

131 2530 279 2593 saertore,
311 2518 509 2580 convolvatur
532 2519 561 2579 in
585 2518 650 2580 dies
675 2520 826 2599 singulos,
859 2520 904 2580 nti
927 2537 983 2597 ego
1006 2518 1110 2581 Solem
1144 2519 1225 2580 volvi
1248 2518 1395 2597 conjicio:
1429 2526 1461 2580 et

131 2614 145 2675 1
166 2610 202 2672 id
228 2608 336 2690 ipsum,
360 2607 430 2687 quia
451 2608 542 2669 fibras
566 2609 659 2669 habet
680 2608 876 2688 magneticas‚
901 2608 1011 2669 lineam
1032 2608 1172 2669 motionis
1197 2627 1269 2669 suae
1294 2607 1385 2670 rectis
1401 2628 1458 2669 an-

131 2701 187 2764 ulis
212 2697 447 2770 intersecans,
477 2696 544 2757 ideo
568 2695 638 2757 illae
671 2699 762 2759 fibrae
786 2697 879 2759 variis
903 2696 1024 2759 circulis
1045 2697 1170 2759 motioni
1192 2696 1349 2777 parallelis
1372 2697 1460 2776 polos

131 2787 242 2852 'elluris
269 2787 505 2848 clrcumsistant:
541 2795 573 2846 ut
596 2786 660 2865 jam
684 2788 751 2865 jure
780 2788 892 2868 optimo
920 2786 1036 2848 Lunam
1064 2786 1101 2847 ab
1130 2787 1187 2847 hac
1211 2787 1321 2847 Terrae
1345 2803 1459 2847 convo-

131 2879 224 2942 itione
248 2876 440 2955 ejusdemque
464 2874 586 2937 virtutis
609 2877 796 2955 magneticae
819 2875 1018 2938 translatione
1041 2875 1107 2956 rapi
1131 2874 1302 2950 statuerim,
1334 2874 1460 2955 triginta

131 2987 211 3035 tmen
234 2966 352 3028 vicibus
375 2964 547 3026 tardiorem.

194 3054 281 3129 Scio,
310 3054 422 3116 Terrae
453 3054 606 3114 filamenta
633 3053 824 3134 ejusdemque
847 3060 946 3115 motus
976 3060 1169 3134 aequatorem
1192 3052 1328 3134 signare,
1353 3052 1458 3114 Lunae

131 3166 179 3210 ero
208 3143 352 3207 circuitus
375 3142 498 3203 zodiaco
523 3160 590 3203 sese
614 3142 791 3204 familiarius
815 3143 982 3223 applicare:
1017 3142 1134 3224 quade
1158 3162 1190 3203 re
1212 3142 1243 3203 in
1266 3141 1460 3222 sequentibus

131 3257 173 3319 sp.
199 3232 372 3299 XXXVII.
398 3239 429 3293 et
456 3240 541 3311 parte
566 3232 604 3292 V.
629 3232 695 3292 Hoc
719 3252 776 3293 uuo
801 3240 926 3312 excepto
956 3240 1056 3294 cetera
1085 3231 1278 3293 conveniunt:
1313 3232 1408 3292 Terra
1428 3231 1460 3292 in

130 3308 215 3399 nst>
239 3322 396 3402 complexu
424 3329 472 3383 est
493 3319 623 3382 Lunaris
645 3321 771 3400 periodi,
795 3330 829 3383 ut
851 3321 906 3384 Sol
929 3322 958 3381 in
982 3331 1147 3383 ceterorum
1175 3320 1372 3401 planetarum.
1418 3320 1461 3382 Et

131 3427 144 3479 1
162 3402 307 3497 planetae
328 3410 431 3473 08010
454 3412 530 3471 fiunt
547 3411 715 3483 ecccntrici,
740 3411 783 3471 sic
798 3411 884 3472 Luna
903 3430 921 3470 a
940 3412 1049 3472 Terra:
1074 3418 1107 3472 nt
1125 3417 1237 3471 certum
1252 3410 1302 3484 sit,
1321 3430 1340 3470 a
1355 3410 1459 3472 Lunae

131 3514 227 3569 totore
242 3504 368 3563 Terram
390 3518 443 3560 ceu
460 3498 608 3580 quandam
626 3518 803 3580 cynosuram
828 3500 969 3578 spectari,
993 3499 1036 3561 uti
1052 3500 1106 3562 Sol
1129 3506 1314 3580 spectatura
1331 3499 1459 3561 motori-

131 3617 165 3658 us
195 3592 388 3673 planetarum
421 3597 586 3651 ceterorum
618 3588 762 3669 propriis;
795 3588 832 3649 de
863 3588 969 3669 quibus
997 3588 1095 3669 capite
1124 3588 1307 3651 XXXVIII.
1353 3590 1458 3670 Itaque
1538 3582 1546 3595 ⁸

132 3682 273 3746 lausibile
298 3687 355 3752 est,
380 3698 446 3739 curn
464 3680 558 3739 Terra
576 3678 690 3739 Lunam
715 3676 793 3737 cieat
815 3695 869 3758 per
893 3677 1033 3756 speciem,
1057 3677 1155 3759 aitque
1178 3696 1285 3758 corpus
1308 3678 1458 3758 magneti-
1573 3710 1576 3729 ι

131 3756 195 3848 um:
219 3779 251 3832 et
265 3769 320 3832 Sol
343 3768 482 3847 planetas
505 3767 585 3828 cieat
607 3767 745 3828 similiter
767 3786 821 3845 per
845 3767 987 3827 emissam
1002 3767 1151 3846 speciem:
1185 3766 1307 3829 Solem
1330 3768 1456 3850 itaque

134 3859 296 3955 imiliter
318 3877 455 3937 corpus
477 3876 559 3918 esse
582 3854 833 3935 magneticum.
1180 3874 1188 3883 ·

630 4264 748 4363 Caput
781 4263 955 4339 XXXV:

169 4432 227 4495 Aa
248 4437 284 4492 at
306 4426 435 4490 luminis
457 4427 502 4488 sic
525 4433 676 4490 ermolas
698 4423 835 4530 0008010
855 4427 1016 4587 {amayae
1034 4428 1174 4512 privatio
1196 4428 1232 4490 in
1251 4424 1399 4508 planctis,

670 4535 709 4578 000
731 4535 854 4594 europa
873 4538 905 4575 aa.

201 4662 272 4724 Jarn
303 4667 467 4740 opportune
500 4675 647 4720 resumam
681 4668 712 4721 et
740 4656 924 4737 objectiones
953 4657 1049 4738 capite
1072 4658 1222 4722 XXXIII.
1246 4657 1357 4720 allatas
1364 4677 1374 4734 3
1405 4657 1456 4719 ubi

132 4748 289 4833 ognationi
319 4749 392 4810 lucis
422 4756 453 4809 et
480 4747 599 4810 virtutis
627 4749 761 4811 motricis
789 4747 992 4826 opponebatur
1021 4748 1116 4828 primo
1139 4746 1296 4810 offuscatio
1326 4746 1456 4811 siderum

131 4849 228 4915 rutua,
251 4838 357 4901 deiude
380 4839 483 4921 dispar
501 4839 666 4919 specierum
688 4839 841 4918 utriusque
864 4836 1023 4904 emanatio.

1188 4939 1249 4993 to*
