3354 5504
647 301 708 356 um
726 303 817 356 reios
855 298 938 370 capa
954 303 1042 357 xxva
1204 347 1208 356 .
1336 363 1385 385 ,,
1454 302 1519 377 285

171 498 353 563 apogaeum,
378 501 413 544 eo
438 482 515 564 quod
538 482 636 546 lineae
659 508 679 545 α
686 508 712 564 χ,
735 481 792 563 Sp,
807 507 853 545 ro
876 485 1016 565 paralleli
1039 492 1118 546 suut.
1164 484 1209 547 At
1231 484 1268 546 de
1292 484 1373 549 nullo
1396 484 1535 570 proprie,

170 570 310 651 usurpari
341 581 443 652 potest
474 592 534 634 vox
564 574 691 653 apogaei
719 582 928 655 praeterquam
952 574 1124 655 deprimo,
1152 575 1322 654 punctio,
1360 575 1430 657 quia
1453 576 1519 657 ejus

169 661 249 722 linea
271 660 411 822 apqidum
441 663 507 742 αβχ
534 680 587 749 per
611 662 706 742 ipsam
729 664 856 725 Terram
878 664 1010 739 ducitur,
1038 684 1113 746 quae
1136 663 1167 725 iu
1190 686 1210 725 α
1232 664 1333 744 posita
1356 664 1519 745 luit„·pcn

170 768 238 811 vero
263 749 294 810 in
356 751 404 812 vel
427 772 452 813 a.

255 839 372 901 Verum
395 840 514 920 quidem
537 848 593 908 est,
617 859 655 901 ex
677 865 697 903 a
720 843 814 903 Terra
837 843 905 921 ejici
927 861 1017 923 posse
1039 861 1093 927 per
1116 847 1220 904 centra
1242 842 1366 904 duorum
1383 842 1517 924 reliquo-

169 948 231 994 rum
266 929 501 991 eccentricomm
529 950 552 1007 p
580 939 610 991 et
638 955 654 1000 ς
686 940 802 1004 rectas,
834 951 909 1012 quae
937 932 1074 993 dicautur
1102 931 1199 992 lineae
1229 932 1356 1012 apogaei
1378 933 1517 1012 proprie;

171 1038 244 1102 quae
270 1019 301 1080 iu
325 1018 535 1081 antecedentia
558 1020 667 1082 cadent
689 1020 817 1101 apogaei
840 1041 902 1102 αχ;
925 1028 1000 1100 puta
1021 1043 1069 1097 aq
1090 1022 1120 1081 in
1145 1017 1205 1082 24⁰
1227 1026 1266 1096 Ω,
1290 1045 1331 1091 ας
1354 1021 1383 1082 in
1411 1017 1468 1082 19⁰
1492 1026 1517 1099 il

172 1109 301 1172 circiter.
347 1108 393 1171 At
413 1115 483 1170 tunc
506 1107 564 1168 hae
588 1108 684 1169 lineae
708 1130 765 1171 non
787 1107 956 1172 transibunt
970 1129 1025 1191 per
1040 1111 1182 1190 cujusque
1201 1109 1359 1171 eccentrici
1377 1119 1520 1189 punctum

172 1197 366 1279 aequalitatis
388 1197 549 1277 proprium.
589 1199 693 1278 Itaque
718 1200 744 1261 si
763 1199 829 1280 quis
853 1218 889 1260 ex
898 1200 1065 1262 Ptolemaei
1082 1199 1280 1260 sectatoribus
1299 1219 1358 1259 non
1375 1200 1441 1260 vult
1454 1198 1521 1279 epi-

173 1288 287 1368 cyclum
311 1287 429 1365 affigere
453 1286 619 1347 eccentrico
642 1287 672 1348 iu
695 1297 805 1366 puncto
828 1292 862 1362 θ,
887 1290 939 1349 sed
963 1290 1078 1349 mavult
1100 1308 1167 1349 eum
1185 1289 1311 1367 alligare
1331 1288 1360 1348 in
1377 1296 1480 1350 centro
1495 1310 1520 1361 r,

172 1377 197 1438 is
228 1383 355 1455 cogetur
385 1376 429 1437 uti
461 1374 576 1436 duabus
608 1376 696 1437 lineis
733 1378 884 1457 apsidum,
922 1377 1020 1438 altera
1042 1399 1094 1455 αφ
1116 1376 1292 1450 εεεειιιῐὶεἰ,
1324 1376 1440 1457 reliqua
1470 1391 1522 1456 αψ

175 1464 352 1546 aequantia,
376 1472 407 1525 et
430 1464 704 1527 eccentricitatibus
728 1487 780 1543 αφ
804 1475 835 1527 ει
857 1479 928 1545 αψ;
953 1466 1032 1547 quod
1055 1486 1144 1547 quam
1167 1466 1208 1527 sit
1230 1466 1401 1527 intricatum
1425 1473 1456 1528 et
1471 1465 1521 1527 in-

174 1554 358 1616 commodum
389 1555 441 1626 (de
470 1553 656 1615 absurditate
684 1554 761 1616 enim
785 1563 834 1617 sat
857 1556 966 1616 dictum
991 1563 1038 1616 est
1061 1555 1158 1634 capite
1174 1549 1259 1634 vt),
1278 1554 1395 1634 judicet
1414 1555 1521 1635 hujus·
1602 1594 1606 1602 ι
1669 1613 1675 1640 ,

176 1644 252 1706 modi
277 1642 397 1724 aliquis.

258 1732 345 1794 Idem
376 1732 449 1805 erit,
474 1731 500 1791 si
524 1732 590 1812 quis
614 1732 687 1793 velit
712 1735 802 1812 figere
826 1733 991 1816 epicyclum
1014 1732 1180 1794 eccentrico
1203 1732 1233 1793 in
1256 1728 1366 1812 puncto
1390 1755 1417 1806 o,
1441 1732 1522 1795 circa

175 1812 419 1904 quodfflpicyclus
435 1820 601 1901 aequaliter
617 1821 756 1883 volvitur.
789 1822 868 1884 Nam
884 1831 953 1884 tunc
970 1822 1163 1899 eccentricus‚
1180 1822 1317 1883 deferens
1333 1829 1473 1902 punctum
1492 1843 1519 1898 o,

174 1910 297 1975 babebit
320 1911 379 1971 duo
403 1928 538 1990 apogaea
562 1919 593 1971 et
616 1911 872 1987 eccentricitates3
897 1912 1024 1973 altemm
1047 1894 1155 1972 centri
1165 1911 1194 1970 in
1216 1911 1296 1987 linea
1319 1934 1369 1986 ας,
1394 1909 1521 1977 alteram

175 1999 274 2082 puncti
304 1999 497 2080 aequalitatis
525 1999 556 2060 in
583 2000 662 2061 linea
690 2024 749 2062 am.
803 2001 915 2063 Restat
944 2001 1035 2081 igitur
1056 2000 1105 2060 vel
1129 2000 1294 2081 epicyclum
1317 2000 1347 2061 in
1369 2001 1519 2079 digere,

175 2091 221 2152 rel
244 2089 496 2162 eccentricorum,
524 2090 574 2169 qui
597 2096 708 2170 puncta
729 2112 745 2149 a
768 2098 800 2152 ει
823 2113 839 2151 o
862 2080 1014 2164 deferunt,
1045 2108 1181 2171 apogaea
1209 2089 1369 2169 improprie
1394 2107 1519 2165 sumere,

176 2190 203 2242 ει
223 2178 468 2241 eccentricitates
493 2187 665 2258 computare
690 2199 708 2240 a
730 2180 849 2265 punctis
871 2177 897 2252 ξ,
912 2203 943 2249 τ,
967 2199 1026 2240 non
1049 2180 1086 2240 ab
1110 2204 1139 2252 a,
1163 2180 1274 2240 Terrae
1298 2177 1404 2239 indice.
1437 2217 1441 2227 ·

258 2270 362 2348 Atque
394 2267 540 2328 hactenus
572 2268 668 2348 prima
701 2268 862 2331 delineatio
898 2270 955 2330 fuit
984 2269 1013 2330 in
1046 2270 1143 2330 forma
1165 2268 1360 2329 Ptolemaida.
1413 2269 1523 2331 Altera

176 2364 278 2440 potest
299 2356 417 2419 institui
442 2356 495 2430 sic,
518 2365 552 2418 ut
567 2357 634 2417 loca
648 2358 758 2418 Terrae
776 2357 983 2438 Copemicana
1006 2364 1033 2432 o,
1049 2381 1073 2430 a,
1093 2354 1117 2430 ζ,
1133 2379 1158 2434 η,
1183 2357 1350 2418 concedant
1367 2377 1426 2419 non
1444 2358 1475 2419 in
1491 2381 1521 2428 α,

167 2448 227 2529 1εεᾱ
250 2447 282 2509 in
305 2471 329 2526 y,
355 2446 398 2507 sic
421 2445 507 2507 utin
531 2446 587 2506 hoc
611 2446 763 2507 schemate
786 2467 844 2508 non
868 2472 897 2520 α,
922 2448 975 2508 sed
998 2471 1012 2526 p
1034 2448 1157 2508 denotet
1176 2448 1298 2508 Terram
1324 2446 1426 2507 mundi
1448 2466 1521 2509 cen-

166 2536 269 2599 dum:
301 2535 351 2597 ubi
384 2535 535 2616 epicyclus
566 2534 675 2610 etiam,
717 2545 748 2597 et
784 2536 879 2618 ipsius
910 2544 1085 2616 punctomm
1113 2539 1153 2609 θ,
1171 2558 1237 2603 v,o
1270 2544 1331 2596 tres
1364 2534 1523 2598 eccentrici

176 2627 233 2688 situ
259 2644 315 2686 suo
339 2624 554 2685 emorebuntur
577 2624 706 2704 spatiolo
730 2648 777 2705 cy,
802 2626 916 2707 eritque
939 2645 1021 2687 mera
1037 2624 1289 2706 aequipollentia,
1313 2643 1399 2705 quam
1416 2644 1522 2706 super-

175 2716 265 2777 sedeo
288 2713 415 2776 ulterius
439 2713 606 2793 explicare,
637 2732 673 2774 ne
697 2713 818 2775 nimium
840 2715 935 2777 lector
964 2715 1177 2789 confundatur;
1211 2734 1279 2776 nam
1307 2714 1381 2775 haec
1405 2713 1524 2795 quidem

174 2804 286 2868 mentio
310 2810 425 2865 tantum
452 2803 486 2863 fit
507 2812 630 2883 propter
654 2803 765 2865 sciolos
788 2812 841 2866 ant
864 2804 1007 2866 curiosos.

260 2894 296 2955 In
327 2893 421 2954 forma
443 2891 661 2972 Tychouica
691 2892 774 2954 nulla
805 2913 883 2956 nora
911 2893 1110 2955 delineatione
1140 2911 1215 2971 opus
1238 2901 1294 2953 est.
1336 2889 1523 2953 Brevissima

174 2983 317 3044 indicatio
347 2980 465 3042 sufficit.
512 2982 638 3042 Ponitur
669 2991 809 3062 punctum
840 2981 986 3044 affixiouis
1010 2981 1169 3044 eccentrici
1192 2989 1319 3062 quatuor
1342 2978 1450 3040 sitibus
1474 2978 1521 3041 di-

174 3073 272 3134 versis
296 3071 326 3134 in
342 3073 375 3140 ·l,
389 3093 417 3148 ρ,
433 3092 462 3140 c,
479 3093 511 3142 o,
535 3079 569 3131 ut
591 3071 713 3150 planeta
737 3072 777 3133 sit
801 3072 830 3135 in
860 3099 878 3147 ι,
889 3095 915 3147 κ,
927 3074 954 3148 λ,
970 3097 1000 3147 μ,
1037 3080 1069 3134 ει
1100 3070 1239 3151 paralleli
1271 3073 1313 3142 ιλ,
1331 3091 1379 3146 κρ,
1395 3070 1447 3143 lo,
1466 3093 1523 3144 μυ,

175 3171 203 3222 ει
224 3166 288 3222 θα.
336 3159 439 3240 Tycho
463 3158 555 3238 igitur
577 3178 642 3221 cum
666 3160 809 3234 dixisset,
832 3170 965 3225 centrum
988 3161 1092 3224 circuli
1115 3160 1228 3234 Martii,
1252 3177 1338 3241 quem
1361 3157 1425 3238 ipse
1450 3158 1523 3221 iacit

174 3251 292 3312 deferre
316 3248 464 3328 duplicem
487 3248 661 3330 epicyclum,
685 3251 839 3312 circumire
862 3251 893 3312 in
912 3252 1099 3314 concentrico
1114 3249 1196 3312 Solis
1211 3246 1376 3329 aequaliter
1393 3246 1474 3308 clrca
1491 3271 1521 3322 a,

175 3341 265 3422 idque
293 3339 324 3399 in
346 3338 512 3399 Ptolemaei
544 3338 691 3418 gratiam,
721 3339 779 3401 luit
805 3360 865 3403 una
894 3359 972 3417 cum,
982 3341 1158 3403 Ptolemaeo
1189 3346 1221 3399 et
1243 3335 1409 3416 Copemicc
1434 3356 1453 3397 a
1474 3356 1522 3398 me

174 3435 329 3510 permotus
352 3435 438 3506 parte
461 3427 558 3504 prima
581 3446 645 3508 cap.
671 3429 725 3504 Vl,
748 3438 783 3490 ut
804 3429 878 3491 illud
902 3449 954 3491 seu
977 3429 1157 3491 concentrici
1180 3436 1315 3489 centrum
1339 3444 1391 3486 seu
1415 3443 1522 3487 eccen-

175 3518 243 3580 trici
276 3523 419 3597 punctum
436 3516 595 3601 ,affixionis
622 3516 722 3597 potius
754 3519 782 3578 in
806 3517 959 3598 ipsissimo
990 3527 1092 3580 centro
1120 3516 1255 3598 corporis
1277 3513 1396 3578 Solaris
1428 3534 1522 3598 quae-

175 3614 275 3682 reret3
307 3604 395 3685 idque
422 3604 589 3668 rationibus
611 3605 745 3687 physicis
768 3615 800 3667 et
823 3614 946 3670 ostensa
968 3607 1169 3687 possibilitate
1192 3603 1391 3687 geometrica,
1415 3604 1522 3686 quibus

176 3695 308 3758 accessit
338 3713 403 3789 qap.
427 3694 532 3757 XXII.
562 3704 594 3756 et
615 3695 736 3758 XXHI.
766 3695 898 3757 validum
929 3704 1155 3777 argumentum:
1185 3693 1262 3776 quod
1294 3692 1353 3755 nisi
1380 3692 1438 3755 hoc
1460 3695 1522 3764 liat,

176 3787 233 3849 etsi
253 3783 483 3846 observationes
501 3785 679 3847 admedium
686 3784 769 3848 Solis
784 3794 896 3848 motum
915 3785 1092 3860 referantur,
1112 3782 1477 3869 epicyclusPtolemaicus
1493 3791 1524 3846 ει

177 3876 317 3937 deserens
346 3873 523 3935 Br'aheanus
551 3875 624 3937 fiant
650 3874 809 3936 eccentrici
840 3874 870 3936 in
899 3874 1006 3955 plagas
1036 3872 1253 3936 eccentricitati
1275 3871 1358 3934 Solis
1385 3872 1522 3954 praecise

177 3962 357 4027 contrarias.
408 3963 549 4026 Fortiora
578 3971 677 4025 autem
704 3972 736 4026 et
763 3983 801 4025 ex
822 3963 953 4046 propriis
976 3965 1087 4026 Brahei
1110 3961 1371 4024 observationibus
1394 3961 1524 4024 deducta

178 4060 357 4134 argumenta
393 4051 550 4113 deserendi
585 4053 763 4115 concentrici
797 4053 878 4116 Solis
909 4052 1062 4133 pollicitus
1093 4072 1175 4127 sum,
1209 4059 1245 4113 ει
1270 4052 1300 4113 in
1329 4051 1522 4132 sequentibus

177 4162 242 4223 cap.
265 4141 343 4215 LII,
375 4139 506 4203 LXVII.
530 4143 700 4222 producam.
747 4143 840 4223 Atqui
864 4143 928 4221 jam
951 4150 999 4203 est
1020 4143 1177 4223 probatum
1201 4142 1257 4203 boc
1280 4140 1378 4220 capite
1401 4142 1522 4217 XXVI,

177 4233 234 4294 hoc
268 4238 404 4291 centrum
434 4233 613 4293 concentrici
642 4231 752 4293 Martis
786 4233 854 4305 (seu
885 4238 1039 4312 puuctum,
1072 4250 1171 4312 aquo
1195 4229 1292 4310 surgit
1314 4230 1523 4293 eccentricitas

178 4321 305 4393 Martis)
329 4338 389 4380 nou
412 4317 538 4382 inveniri
566 4321 596 4382 in
621 4320 786 4382 eccentrico
815 4321 946 4403 aequalI,
978 4340 1016 4382 ex
1043 4328 1190 4403 rpuncto
1220 4319 1412 4400 aequalitatis
1442 4320 1524 4383 Solis

179 4409 343 4489 descripto,
368 4408 446 4488 quod
468 4411 604 4472 Braheus
628 4430 694 4472 cum
717 4410 888 4472 auctoribus
910 4417 1084 4489 putaverat,
1114 4410 1167 4472 sed
1192 4408 1221 4470 in
1245 4408 1411 4470 eccentrico
1435 4428 1473 4470 ex
1496 4408 1522 4486 ξ,

179 4500 258 4581 quod
283 4506 333 4559 est
353 4495 451 4560 medio
474 4498 540 4561 loco
564 4499 642 4561 inter
665 4523 685 4559 α
708 4508 738 4560 ει
760 4519 785 4560 r.
831 4500 913 4579 Ergo
937 4499 963 4559 si
987 4509 1119 4563 centrum
1143 4498 1323 4561 concentrici
1347 4497 1524 4567 &circumit

179 4608 247 4650 cnm
267 4587 349 4662 Sole,
370 4585 506 4650 circumit
525 4608 596 4651 vero
617 4589 645 4650 in
663 4589 828 4650 eccentrico
843 4607 880 4649 ex
894 4586 912 4660 ξ
929 4588 1091 4670 descripto,
1107 4589 1161 4652 Sol
1173 4587 1264 4668 igitur
1278 4586 1342 4666 ipse
1357 4587 1525 4650 circumibit

178 4679 210 4740 in
239 4674 407 4738 eccentrico
441 4696 479 4737 ex
504 4675 522 4749 ξ
547 4678 706 4759 descripto.
756 4678 803 4740 At
829 4685 928 4738 motus
958 4677 1023 4756 ejus
1047 4687 1096 4741 εει
1117 4676 1264 4756 regularis
1287 4675 1367 4737 circa
1389 4696 1414 4737 a.
1459 4678 1522 4739 Ec-

180 4765 357 4829 centricitas
384 4765 477 4844 igitur
500 4767 582 4830 Solis
611 4790 653 4829 ατ
682 4766 846 4848 bisecanda
877 4773 926 4827 est
955 4766 985 4827 in
1008 4763 1034 4839 ξ.
1080 4769 1159 4836 Νοιι
1175 4774 1223 4826 εει
1249 4765 1328 4827 enim
1350 4765 1521 4843 verisimile,

180 4860 288 4925 centro
316 4855 498 4920 concentrici
519 4857 630 4923 Martis
662 4865 693 4919 et
715 4855 798 4921 Solis
827 4855 941 4941 pariter
963 4854 1229 4929 circumeuntibus,
1257 4855 1371 4937 pariter
1392 4856 1424 4920 in
1446 4874 1532 4940 apo··
