3354 5504
454 957 459 966 Ι
564 870 912 940 praesusumus.

138 1046 203 1139 llll
231 1044 383 1138 PRIMA
413 1043 585 1137 lllllTlS
618 1038 820 1135 stallae
855 1036 1232 1148 INAEQUALITATE
1267 1036 1331 1130 lu
1436 1146 1442 1159 ,

447 1181 759 1277 ΙΜΙΤΑΤΙΟΝΕΜ
793 1178 1023 1274 VETERUM.

672 1400 806 1410 ——

625 1527 743 1626 Caput
769 1523 850 1599 VII.

324 1688 398 1766 Quo
420 1687 581 1783 occasione
603 1691 638 1753 in
661 1688 815 1751 theoriam
837 1682 956 1747 Mortis
977 1682 1152 1748 inciderim.

147 1826 265 1888 Verum
289 1837 343 1904 est,
369 1830 500 1891 divinam
521 1849 639 1903 vocem,
672 1848 748 1911 quae
771 1828 886 1889 discere
906 1825 1013 1906 jubeat
1031 1826 1166 1888 homines
1182 1825 1408 1900 astronomiam,

65 1917 89 1979 iu
113 1915 226 1979 mundo
250 1915 317 1997 ipso
341 1937 523 1998 expressam,
547 1939 604 1980 non
628 1918 727 1981 verbis
751 1925 804 1979 aut
826 1915 960 1999 syllabis,
987 1916 1041 1977 sed
1065 1935 1096 1977 re
1120 1915 1187 1995 ipsa
1210 1923 1407 1978 atcommeo·

65 2005 216 2068 curatione
240 2003 361 2070 humaui
384 2008 555 2070 intellectus
580 2027 777 2089 sensuumque
801 2025 867 2068 cum
891 2005 968 2066 serie
993 2024 1147 2086 corpomm
1172 2011 1202 2066 et
1217 2005 1407 2068 affectionum

65 2094 253 2158 coelestium.
299 2095 362 2158 Sed
393 2106 505 2159 umen·
521 2098 614 2160 etiam
642 2099 737 2160 latum
767 2095 926 2179 quodpiam
953 2094 1068 2156 occulte
1101 2094 1236 2157 homiues
1265 2095 1344 2157 alios
1368 2095 1407 2156 ad

64 2187 136 2247 alias
160 2189 246 2244 artes
269 2185 397 2267 impellit
419 2195 576 2267 certosque
600 2186 708 2259 reddit,
734 2204 810 2257 sese,
835 2193 868 2246 ut
890 2202 961 2266 pars
984 2192 1053 2245 sunt
1076 2183 1170 2245 creati
1184 2184 1293 2264 operis,
1318 2184 1363 2246 ita
1377 2192 1409 2246 et

62 2275 89 2336 iu
112 2279 204 2355 parte
229 2273 348 2336 divinae
372 2276 582 2355 providentiae
607 2296 683 2338 esse.
1313 2281 1317 2289 ’

150 2360 230 2425 Cum
261 2364 388 2444 primum
419 2384 475 2445 per
503 2372 635 2428 aetatem
665 2362 871 2445 philosophiae
900 2360 1086 2424 dulcedinem
1108 2379 1289 2442 cognoscere
1311 2361 1406 2441 potui,

64 2453 235 2514 universam
259 2453 342 2514 illam
359 2453 473 2534 ingenti
495 2454 659 2534 cupiditate
683 2472 746 2515 sum
770 2452 952 2530 complexus,
976 2449 1048 2511 nihil
1073 2451 1231 2514 admodum
1250 2451 1287 2512 de
1303 2459 1406 2514 astro·
1441 2468 1445 2475 ·

64 2542 162 2603 nomia
191 2540 221 2602 in
245 2543 375 2623 speciem
398 2543 554 2605 sollicitus.
602 2544 718 2606 Aderat
742 2541 858 2622 quidem
882 2538 1046 2619 ingenium
1071 2559 1125 2601 nec
1149 2539 1308 2602 difficulter
1330 2558 1405 2619 geo-

64 2630 188 2693 metrica
211 2638 243 2693 et
264 2633 475 2706 astronomica,
498 2652 574 2712 quae
593 2633 761 2694 scholarum
781 2631 853 2691 ordo
876 2629 1098 2713 suppeditabat,
1116 2628 1279 2714 capiebam,
1303 2628 1405 2709 figuris

64 2718 209 2782 subnixus
238 2728 270 2782 et
297 2721 428 2783 numeris
461 2729 493 2782 et
523 2720 774 2804 proportionibus
821 2717 884 2780 Sed
911 2725 998 2779 erant
1020 2718 1074 2780 illa
1096 2717 1269 2781 necessaria
1292 2717 1403 2793 studia,

64 2809 135 2871 nibil
173 2809 253 2888 quod
289 2808 514 2872 inclinationem
543 2810 731 2891 potissimam
768 2808 807 2869 ad
837 2806 1051 2869 mbenomiam
1074 2815 1223 2886 argueret.
1271 2803 1404 2888 Cumque

63 2896 211 2960 sumtibus
234 2898 328 2960 Ducis
351 2898 594 2980 wirtembergici
617 2907 811 2972 sustentarer,
836 2896 968 2958 viderem
990 2914 1061 2957 vero
1081 2895 1297 2959 commilitones
1311 2914 1404 2967 meos,

63 3005 134 3066 quos
164 2987 307 3067 princeps
334 2984 544 3069 interpellatus
566 2990 596 3051 in
621 2997 741 3051 exteras
763 2987 900 3048 nationes
924 2984 1080 3055 mittebat,
1104 2984 1298 3065 tergiversari
1321 2984 1403 3046 varie

63 3095 161 3138 amore
187 3076 316 3156 patriae,
340 3078 441 3139 durior
463 3096 520 3157 ego
543 3087 658 3140 mature
683 3077 840 3138 admodum
863 3094 978 3137 mecum
992 3075 1205 3150 concluseram,
1230 3092 1403 3155 quocunque

63 3165 231 3227 destinarer
252 3166 453 3245 promtissime
477 3168 571 3248 sequi.
608 3167 711 3229 Prima
733 3187 765 3228 se
785 3165 893 3227 obtulit
906 3164 1018 3226 functio
1034 3163 1246 3238 astronomica,
1265 3164 1404 3243 adquam

63 3263 159 3315 amen
185 3255 353 3316 obeundam
378 3259 461 3330 (vere
485 3257 597 3326 dicam)
622 3264 761 3318 extrusus
785 3253 1053 3321 sumauctoritate
1076 3262 1318 3335 praeceptorum
1343 3272 1401 3315 noo

63 3342 279 3424 longinquitate
302 3345 360 3406 loci
384 3345 517 3420 territus,
541 3353 627 3428 qdem
651 3354 760 3408 metum
784 3343 812 3404 in
839 3344 908 3406 aliis
932 3344 1145 3405 damnaveram
1169 3342 1295 3422 (ut-jam
1313 3342 1409 3419 disi),¹

62 3433 110 3493 sed
133 3433 293 3513 inopinato
316 3442 347 3495 et
370 3442 519 3497 contemto
544 3434 703 3497 functionis
727 3452 835 3513 genere
859 3441 891 3493 et
914 3433 1061 3495 tenuitate
1087 3432 1261 3494 eruditionis
1287 3431 1317 3493 in
1344 3432 1401 3497 hac

62 3521 268 3602 philosophiae
290 3530 387 3604 parte.
412 3522 498 3586 Hauc
521 3524 613 3605 igitur
637 3524 696 3586 adii
720 3522 892 3584 instructior
916 3523 953 3583 ab
977 3522 1095 3601 iugenio
1119 3539 1206 3601 quam
1229 3521 1398 3599 ascientia,

61 3612 181 3672 multum
213 3621 419 3692 protestatus,
453 3633 500 3675 me
520 3615 589 3694 jure
614 3633 679 3676 meo
703 3613 742 3673 ad
765 3611 845 3673 aliud
869 3611 950 3673 vitae
974 3629 1083 3690 genus,
1114 3611 1192 3691 quod
1215 3609 1399 3690 splendidius

61 3700 237 3774 videbatur,
270 3720 456 3784 nequaquam
489 3704 605 3766 cedere.
661 3700 791 3772 Quinam
829 3701 939 3763 fuerint
965 3699 1060 3781 primo
1093 3697 1212 3762 biennio
1237 3707 1400 3764 'successus

61 3788 158 3851 borum
190 3790 370 3862 studiorum,
403 3811 440 3852 ex
463 3792 653 3875 Mysterio
683 3810 749 3852 mee
779 3787 1100 3869 Cosmographico
1129 3795 1264 3869 apparet
1314 3788 1398 3863 Quos

59 3886 224 3957 praeterea·
237 3879 308 3940 milui
331 3881 469 3942 stimulos
492 3881 727 3943 Maestlinus
756 3887 932 3961 praeceptor
962 3896 1045 3940 meus
1068 3877 1241 3940 adhibuerit
1264 3880 1303 3940 ad
1325 3879 1398 3942 reli-

43 3986 143 4046 ·quam
167 3968 381 4031 astronomiam
411 3970 664 4050 amplectendam,
695 3970 777 4048 leges
806 3969 836 4029 in
865 3968 968 4030 eodem
1000 3965 1099 4029 libello
1123 3974 1156 4028 et
1179 3966 1311 4047 epistola
1334 3971 1398 4051 ejm

59 4057 123 4132 riri,
159 4076 235 4137 quae
265 4066 313 4119 est
335 4059 510 4121 Narratioui
533 4058 653 4122 Rhetici
687 4059 827 4133 praefixa
874 4061 1190 4131 (comp.V0l.1,p.25.)
1232 4057 1396 4123 Inventum

59 4145 126 4208 illud
150 4147 270 4209 omniuo
294 4148 414 4209 maximi
439 4149 506 4223 feci,
531 4150 681 4228 multoque
705 4148 840 4228 majoris,
865 4149 943 4228 quod
965 4146 1108 4219 viderem,
1131 4157 1163 4208 et
1184 4146 1397 4210 Maestliuo

58 4233 131 4298 idem
153 4243 314 4317 tantopere
338 4237 466 4316 probari.
521 4238 626 4319 Neque
655 4246 771 4300 tantum
803 4237 852 4299 ills
884 4257 931 4299 me
955 4236 1159 4300 exstimulavit
1183 4236 1397 4318 intempestiva

58 4323 217 4387 lectoribus
248 4327 445 4406 promissione
474 4327 557 4388 facta
589 4326 719 4389 universi
751 4327 809 4388 mei
841 4330 889 4400 (ut
920 4326 1038 4407 ajebat)
1069 4324 1195 4408 operis
1228 4325 1394 4407 uranici,

57 4422 194 4494 quantum
217 4413 282 4495 ipse
306 4415 462 4485 ardebam,
491 4435 528 4478 ex
550 4416 740 4479 restitutione
764 4415 965 4479 astronomiae
989 4416 1155 4498 inquirere,
1179 4435 1219 4477 an
1242 4414 1396 4480 inventum

57 4501 124 4564 illud
155 4521 254 4565 meum
289 4523 404 4567 omnem
434 4505 675 4569 observationum
708 4504 906 4568 subtilitatem
933 4513 1097 4587 pateretur.
1142 4503 1212 4566 Jam
1236 4503 1315 4583 enirn
1339 4505 1395 4568 de-

56 4600 251 4654 monstratum
287 4601 353 4656 erat
388 4594 418 4655 in
445 4594 510 4675 ipso
535 4595 626 4670 libro,
652 4596 817 4657 consistere
841 4596 897 4658 lma
920 4596 1001 4658 intra
1029 4593 1230 4657 subtilitatem
1252 4592 1394 4674 vulgatae

56 4681 264 4744 astronomiae.

139 4768 188 4830 Ex
221 4790 256 4832 eo
288 4770 389 4853 itaque
422 4753 556 4855 tempore
579 4773 659 4835 serio
684 4772 720 4834 de
744 4772 1004 4837 observationibus
1028 4770 1235 4853 comparandis
1258 4772 1393 4855 cogitare

130 4877 216 4926 raptast
230 4879 305 4926 opera
320 4879 356 4917 lll.
1151 4878 1183 4929 14
