3354 5504
169 274 213 346 20
605 274 636 330 Ῑιι
655 273 839 328 commentaria
856 275 887 328 de
904 282 973 326 ructu
991 272 1079 326 Martis

169 457 244 521 vitio
268 464 301 519 et
322 455 555 538 praecipitantia
577 452 694 529 calculi,
718 472 771 516 seu
794 470 968 534 quacunque
984 451 1045 513 alia
1060 450 1186 514 ratione.
1226 448 1306 517 (lum
1321 450 1412 532 igitm
1426 451 1517 516 etiam

168 567 222 630 ρετ
246 566 278 609 se
301 546 398 629 ipsum
422 552 594 627 suspectum
617 542 667 618 sit,
691 561 843 606 assumere
867 541 1066 627 quantitatem
1088 543 1246 623 aequantis
1268 543 1404 623 praecise
1427 544 1518 606 dimi-

169 637 250 700 diam
274 634 508 699 eccentricitatis
533 633 636 707 totius,
660 632 718 694 erit
740 632 831 712 igitur
854 639 924 694 ante
947 630 1047 694 omnia
1068 631 1126 694 boc
1148 631 1246 713 ipsum
1268 633 1376 713 majori
1398 634 1518 715 praeci-

169 727 253 790 sione
276 725 462 799 tentandum,
487 742 574 803 quam
596 721 742 783 hactenns
766 741 853 783 ame
876 723 989 784 factum
1012 728 1069 783 est.
1326 784 1333 798 ,

248 817 325 878 Ἠοε
348 813 571 876 fundamentum
598 811 657 872 erit
686 811 816 873 omnium
846 829 921 892 quae
950 829 1040 892 porro
1063 811 1094 872 in
1116 812 1217 873 Marte
1247 812 1357 874 tentari
1380 821 1516 893 possunt.

169 905 229 970 Ubi
253 905 290 966 de
313 896 686 986 quantitate-convenerit,
709 909 902 963 construatur
923 907 1033 981 postea
1054 899 1158 963 tabula
1179 898 1220 961 ad
1242 900 1378 981 singulos
1407 904 1519 982 gradus

171 994 209 1057 ab
232 1011 368 1075 apogaeo
391 991 489 1066 Solis,
520 989 665 1052 exhibens
697 989 873 1052 distantiam
897 989 979 1052 Solis
1003 1010 1022 1050 a
1044 992 1147 1053 Terra.
1194 989 1289 1051 Simul
1322 991 1413 1053 etiarn
1436 992 1518 1053 revi-

170 1084 298 1146 deantnr
319 1080 515 1162 aequatioues
539 1080 670 1142 ecceutri
693 1079 821 1154 Solaria,
845 1099 920 1161 qnae
943 1079 1024 1141 circa
1037 1075 1100 1142 45⁰
1114 1077 1152 1138 ab
1168 1097 1303 1159 apogaeo
1327 1083 1519 1145 mutabuntur

171 1173 214 1249 (si
237 1171 360 1234 dimidia
383 1171 425 1232 sit
447 1168 656 1231 ecceutricitas
671 1189 750 1231 nova
768 1170 924 1252 autiquae)
942 1167 1031 1230 'nnius
1052 1166 1183 1248 scrupuli
1201 1169 1368 1250 quantitate
1388 1171 1517 1236 circiter.

257 1259 429 1341 Jamrqnod
451 1257 550 1340 ipsum
567 1259 678 1321 Martis
702 1259 899 1321 ecceutricum
921 1257 1040 1334 attinet,
1064 1258 1095 1319 in
1119 1277 1153 1318 eo
1176 1257 1305 1338 primum
1323 1261 1519 1341 aequatioues

169 1370 229 1414 uon
251 1348 327 1412 b'ene
349 1349 472 1424 babent,
497 1350 538 1422 (in
561 1371 640 1423 marg.
671 1350 756 1411 Haec
779 1336 897 1411 demuni
919 1346 968 1409 die
991 1345 1162 1429 paschatis)
1189 1348 1314 1429 ideoque
1338 1349 1449 1412 vitiosa
1472 1360 1521 1413 est

166 1438 321 1522 proportio
343 1437 541 1501 circellornm.
586 1439 665 1501 Nam
688 1437 855 1519 ἀκροτνχιαι
877 1437 1104 1519 observationes
1126 1436 1240 1499 habent
1262 1438 1318 1500 hoc
1339 1439 1416 1513 vitii,
1440 1440 1520 1519 quod

167 1528 302 1592 reductio
325 1528 459 1590 locomm
482 1526 687 1608 eclipticcrum
708 1528 749 1589 ad
773 1527 900 1589 orbitam
916 1535 940 1599 d
957 1526 1039 1611 facta
1061 1534 1108 1589 est
1130 1545 1184 1607 ρετ
1207 1527 1395 1595 latitudinem
1418 1529 1519 1590 maxi-

165 1637 245 1682 mam
267 1612 390 1679 boream
413 1623 445 1678 et
467 1617 650 1693 austrinam,
682 1630 758 1698 quae
782 1614 938 1679 debuisset
960 1616 1024 1679 fieri
1046 1622 1163 1677 tantum
1185 1634 1240 1696 per
1264 1618 1404 1697 angulum
1429 1619 1519 1680 incli-

167 1706 300 1770 nationis
324 1705 493 1773 eccentrici.
532 1704 599 1768 Hoc
618 1713 707 1787 pacto
734 1705 784 1769 10‘
808 1705 918 1768 alicubi
942 1713 1012 1767 sunt
1035 1704 1149 1779 addita,
1173 1705 1223 1767 ubi
1243 1726 1304 1768 uon
1328 1707 1407 1769 ultra
1430 1728 1519 1770 unum

169 1795 279 1859 luisset
300 1795 479 1858 addendum.
528 1795 634 1876 ltaque
655 1794 853 1875 ¹exsurgitex
876 1793 1214 1876 comparatione-dextri
1244 1805 1275 1856 et
1291 1795 1406 1869 sinistri
1426 1797 1519 1859 semi-

167 1884 271 1948 circuli
294 1884 463 1947 differentia
486 1884 605 1947 circiter
627 1882 690 1948 20‘.
733 1884 853 1956 Quodsi
875 1885 911 1946 de
934 1904 1013 1947 novo
1037 1890 1191 1947 struantur
1220 1887 1519 1967 prosthaphaereses‚

121 2010 127 2025 ι
170 1993 338 2055 apogaeum
361 1973 480 2055 quidem
504 1982 557 2035 aut
579 1974 684 2036 eodem
707 1975 774 2036 loco
797 1973 939 2049 manebit,
962 1981 1015 2035 ant
1036 1993 1141 2054 pamm
1164 1973 1323 2036 admodum
1346 1974 1519 2050 mutabitur,

169 2072 203 2126 at
234 2062 400 2125 variabitur
424 2062 579 2144 proportio
603 2062 805 2139 circellorum,
829 2064 932 2127 forsan
961 2071 993 2122 et
1020 2062 1089 2143 ipsa
1120 2063 1278 2144 aequantia
1310 2065 1520 2128 ecceutricitas

159 2152 306 2215 ⁸nonnihil
330 2148 551 2226 emendabitur,
582 2152 625 2215 sic
656 2162 690 2215 nt
711 2154 859 2223 maximae
882 2151 1077 2234 aequationes'
1099 2153 1173 2214 liant
1201 2152 1290 2233 panlo
1313 2155 1445 2235 majores
1468 2161 1521 2217 aut

169 2241 311 2304 minores.
363 2240 501 2303 Manebit
530 2261 696 2323 apogaeum
724 2242 807 2317 ideo,
837 2242 906 2325 quia
932 2238 1003 2304 nodi
1030 2248 1100 2303 suut
1131 2242 1194 2303 fere
1223 2239 1253 2303 in
1282 2242 1520 2323 longitudinibus

169 2329 294 2404 mediis,
326 2338 358 2393 et
389 2349 459 2392 vere
487 2331 654 2412 aequaliter
683 2353 703 2393 a
729 2332 817 2394 nodis
847 2330 987 2414 aequalia
1013 2350 1068 2411 per
1097 2330 1299 2394 reductionem
1329 2333 1369 2394 ad
1392 2332 1520 2394 orbitam

138 2460 140 2465 -
169 2427 240 2482 sunt
263 2419 374 2481 addita.
421 2419 589 2483 Mutabitnr
610 2421 750 2503 aequatio
774 2421 904 2483 maxima
932 2428 1107 2500 propterea,
1138 2419 1209 2501 quia
1238 2440 1293 2501 per
1315 2421 1519 2483 reductionem

170 2507 370 2588 jamdictam
392 2509 478 2571 Mars
501 2511 637 2592 utrinque
667 2520 699 2572 et
727 2511 767 2572 ad
795 2528 961 2591 apogaeum
990 2519 1021 2571 et
1050 2510 1090 2571 ad
1117 2510 1291 2590 perigaeum
1318 2511 1441 2591 propius
1465 2511 1523 2573 fnit

169 2599 319 2673 admotus,
343 2616 431 2678 qnam
454 2617 487 2660 τε
511 2618 583 2661 vera
606 2607 681 2665 erat.
720 2598 862 2663 Conditio
885 2618 957 2660 vero
981 2597 1095 2660 circelli
1116 2598 1173 2661 hoc
1196 2600 1293 2674 affert,
1318 2608 1351 2661 ut
1374 2600 1399 2661 si
1419 2619 1520 2661 remo-

168 2694 241 2748 veat
262 2689 392 2749 Martem
416 2686 454 2748 ab
478 2706 612 2769 apogaeo
635 2690 665 2750 in
688 2696 844 2770 utramque
867 2695 1001 2768 partem,
1031 2687 1154 2768 propius
1182 2707 1247 2750 eum
1276 2689 1315 2755 ad
1344 2687 1518 2769 perigaeum

169 2776 332 2838 admoveat
354 2783 406 2839 aut
430 2784 548 2840 contra:
575 2779 676 2860 sicque
699 2779 846 2840 altemtro
863 2777 931 2838 loco
947 2777 1127 2839 contrarium
1147 2778 1184 2852 ei,
1201 2778 1286 2857 'quod
1306 2778 1405 2852 debet,
1428 2797 1519 2858 prae-

169 2865 315 2940 stabitur,
346 2865 373 2926 si
394 2866 501 2945 ,solam
531 2868 755 2948 proportionem
788 2866 975 2929 cimeliorum
1002 2874 1160 2928 mutemus.
1207 2868 1314 2947 ltaque
1345 2867 1464 2930 omnino
1489 2860 1521 2930 et

168 2954 265 3036 ipsam
288 2952 523 3019 ecceutricitatis
547 2958 743 3037 quantitatem
768 2955 798 3018 in
815 2943 981 3018 subsidium
994 2956 1143 3017 advocare
1159 2954 1341 3017 debebimus.
1380 2957 1522 3019 Proderit

169 3050 279 3119 autem,
295 3043 373 3105 banc
389 3045 600 3125 aequationnm
620 3044 940 3127 tabulamdnplicitor
964 3045 1124 3107 restituere
1143 3044 1271 3126 primum
1291 3044 1388 3107 relata
1408 3047 1519 3109 Martis

169 3131 394 3195 ecceutricitate
414 3131 452 3196 ad
470 3134 600 3197 medium
618 3136 716 3198 locum
731 3134 824 3199 Solis.
852 3135 919 3197 Hoc
935 3134 1023 3197 modo
1039 3133 1221 3196 constitutae
1241 3134 1437 3215 aequatioues
1453 3135 1520 3197 cal-

169 3223 236 3285 culo
258 3221 372 3284 usitato
397 3223 531 3286 servient
551 3225 696 3307 nobisque
717 3223 864 3305 prodesse
879 3232 1021 3306 poterunt
1036 3222 1179 3285 ulteriora
1202 3223 1405 3298 tentantibns3
1430 3224 1519 3287 diffc‘-

168 3318 237 3397 rcut
258 3319 359 3394 tamen
389 3310 581 3377 nibilominus
604 3335 623 3375 a
644 3314 741 3388 veris,
773 3314 803 3375 in
830 3315 906 3377 locis
929 3313 1078 3395 aliquibus
1092 3310 1213 3373 circiter
1236 3309 1277 3387 δ’,
1303 3321 1429 3394 propter
1446 3335 1521 3376 cau-

169 3418 235 3463 sam
256 3408 329 3481 post
349 3399 515 3468 dicendam.
563 3402 679 3466 Deinde
695 3404 787 3466 etiam
800 3404 858 3466 boc
874 3404 964 3466 modo
979 3401 1038 3464 erit
1056 3402 1256 3464 construenda
1277 3403 1383 3464 tabula
1406 3423 1530 3485 aequa2

166 3490 294 3569 tionum,
318 3497 352 3552 ut
375 3510 477 3565 omues
500 3491 627 3572 primum
650 3492 854 3574 oppositiones
870 3491 981 3554 Martis
1003 3498 1035 3552 et
1049 3489 1132 3553 Solis
1155 3482 1331 3553 reducamus
1355 3493 1393 3553 ad
1416 3511 1522 3556 verum

168 3579 268 3640 locum
292 3579 462 3660 oppositum
485 3580 582 3658 Solis,
606 3582 713 3645 deinde
734 3601 789 3663 ρετ
812 3581 953 3662 angulum
974 3579 1179 3642 inclinationis
1202 3581 1352 3642 maximae
1381 3582 1422 3655 (si
1446 3583 1523 3645 haec

169 3667 387 3748 scmpulositss
410 3670 583 3733 necessaria
613 3671 776 3746 videbitur)
809 3691 898 3734 verus
931 3671 1016 3733 locus
1048 3670 1204 3749 oppositus
1228 3669 1311 3733 Solis
1342 3671 1400 3732 erit
1428 3673 1522 3734 redu·

169 3757 280 3819 condus
303 3757 342 3820 ad
365 3759 494 3822 orbitam
516 3760 641 3837 Martis,
672 3781 731 3844 qua
752 3760 927 3823 reductione
951 3759 1089 3840 nuspiam
1111 3758 1192 3820 ultra
1218 3758 1246 3820 l‘
1270 3757 1334 3823 20⁴1
1357 3761 1524 3825 mutabitur

168 3846 253 3908 locus
276 3846 397 3910 Martis.
449 3850 516 3911 Hoc
544 3859 634 3932 pacto
663 3850 690 3913 si
718 3858 872 3914 struantur
900 3869 938 3911 ex
970 3847 1010 3912 10
1041 3848 1302 3911 observationibus
1333 3851 1523 3932 acronychiis

168 3955 266 3998 novae
289 3937 502 4018 aequatioues,
533 3940 622 4002 cedet
644 3940 776 4022 ipsamm
798 3938 950 4021 aphelium
978 3939 1061 4010 (loco
1085 3937 1211 4019 apogaei
1234 3939 1311 4000 hanc
1334 3959 1438 4001 vocem
1457 3940 1524 4020 jam

171 4025 336 4100 substituo)
360 4027 390 4088 in
414 4021 508 4116 6⁰up
541 4029 676 4106 circiter,
707 4030 822 4112 eritque
853 4027 1064 4109 ecceutricitas
1096 4027 1254 4109 aequantis
1286 4027 1398 4091 aSole
1431 4029 1523 4110 paulo

113 4148 116 4155 a
210 4150 265 4218 rig.
286 4149 309 4201 1,
355 4115 471 4192 minor,
501 4120 590 4200 qnam
613 4119 751 4181 emedio
783 4119 851 4180 loco
875 4117 967 4182 Solis.
1013 4116 1102 4179 Licet
1124 4116 1156 4178 id
1185 4115 1279 4178 etiam
1309 4118 1438 4198 experiri
1468 4138 1523 4200 per

191 4248 233 4309 4,-
364 4205 547 4288 triangulum
569 4207 665 4284 Ano,
689 4207 740 4270 nbi
762 4208 792 4270 A
814 4214 864 4270 est
886 4206 1002 4269 medius
1025 4206 1109 4268 locns
1132 4205 1231 4282 Solis,
1254 4207 1280 4268 B
1304 4206 1375 4283 Sol,
1401 4205 1426 4271 0
1450 4227 1523 4271 cen-

116 4306 119 4313 ’
203 4293 206 4300 ’
364 4302 443 4358 tmm
466 4297 659 4381 aequalitatis
681 4295 792 4360 Martis
821 4299 917 4369 (more
941 4295 1100 4371 Ptolem),
1123 4296 1180 4359 AB
1208 4296 1416 4359 ecceutricitas
1440 4298 1525 4362 Solis

363 4391 444 4461 tota,
471 4395 506 4450 ut
527 4388 674 4449 hactenns
706 4385 760 4447 illa
784 4385 840 4447 fuit
861 4392 1014 4466 usurpata.
1050 4383 1118 4447 'AO
1151 4385 1361 4448 ecceutricitas
1392 4387 1530 4453 maxima

363 4469 474 4539 Martis
512 4478 657 4538 hactenus
695 4473 817 4537 credita.
863 4475 933 4537 Erit
962 4492 1033 4554 ergo
1067 4473 1118 4538 CB
1156 4475 1364 4556 ecceutricitas
1393 4496 1412 4536 a
1439 4477 1524 4540 Sole.

362 4564 447 4629 Bac
471 4565 600 4646 angulus
624 4563 743 4627 circiter
766 4559 807 4627 47
816 4556 864 4645 ¹12,
882 4572 1031 4646 qnantum
1055 4571 1103 4641 cst
1130 4560 1211 4626 inter
1230 4559 1269 4627 6⁰
1292 4579 1324 4630 es
1348 4572 1380 4627 et
1403 4561 1464 4629 24⁰
1489 4573 1523 4644 tl.

294 4659 314 4711 Β
363 4654 465 4735 Atque
488 4660 522 4716 nt
543 4652 614 4715 binc
637 4653 791 4717 commode
809 4653 848 4715 ad
866 4653 897 4716 id
911 4662 1074 4729 transeam,
1098 4655 1182 4737 cujus
1202 4654 1266 4735 jam
1284 4653 1331 4717 bis
1355 4653 1413 4716 leci
1436 4675 1524 4719 meu-

219 4698 283 4830 Ᾰ
364 4742 495 4805 tionem:
521 4741 685 4818 sciendum,
708 4743 786 4826 qnod
811 4742 837 4806 si
855 4744 892 4805 ad
908 4736 1010 4819 Solem
1033 4744 1130 4825 ipsum
1152 4744 1323 4806 referantur
1345 4745 1525 4808 ecceutrici-

172 4822 218 4927 ,τι
364 4837 455 4907 tates,
480 4831 512 4894 id
535 4830 625 4895 aliter
647 4831 712 4895 fieri
729 4850 789 4894 non
811 4833 918 4915 possit,
942 4852 1030 4919 quarn
1045 4834 1133 4897 modo
1153 4833 1218 4914 jam
1241 4831 1370 4913 depicto,
1393 4834 1526 4916 trajecta
