3354 5504
167 262 230 333 190
535 341 536 344 ¹
645 266 684 319 De
703 268 810 321 Motibus
829 269 921 323 Stellae
939 269 1028 324 Moab

165 448 269 511 raetia
290 448 404 513 horum
426 446 613 528 aequiorum
636 444 667 509 d‘
691 445 766 523 24⁰,
790 449 926 531 oopraiue
947 450 1066 513 scilicet
1088 456 1166 528 voq.
1205 447 1306 512 Multo
1328 449 1435 513 asinos·
1457 446 1519 511 aar

168 543 239 610 ode,
266 538 348 617 quio⁴
367 558 404 597 στ
426 539 529 601 minor·
552 559 646 617 quom
669 561 724 616 oq,
748 547 854 622 utpote
875 542 1007 603 sectioni
1028 547 1241 625 eccerstromm
1260 540 1402 620 propior.
1435 569 1438 573 ⁷

257 624 355 686 Vides
387 625 496 703 igitur,
520 645 607 705 quam
631 628 793 708 propinque
825 629 1008 708 relinquatur
1039 629 1115 689 visui
1140 629 1167 689 in
1192 635 1297 709 dsua
1326 626 1517 710 apparentia,

166 715 225 777 etsi
258 732 364 776 novum
397 714 457 775 iter
487 716 630 794 planetae
656 717 684 775 in
709 718 792 776 coelo
815 738 868 797 per
897 719 1125 779 translationem
1156 717 1237 779 visus
1261 725 1293 778 et
1319 716 1517 778 mutationem

166 805 370 887 hypotheseos
394 815 589 884 supponatur.
638 805 677 865 Et
703 815 801 866 tamen
827 807 1002 886 relinquitur
1030 807 1125 868 adhuc
1150 807 1178 868 in
1203 815 1356 885 potestate
1380 804 1516 889 artificis,

167 905 200 955 ut
231 902 344 956 motum
378 894 505 954 medium
530 903 562 954 et
584 895 806 972 proportionem
839 897 1094 957 eccentricitatnm
1127 914 1192 957 cum
1225 897 1303 956 inter
1325 916 1359 957 se
1390 905 1453 972 tum
1477 892 1517 955 ad

166 983 283 1046 radium
307 982 387 1043 orbis
412 981 544 1043 nonnihil
569 984 680 1055 variet,
704 983 849 1063 siquidem
874 986 901 1045 id
926 986 984 1063 ipsi
1016 987 1144 1046 futurum
1169 985 1211 1046 sit
1233 984 1317 1058 utile,
1342 984 1380 1046 ad
1403 982 1517 1045 oblite-

167 1073 291 1133 randam
316 1073 393 1133 hane
418 1071 650 1152 qualemcunque
675 1073 707 1135 5‘
732 1075 983 1155 discrepantiam·
1022 1076 1072 1136 Ita
1099 1075 1173 1135 haec
1201 1073 1436 1155 aequipollentia
1458 1090 1517 1150 po-

124 1181 125 1186 ’
166 1161 315 1224 tissimum
346 1161 475 1222 refertur
504 1162 542 1221 ad
575 1161 822 1242 inaequalitatem
853 1164 998 1242 primam,
1032 1163 1166 1225 nimirum
1195 1164 1234 1223 ad
1257 1183 1312 1233 ea,
1345 1182 1420 1243 quae
1445 1162 1479 1253 iq
1499 1165 1525 1243 d⁸

168 1259 315 1331 apparent
346 1268 438 1329 prope
471 1259 606 1312 centrum
638 1252 807 1314 eccentrici.
854 1255 899 1315 At
929 1254 957 1314 in
992 1254 1124 1313 secunda
1153 1253 1369 1333 inaequalitate
1402 1249 1517 1329 sen-in

166 1339 486 1419 prosthaphaeresibns
520 1340 600 1400 orbis
629 1340 718 1401 annui
748 1341 872 1405 multum
904 1344 996 1403 refert
1020 1344 1121 1414 (utet
1144 1361 1235 1421 supra
1266 1342 1375 1403 dictum
1401 1340 1429 1409 iu
1455 1338 1518 1403 alia

166 1429 425 1509 aequipollentia),
434 1437 531 1489 utrum
542 1430 701 1509 planetain
713 1428 968 1502 incircumeatan
981 1432 1009 1493 in
1025 1454 1075 1509 ορ.
1099 1432 1141 1494 Et
1153 1451 1243 1508 supra
1253 1431 1371 1511 quidem
1392 1435 1429 1502 (p.
1450 1432 1517 1498 184)

170 1514 233 1581 246
258 1516 423 1598 particulas
448 1517 662 1588 (differentiam
687 1520 764 1581 inter
778 1520 996 1583 Ptolemaicam
1016 1529 1048 1580 et
1064 1518 1299 1601 Cepernicanam
1319 1519 1516 1602 hypothesin)

166 1617 354 1669 contemnere
379 1627 435 1668 non
459 1616 652 1686 poteramus;
686 1610 779 1670 multo
811 1610 907 1671 minus
932 1610 978 1670 hic
1005 1611 1070 1689 jam
1093 1607 1159 1673 880
1187 1611 1235 1670 vel
1258 1609 1288 1670 in
1311 1609 1372 1670 alia
1396 1609 1514 1670 dimen-

165 1698 248 1758 sione
276 1692 360 1759 1344
383 1696 653 1776 praeteriverimus.
700 1699 735 1760 Id
760 1708 860 1760 autem
883 1706 1025 1780 quantum
1055 1698 1241 1761 diversitatis
1268 1698 1369 1778 pariat
1392 1699 1422 1759 in
1446 1696 1513 1758 viso

167 1787 232 1849 loco
256 1787 373 1858 Martis,
399 1787 536 1864 sequenti
560 1788 658 1865 capite
682 1787 859 1848 videbimus.
1086 1783 1090 1794 '

256 1874 506 1953 Transposuimus
537 1875 682 1936 hactenus
714 1876 810 1937 visum
838 1896 875 1937 ex
903 1883 920 1938 d
944 1877 973 1937 in
997 1902 1026 1937 α.
1077 1877 1308 1938 Demonstretur
1326 1876 1404 1955 jam,
1437 1875 1516 1955 quod

167 1965 272 2025 eadem
296 1966 358 2024 sere
382 1973 543 2045 sequantur
566 1965 633 2026 visu
657 1975 809 2042 manente,
843 1966 1027 2045 transposito
1050 1984 1120 2026 vero
1144 1974 1253 2046 puncto
1279 1964 1451 2047 aequantia,
1481 1972 1517 2028 nt

167 2061 324 2132 appareat,
353 2053 431 2114 idem
460 2053 516 2114 hoc
540 2054 638 2134 capite
669 2055 733 2116 fieri
756 2075 845 2134 posse
869 2056 898 2117 in
922 2054 1106 2128 eccentrica,
1133 2055 1181 2136 qui
1209 2054 1301 2116 habet
1323 2063 1513 2134 aequantem,

168 2143 247 2223 quod
277 2161 369 2221 supra
398 2142 427 2202 in
455 2143 512 2204 fine
544 2143 651 2222 capitis
685 2145 766 2206 tertii
794 2145 856 2206 fieri
885 2146 984 2226 potuit
1013 2144 1041 2205 in
1071 2145 1238 2206 ecoentrico
1261 2143 1399 2223 simplici.
1447 2143 1516 2207 lilio

168 2230 255 2305 enim,
281 2251 334 2291 seu
357 2231 440 2292 visus
464 2251 517 2293 seu
532 2242 665 2293 centrum
685 2234 842 2296 eecentrici
856 2242 1132 2315 transponerentur,
1156 2233 1373 2312 contingebant
1387 2232 1514 2296 eadem:

167 2320 216 2382 hio
239 2320 386 2393 similiter,
411 2341 464 2383 seu
488 2320 570 2383 visus
595 2341 647 2382 seu
671 2332 804 2385 centrum
822 2325 978 2403 aequantis
993 2331 1238 2403 transponantur,
1258 2322 1437 2399 contingunt
1452 2322 1515 2384 fere

168 2410 282 2471 eadem.
328 2408 388 2470 Est
411 2420 511 2472 autem
528 2407 737 2486 necessarium,
755 2413 1040 2474 demonstrationem
1055 2413 1133 2474 hanc
1148 2412 1215 2474 huic
1230 2411 1374 2473 varietati
1390 2430 1513 2473 accom-

167 2499 289 2560 modare
313 2506 435 2579 propter
459 2518 598 2579 magnam
622 2501 789 2583 opinionum
805 2501 1089 2577 dissimilitudinem,
1113 2522 1188 2584 quas
1203 2509 1367 2582 sequuntur
1381 2501 1515 2585 artifices

167 2587 196 2648 in
221 2589 455 2651 demonstranda
478 2591 609 2651 secunda
631 2591 819 2671 planetarum
843 2591 1069 2674 inaequalitate,
1094 2612 1169 2672 quae
1192 2591 1278 2653 nobis
1290 2591 1354 2669 jam
1374 2588 1514 2671 sequenti

167 2677 266 2758 capite
290 2677 442 2742 facessent
465 2680 626 2760 negotium.

837 2768 955 2832 Coeant
977 2774 1040 2842 aad
1061 2777 1173 2848 puncta
1200 2774 1266 2842 (rig.
1286 2772 1331 2837 56)
1360 2767 1389 2828 in
1414 2787 1513 2841 unum,

748 2867 781 2920 ut
803 2858 885 2921 visus
908 2866 1032 2919 maneat
1063 2861 1128 2920 loco
1159 2859 1280 2918 eodem:
1314 2866 1514 2937 maneantque

755 2954 786 3021 d,
810 2954 848 3021 θ,
872 2972 886 3027 γ
908 2949 1004 3026 signa,
1029 2947 1184 3008 aboleatur
1206 2966 1277 3007 vero
1307 2946 1385 3007 linea
1407 2946 1516 3024 prioris

755 3038 916 3100 schematis
939 3039 1018 3115 ylio,
1044 3037 1097 3097 sed
1121 3037 1186 3114 ejus
1216 3037 1281 3096 loco
1305 3046 1476 3114 expuncto
1500 3041 1517 3096 d

754 3128 803 3187 vel
827 3130 856 3189 A
882 3132 952 3211 (ΕἰςΙΔ
967 3132 1013 3195 57)
1028 3125 1124 3187 eidem
1139 3125 1300 3206 parallelos
1315 3132 1405 3185 exeat
1421 3125 1516 3198 ABR

693 3222 706 3254 ⁰
754 3217 872 3296 sintque
896 3218 1049 3294 portiones
1074 3218 1140 3287 ΑΒ,
1162 3217 1222 3287 ΑΓ,
1246 3214 1393 3294 prioribus
1418 3215 1466 3290 αβ,
1483 3236 1517 3292 ay

751 3306 912 3386 aequales:
938 3306 995 3366 erit
1017 3305 1108 3382 igitur
1127 3309 1172 3383 Γγ
1194 3303 1353 3365 translatio
1377 3303 1479 3381 puncti
1502 3326 1516 3382 γ

694 3462 702 3470 ⁴,
751 3395 931 3476 aequatum,
966 3395 1098 3473 aequalis
1131 3394 1221 3474 priori
1250 3398 1293 3453 orl
1323 3392 1514 3453 translationi

689 3485 842 3545 evisus.
880 3483 1011 3545 Rursum
1035 3484 1126 3561 igitur
1149 3503 1186 3544 ex
1208 3485 1236 3544 B
1257 3485 1326 3542 etd
1349 3481 1516 3543 scribentur

751 3575 807 3635 duo
847 3573 1004 3635 eccentrici
1043 3592 1095 3633 sen
1139 3573 1247 3634 itinera
1282 3572 1425 3650 planetae
1464 3588 1516 3650 per

750 3683 853 3725 auram
890 3663 1079 3735 aetheream,
1116 3681 1181 3723 cum
1219 3661 1325 3741 quibus
1362 3660 1464 3721 omnia
1486 3659 1514 3720 in

639 3817 645 3826 ,
750 3753 875 3815 circuitu
886 3753 974 3832 signa
984 3760 1224 3831 transponantur,
1241 3757 1386 3828 eruntque
1398 3748 1514 3810 dimen-

632 3828 639 3840 ’
750 3842 850 3903 siones
874 3842 1018 3903 linearum
1041 3842 1129 3919 plane
1158 3838 1291 3901 eaedem.
1339 3836 1515 3923 Solahaec

751 3940 799 3993 est
822 3930 1000 4002 differentia,
1025 3931 1104 4013 quod
1118 3929 1187 3990 bina
1206 3929 1340 3989 binorum
1366 3928 1514 3999 eccentri·

179 4018 267 4109 piri-¹3,
314 4042 317 4051 ·
750 4039 851 4081 eornm
885 4027 1012 4098 puncta,
1041 4017 1210 4100 inquibus
1247 4018 1372 4096 planeta
1411 4017 1515 4079 eodem

167 4060 317 4193 theuto
340 4112 494 4192 ponendus
521 4123 586 4186 est,
610 4115 747 4193 jamnon
772 4110 898 4189 amplius
923 4126 1088 4188 peronam
1111 4108 1229 4179 lineam,
1255 4105 1308 4166 sed
1332 4124 1386 4184 per
1411 4106 1514 4184 paral·

168 4204 242 4265 lelos
267 4223 304 4263 ex
327 4206 359 4275 Γ,
381 4225 404 4281 y,
438 4199 552 4264 dnobus
583 4203 775 4282 aequantium
799 4199 934 4277 punctis,
965 4199 995 4259 in
1018 4198 1109 4260 suum'
1138 4214 1284 4275 quamque
1317 4195 1514 4272 eccentricum

169 4295 308 4372 ejectam,
333 4291 578 4353 determinantur.
622 4291 711 4353 Verbi
732 4289 832 4371 grstia
847 4288 964 4368 quando
989 4287 1171 4349 ecoentricus
1185 4290 1232 4346 θκ
1246 4285 1339 4345 habet
1383 4285 1514 4345 lanetam

168 4383 196 4442 in
218 4407 241 4454 κ,
261 4391 332 4442 tunc
351 4380 534 4441 eccentricns
555 4382 603 4442 Bi
622 4381 745 4442 habehit
764 4378 890 4439 eundem
914 4377 941 4436 in
961 4380 995 4450 Z,
1017 4374 1066 4436 ubi
1081 4380 1127 4436 θκ
1147 4385 1178 4434 et
1194 4376 1252 4434 ΒΖ
1270 4381 1342 4433 sunt
1418 4373 1514 4447 alleli;

170 4481 201 4532 et
224 4471 342 4550 quando
366 4469 415 4530 ille
439 4468 592 4547 planetam
616 4469 708 4531 hahet
731 4470 759 4529 io
785 4492 808 4540 s,
834 4467 880 4526 hic
904 4482 970 4526 eum
994 4465 1117 4533 habehit
1140 4464 1168 4526 in
1194 4468 1224 4537 1,
1253 4460 1306 4547 nbi
1330 4481 1448 4524 rursum
1471 4467 1514 4524 θι

169 4570 200 4620 et
223 4562 279 4622 BI
297 4567 368 4620 sunt
395 4540 551 4639 paralleli:
577 4566 679 4619 cetera
701 4565 807 4637 patent
831 4575 868 4614 en
892 4556 1044 4616 schemate
1068 4553 1145 4643 qia
1168 4551 1467 4614 demonstrationem.
1505 4578 1511 4587 ·

258 4649 353 4726 Igitur
376 4647 401 4708 si
425 4663 483 4706 non
506 4644 599 4706 liceat
621 4647 716 4709 risum
739 4647 903 4707 transferre
928 4646 1000 4715 (non
1025 4640 1205 4724 lioetjautem
1220 4659 1273 4720 per
1288 4659 1351 4714 eos,
1376 4642 1426 4722 qui
1440 4642 1514 4703 Ter·

172 4757 234 4799 ram
267 4737 380 4797 faciunt
404 4741 538 4796 centrum
559 4734 681 4808 mnndi,
712 4745 746 4797 ut
775 4733 909 4815 sequenti
939 4733 1037 4811 capite
1066 4728 1196 4804 dicetur)
1225 4736 1258 4790 et
1280 4730 1405 4809 planeta
1429 4729 1517 4793 inerit

170 4828 347 4891 observatus
377 4824 406 4885 in
437 4822 553 4908 aliquot
582 4824 696 4887 zodiaci
726 4824 800 4885 locis
824 4842 941 4918 semper
964 4819 1119 4903 oppositus
1144 4813 1241 4882 medio
1266 4820 1331 4880 loco
1356 4817 1465 4898 Solis„
1483 4828 1517 4905 et
