<?xml version="1.0" encoding="UTF-8"?>
<!DOCTYPE html PUBLIC "-//W3C//DTD XHTML 1.0 Transitional//EN"
    "http://www.w3.org/TR/xhtml1/DTD/xhtml1-transitional.dtd">
<html xmlns="http://www.w3.org/1999/xhtml" xml:lang="en" lang="en">
 <head>
  <title>
</title>
<meta http-equiv="Content-Type" content="text/html;charset=utf-8" />
  <meta name='ocr-system' content='tesseract 3.04.00' />
  <meta name='ocr-capabilities' content='ocr_page ocr_carea ocr_par ocr_line ocrx_word'/>
</head>
<body>
  <div class='ocr_page' id='page_1' title='image "./joanniskepleria14frisgoog_0065.png"; bbox 0 0 3354 5504; ppageno 0'>
   <div class='ocr_carea' id='block_1_1' title="bbox 489 267 1517 344">
    <p class='ocr_par' dir='ltr' id='par_1_1' title="bbox 489 267 1517 344">
     <span class='ocr_line' id='line_1_1' title="bbox 489 267 1517 344; baseline 0.002 -18"><span class='ocrx_word' id='word_1_1' title='bbox 489 339 491 343; x_wconf 86' lang='lat'>.</span> <span class='ocrx_word' id='word_1_2' title='bbox 549 269 581 326; x_wconf 82' lang='lat' dir='ltr'>ds</span> <span class='ocrx_word' id='word_1_3' title='bbox 596 267 786 326; x_wconf 69' lang='lat' dir='ltr'>Conmentariis</span> <span class='ocrx_word' id='word_1_4' title='bbox 805 271 837 325; x_wconf 86' lang='lat' dir='ltr'>de</span> <span class='ocrx_word' id='word_1_5' title='bbox 853 281 921 325; x_wconf 83' lang='lat' dir='ltr'>motu</span> <span class='ocrx_word' id='word_1_6' title='bbox 939 272 1027 327; x_wconf 71' lang='lat' dir='ltr'>mnas</span> <span class='ocrx_word' id='word_1_7' title='bbox 1046 271 1141 327; x_wconf 82' lang='lat' dir='ltr'>Martis.</span> <span class='ocrx_word' id='word_1_8' title='bbox 1473 272 1517 344; x_wconf 71' lang='lat'>55</span> 
     </span>
    </p>
   </div>
   <div class='ocr_carea' id='block_1_2' title="bbox 158 536 1592 1958">
    <p class='ocr_par' dir='ltr' id='par_1_2' title="bbox 158 536 1520 1601">
     <span class='ocr_line' id='line_1_2' title="bbox 249 536 1517 623; baseline 0.006 -23"><span class='ocrx_word' id='word_1_9' title='bbox 249 536 328 601; x_wconf 82' lang='lat' dir='ltr'>Cum</span> <span class='ocrx_word' id='word_1_10' title='bbox 347 545 497 619; x_wconf 87' lang='lat' dir='ltr'>perpetuo</span> <span class='ocrx_word' id='word_1_11' title='bbox 517 547 576 613; x_wconf 88' lang='lat' dir='ltr'>tuo,</span> <span class='ocrx_word' id='word_1_12' title='bbox 593 541 755 603; x_wconf 91' lang='lat' dir='ltr'>Maestline</span> <span class='ocrx_word' id='word_1_13' title='bbox 778 551 957 621; x_wconf 87' lang='lat' dir='ltr'>praeceptor</span> <span class='ocrx_word' id='word_1_14' title='bbox 971 543 1093 623; x_wconf 87' lang='lat' dir='ltr'>optime,</span> <span class='ocrx_word' id='word_1_15' title='bbox 1113 542 1237 606; x_wconf 89' lang='lat' dir='ltr'>silentio</span> <span class='ocrx_word' id='word_1_16' title='bbox 1256 563 1353 607; x_wconf 86' lang='lat' dir='ltr'>meam</span> <span class='ocrx_word' id='word_1_17' title='bbox 1368 542 1517 607; x_wconf 86' lang='lat' dir='ltr'>scribendi</span> 
     </span>
     <span class='ocr_line' id='line_1_3' title="bbox 160 629 1517 714; baseline 0.004 -24"><span class='ocrx_word' id='word_1_18' title='bbox 160 629 354 708; x_wconf 73' lang='lat' dir='ltr'>diligentiam</span> <span class='ocrx_word' id='word_1_19' title='bbox 387 629 481 690; x_wconf 85' lang='lat' dir='ltr'>toties</span> <span class='ocrx_word' id='word_1_20' title='bbox 509 630 573 708; x_wconf 83' lang='lat' dir='ltr'>jam</span> <span class='ocrx_word' id='word_1_21' title='bbox 608 632 845 711; x_wconf 84' lang='lat' dir='ltr'>expugnaveris:</span> <span class='ocrx_word' id='word_1_22' title='bbox 880 632 991 693; x_wconf 91' lang='lat' dir='ltr'>accidit</span> <span class='ocrx_word' id='word_1_23' title='bbox 1018 633 1091 694; x_wconf 91' lang='lat' dir='ltr'>mihi</span> <span class='ocrx_word' id='word_1_24' title='bbox 1123 643 1241 707; x_wconf 88' lang='lat' dir='ltr'>tamen,</span> <span class='ocrx_word' id='word_1_25' title='bbox 1274 634 1352 714; x_wconf 93' lang='lat' dir='ltr'>quod</span> <span class='ocrx_word' id='word_1_26' title='bbox 1379 633 1410 695; x_wconf 94' lang='lat' dir='ltr'>in</span> <span class='ocrx_word' id='word_1_27' title='bbox 1437 634 1517 696; x_wconf 83' lang='lat' dir='ltr'>bello</span> 
     </span>
     <span class='ocr_line' id='line_1_4' title="bbox 158 719 1516 802; baseline 0.004 -23"><span class='ocrx_word' id='word_1_28' title='bbox 158 719 416 797; x_wconf 74' lang='lat' dir='ltr'>desperantibus,</span> <span class='ocrx_word' id='word_1_29' title='bbox 446 727 482 778; x_wconf 90' lang='lat' dir='ltr'>nt</span> <span class='ocrx_word' id='word_1_30' title='bbox 502 727 587 779; x_wconf 91' lang='lat' dir='ltr'>tanto</span> <span class='ocrx_word' id='word_1_31' title='bbox 616 721 713 800; x_wconf 86' lang='lat' dir='ltr'>magis</span> <span class='ocrx_word' id='word_1_32' title='bbox 745 720 952 800; x_wconf 83' lang='lat' dir='ltr'>scriptoriam,</span> <span class='ocrx_word' id='word_1_33' title='bbox 985 731 1097 802; x_wconf 88' lang='lat' dir='ltr'>quanto</span> <span class='ocrx_word' id='word_1_34' title='bbox 1130 722 1226 783; x_wconf 89' lang='lat' dir='ltr'>minus</span> <span class='ocrx_word' id='word_1_35' title='bbox 1255 722 1400 802; x_wconf 87' lang='lat' dir='ltr'>proficlo;</span> <span class='ocrx_word' id='word_1_36' title='bbox 1433 729 1465 784; x_wconf 88' lang='lat' dir='ltr'>et</span> <span class='ocrx_word' id='word_1_37' title='bbox 1486 722 1516 785; x_wconf 91' lang='lat' dir='ltr'>in</span> 
     </span>
     <span class='ocr_line' id='line_1_5' title="bbox 159 807 1519 892; baseline 0.003 -23"><span class='ocrx_word' id='word_1_38' title='bbox 159 807 310 869; x_wconf 77' lang='lat' dir='ltr'>victoriae</span> <span class='ocrx_word' id='word_1_39' title='bbox 332 817 423 888; x_wconf 88' lang='lat' dir='ltr'>parte</span> <span class='ocrx_word' id='word_1_40' title='bbox 447 825 566 887; x_wconf 91' lang='lat' dir='ltr'>ponam,</span> <span class='ocrx_word' id='word_1_41' title='bbox 589 810 720 870; x_wconf 89' lang='lat' dir='ltr'>salutem</span> <span class='ocrx_word' id='word_1_42' title='bbox 741 829 858 871; x_wconf 88' lang='lat' dir='ltr'>omnem</span> <span class='ocrx_word' id='word_1_43' title='bbox 873 810 1051 889; x_wconf 85' lang='lat' dir='ltr'>desperare.</span> <span class='ocrx_word' id='word_1_44' title='bbox 1091 811 1136 873; x_wconf 90' lang='lat' dir='ltr'>Tu</span> <span class='ocrx_word' id='word_1_45' title='bbox 1155 810 1181 873; x_wconf 87' lang='lat' dir='ltr'>si</span> <span class='ocrx_word' id='word_1_46' title='bbox 1200 811 1288 874; x_wconf 88' lang='lat' dir='ltr'>lectis</span> <span class='ocrx_word' id='word_1_47' title='bbox 1311 812 1387 875; x_wconf 88' lang='lat' dir='ltr'>meis</span> <span class='ocrx_word' id='word_1_48' title='bbox 1411 810 1519 892; x_wconf 84' lang='lat' dir='ltr'>opri-</span> 
     </span>
     <span class='ocr_line' id='line_1_6' title="bbox 162 897 1519 981; baseline 0.004 -23"><span class='ocrx_word' id='word_1_49' title='bbox 162 899 232 970; x_wconf 88' lang='lat' dir='ltr'>cis,</span> <span class='ocrx_word' id='word_1_50' title='bbox 257 916 384 977; x_wconf 90' lang='lat' dir='ltr'>quorum</span> <span class='ocrx_word' id='word_1_51' title='bbox 408 897 561 977; x_wconf 88' lang='lat' dir='ltr'>exemplar</span> <span class='ocrx_word' id='word_1_52' title='bbox 585 900 745 969; x_wconf 91' lang='lat' dir='ltr'>(unacum</span> <span class='ocrx_word' id='word_1_53' title='bbox 768 900 836 960; x_wconf 89' lang='lat' dir='ltr'>aliis</span> <span class='ocrx_word' id='word_1_54' title='bbox 860 907 987 978; x_wconf 90' lang='lat' dir='ltr'>quatuor</span> <span class='ocrx_word' id='word_1_55' title='bbox 1005 918 1058 980; x_wconf 91' lang='lat' dir='ltr'>per</span> <span class='ocrx_word' id='word_1_56' title='bbox 1077 900 1269 980; x_wconf 82' lang='lat' dir='ltr'>bibliopolam</span> <span class='ocrx_word' id='word_1_57' title='bbox 1287 900 1415 964; x_wconf 81' lang='lat' dir='ltr'>Gellium</span> <span class='ocrx_word' id='word_1_58' title='bbox 1439 900 1519 981; x_wconf 88' lang='lat' dir='ltr'>apud</span> 
     </span>
     <span class='ocr_line' id='line_1_7' title="bbox 164 986 1517 1068; baseline 0.004 -21"><span class='ocrx_word' id='word_1_59' title='bbox 164 987 208 1048; x_wconf 83' lang='lat' dir='ltr'>Te</span> <span class='ocrx_word' id='word_1_60' title='bbox 231 986 395 1065; x_wconf 87' lang='lat' dir='ltr'>depositis,</span> <span class='ocrx_word' id='word_1_61' title='bbox 420 1005 495 1068; x_wconf 91' lang='lat' dir='ltr'>quae</span> <span class='ocrx_word' id='word_1_62' title='bbox 518 1005 591 1065; x_wconf 92' lang='lat' dir='ltr'>rogo</span> <span class='ocrx_word' id='word_1_63' title='bbox 615 996 649 1050; x_wconf 98' lang='grc' dir='ltr'>ιιι</span> <span class='ocrx_word' id='word_1_64' title='bbox 670 988 830 1050; x_wconf 89' lang='lat' dir='ltr'>Besoldu</span> <span class='ocrx_word' id='word_1_65' title='bbox 854 988 970 1050; x_wconf 90' lang='lat' dir='ltr'>doctori</span> <span class='ocrx_word' id='word_1_66' title='bbox 998 988 1112 1067; x_wconf 80' lang='lat' dir='ltr'>petenti</span> <span class='ocrx_word' id='word_1_67' title='bbox 1142 989 1262 1063; x_wconf 87' lang='lat' dir='ltr'>tradas)</span> <span class='ocrx_word' id='word_1_68' title='bbox 1292 988 1359 1052; x_wconf 85' lang='lat' dir='ltr'>Tibi</span> <span class='ocrx_word' id='word_1_69' title='bbox 1382 992 1517 1054; x_wconf 87' lang='lat' dir='ltr'>Franco·</span> 
     </span>
     <span class='ocr_line' id='line_1_8' title="bbox 163 1075 1516 1159; baseline 0.001 -22"><span class='ocrx_word' id='word_1_70' title='bbox 163 1076 243 1137; x_wconf 77' lang='lat' dir='ltr'>furto</span> <span class='ocrx_word' id='word_1_71' title='bbox 268 1075 348 1137; x_wconf 91' lang='lat' dir='ltr'>dono</span> <span class='ocrx_word' id='word_1_72' title='bbox 372 1075 450 1149; x_wconf 91' lang='lat' dir='ltr'>misi,</span> <span class='ocrx_word' id='word_1_73' title='bbox 476 1075 502 1135; x_wconf 91' lang='lat' dir='ltr'>si</span> <span class='ocrx_word' id='word_1_74' title='bbox 526 1075 606 1136; x_wconf 91' lang='lat' dir='ltr'>lecta</span> <span class='ocrx_word' id='word_1_75' title='bbox 624 1077 818 1157; x_wconf 83' lang='lat' dir='ltr'>conceptione</span> <span class='ocrx_word' id='word_1_76' title='bbox 837 1096 907 1140; x_wconf 92' lang='lat' dir='ltr'>mea</span> <span class='ocrx_word' id='word_1_77' title='bbox 921 1078 957 1138; x_wconf 91' lang='lat' dir='ltr'>de</span> <span class='ocrx_word' id='word_1_78' title='bbox 972 1096 1051 1139; x_wconf 91' lang='lat' dir='ltr'>nova</span> <span class='ocrx_word' id='word_1_79' title='bbox 1075 1079 1177 1151; x_wconf 89' lang='lat' dir='ltr'>stella,</span> <span class='ocrx_word' id='word_1_80' title='bbox 1201 1097 1290 1159; x_wconf 91' lang='lat' dir='ltr'>quam</span> <span class='ocrx_word' id='word_1_81' title='bbox 1308 1079 1373 1159; x_wconf 85' lang='lat' dir='ltr'>jam</span> <span class='ocrx_word' id='word_1_82' title='bbox 1394 1079 1516 1158; x_wconf 86' lang='lat' dir='ltr'>accipis,</span> 
     </span>
     <span class='ocr_line' id='line_1_9' title="bbox 163 1164 1520 1248; baseline 0.003 -22"><span class='ocrx_word' id='word_1_83' title='bbox 163 1185 220 1226; x_wconf 93' lang='lat' dir='ltr'>non</span> <span class='ocrx_word' id='word_1_84' title='bbox 254 1164 442 1245; x_wconf 83' lang='lat' dir='ltr'>permoveris</span> <span class='ocrx_word' id='word_1_85' title='bbox 471 1165 509 1225; x_wconf 86' lang='lat' dir='ltr'>ad</span> <span class='ocrx_word' id='word_1_86' title='bbox 542 1166 752 1228; x_wconf 88' lang='lat' dir='ltr'>scribendum:</span> <span class='ocrx_word' id='word_1_87' title='bbox 794 1175 827 1226; x_wconf 91' lang='lat' dir='ltr'>at</span> <span class='ocrx_word' id='word_1_88' title='bbox 859 1167 970 1227; x_wconf 87' lang='lat' dir='ltr'>saltem</span> <span class='ocrx_word' id='word_1_89' title='bbox 1000 1166 1037 1227; x_wconf 94' lang='lat' dir='ltr'>ob</span> <span class='ocrx_word' id='word_1_90' title='bbox 1068 1165 1101 1228; x_wconf 86' lang='lat' dir='ltr'>S.</span> <span class='ocrx_word' id='word_1_91' title='bbox 1137 1166 1198 1230; x_wconf 75' lang='lat'>0⁸²</span> <span class='ocrx_word' id='word_1_92' title='bbox 1220 1168 1318 1242; x_wconf 82' lang='lat' dir='ltr'>Mt⁸¹¹²,</span> <span class='ocrx_word' id='word_1_93' title='bbox 1351 1169 1397 1230; x_wconf 94' lang='lat' dir='ltr'>cui</span> <span class='ocrx_word' id='word_1_94' title='bbox 1430 1178 1520 1248; x_wconf 87' lang='lat' dir='ltr'>grata</span> 
     </span>
     <span class='ocr_line' id='line_1_10' title="bbox 163 1253 1515 1337; baseline 0.005 -23"><span class='ocrx_word' id='word_1_95' title='bbox 163 1264 235 1315; x_wconf 88' lang='lat' dir='ltr'>snnt</span> <span class='ocrx_word' id='word_1_96' title='bbox 267 1253 441 1332; x_wconf 92' lang='lat' dir='ltr'>hujusmodi</span> <span class='ocrx_word' id='word_1_97' title='bbox 474 1254 602 1333; x_wconf 89' lang='lat' dir='ltr'>scripta,</span> <span class='ocrx_word' id='word_1_98' title='bbox 635 1272 768 1336; x_wconf 88' lang='lat' dir='ltr'>quaeque</span> <span class='ocrx_word' id='word_1_99' title='bbox 797 1255 860 1335; x_wconf 90' lang='lat' dir='ltr'>Ipsi</span> <span class='ocrx_word' id='word_1_100' title='bbox 891 1254 977 1317; x_wconf 87' lang='lat' dir='ltr'>varia</span> <span class='ocrx_word' id='word_1_101' title='bbox 1016 1256 1202 1336; x_wconf 82' lang='lat' dir='ltr'>conquisivi,</span> <span class='ocrx_word' id='word_1_102' title='bbox 1246 1256 1357 1337; x_wconf 90' lang='lat' dir='ltr'>aliquid</span> <span class='ocrx_word' id='word_1_103' title='bbox 1390 1257 1515 1321; x_wconf 84' lang='lat' dir='ltr'>scribas.</span> 
     </span>
     <span class='ocr_line' id='line_1_11' title="bbox 164 1342 1517 1424; baseline 0.003 -20"><span class='ocrx_word' id='word_1_104' title='bbox 164 1344 321 1404; x_wconf 85' lang='lat' dir='ltr'>Provocat</span> <span class='ocrx_word' id='word_1_105' title='bbox 344 1344 383 1404; x_wconf 91' lang='lat' dir='ltr'>ad</span> <span class='ocrx_word' id='word_1_106' title='bbox 406 1352 437 1405; x_wconf 90' lang='lat' dir='ltr'>te</span> <span class='ocrx_word' id='word_1_107' title='bbox 457 1342 676 1418; x_wconf 88' lang='lat' dir='ltr'>Roeslinus,</span> <span class='ocrx_word' id='word_1_108' title='bbox 700 1345 784 1424; x_wconf 88' lang='lat' dir='ltr'>cujus</span> <span class='ocrx_word' id='word_1_109' title='bbox 808 1344 951 1423; x_wconf 88' lang='lat' dir='ltr'>scriptum</span> <span class='ocrx_word' id='word_1_110' title='bbox 969 1345 1035 1424; x_wconf 91' lang='lat' dir='ltr'>jam</span> <span class='ocrx_word' id='word_1_111' title='bbox 1058 1346 1176 1424; x_wconf 87' lang='lat' dir='ltr'>accepit</span> <span class='ocrx_word' id='word_1_112' title='bbox 1198 1344 1231 1408; x_wconf 90' lang='lat' dir='ltr'>S.</span> <span class='ocrx_word' id='word_1_113' title='bbox 1253 1343 1288 1408; x_wconf 85' lang='lat' dir='ltr'>C.</span> <span class='ocrx_word' id='word_1_114' title='bbox 1313 1346 1406 1408; x_wconf 77' lang='lat' dir='ltr'>Mt¹⁸z</span> <span class='ocrx_word' id='word_1_115' title='bbox 1433 1366 1517 1409; x_wconf 89' lang='lat' dir='ltr'>corn-</span> 
     </span>
     <span class='ocr_line' id='line_1_12' title="bbox 164 1432 1517 1514; baseline 0.004 -22"><span class='ocrx_word' id='word_1_116' title='bbox 164 1432 265 1493; x_wconf 89' lang='lat' dir='ltr'>mnnis</span> <span class='ocrx_word' id='word_1_117' title='bbox 288 1433 365 1493; x_wconf 88' lang='lat' dir='ltr'>haec</span> <span class='ocrx_word' id='word_1_118' title='bbox 396 1432 678 1494; x_wconf 88' lang='lat' dir='ltr'>mathematicorum</span> <span class='ocrx_word' id='word_1_119' title='bbox 702 1442 750 1494; x_wconf 89' lang='lat' dir='ltr'>est</span> <span class='ocrx_word' id='word_1_120' title='bbox 773 1434 919 1506; x_wconf 88' lang='lat' dir='ltr'>materia,</span> <span class='ocrx_word' id='word_1_121' title='bbox 951 1437 1038 1514; x_wconf 84' lang='lat' dir='ltr'>quam</span> <span class='ocrx_word' id='word_1_122' title='bbox 1066 1453 1124 1496; x_wconf 89' lang='lat' dir='ltr'>non</span> <span class='ocrx_word' id='word_1_123' title='bbox 1157 1435 1307 1514; x_wconf 87' lang='lat' dir='ltr'>attingere</span> <span class='ocrx_word' id='word_1_124' title='bbox 1339 1436 1517 1499; x_wconf 80' lang='lat' dir='ltr'>desertionis</span> 
     </span>
     <span class='ocr_line' id='line_1_13' title="bbox 165 1523 523 1601; baseline -0.006 -18"><span class='ocrx_word' id='word_1_125' title='bbox 165 1523 276 1583; x_wconf 83' lang='lat' dir='ltr'>crimen</span> <span class='ocrx_word' id='word_1_126' title='bbox 302 1529 523 1601; x_wconf 84' lang='lat' dir='ltr'>repraesentat.</span> 
     </span>
    </p>

    <p class='ocr_par' dir='ltr' id='par_1_3' title="bbox 164 1579 1592 1958">
     <span class='ocr_line' id='line_1_14' title="bbox 252 1579 1515 1688; baseline 0.002 -16"><span class='ocrx_word' id='word_1_127' title='bbox 252 1611 290 1672; x_wconf 89' lang='lat' dir='ltr'>ln</span> <span class='ocrx_word' id='word_1_128' title='bbox 316 1608 598 1673; x_wconf 84' lang='lat' dir='ltr'>Commentariis</span> <span class='ocrx_word' id='word_1_129' title='bbox 622 1609 663 1671; x_wconf 92' lang='lat' dir='ltr'>de</span> <span class='ocrx_word' id='word_1_130' title='bbox 687 1610 847 1673; x_wconf 93' lang='lat' dir='ltr'>Motibus</span> <span class='ocrx_word' id='word_1_131' title='bbox 879 1579 1014 1673; x_wconf 89' lang='lat' dir='ltr'>Martis</span> <span class='ocrx_word' id='word_1_132' title='bbox 1042 1610 1070 1673; x_wconf 91' lang='lat' dir='ltr'>si</span> <span class='ocrx_word' id='word_1_133' title='bbox 1101 1630 1184 1673; x_wconf 92' lang='lat' dir='ltr'>meos</span> <span class='ocrx_word' id='word_1_134' title='bbox 1215 1611 1334 1673; x_wconf 85' lang='lat' dir='ltr'>labores</span> <span class='ocrx_word' id='word_1_135' title='bbox 1367 1629 1515 1688; x_wconf 84' lang='lat' dir='ltr'>cerneres,</span> 
     </span>
     <span class='ocr_line' id='line_1_15' title="bbox 164 1693 1592 1780; baseline 0.002 -19"><span class='ocrx_word' id='word_1_136' title='bbox 164 1701 270 1779; x_wconf 92' lang='lat' dir='ltr'>opinor</span> <span class='ocrx_word' id='word_1_137' title='bbox 294 1699 325 1760; x_wconf 91' lang='lat' dir='ltr'>id</span> <span class='ocrx_word' id='word_1_138' title='bbox 358 1699 475 1763; x_wconf 86' lang='lat' dir='ltr'>diceres</span> <span class='ocrx_word' id='word_1_139' title='bbox 507 1701 585 1779; x_wconf 93' lang='lat' dir='ltr'>qnod</span> <span class='ocrx_word' id='word_1_140' title='bbox 617 1718 667 1760; x_wconf 89' lang='lat' dir='ltr'>res</span> <span class='ocrx_word' id='word_1_141' title='bbox 700 1708 748 1760; x_wconf 89' lang='lat' dir='ltr'>est</span> <span class='ocrx_word' id='word_1_142' title='bbox 779 1700 914 1780; x_wconf 90' lang='lat' dir='ltr'>quodque</span> <span class='ocrx_word' id='word_1_143' title='bbox 946 1701 1038 1761; x_wconf 91' lang='lat' dir='ltr'>etiam</span> <span class='ocrx_word' id='word_1_144' title='bbox 1066 1700 1102 1762; x_wconf 91' lang='lat' dir='ltr'>de</span> <span class='ocrx_word' id='word_1_145' title='bbox 1128 1698 1246 1779; x_wconf 84' lang='lat' dir='ltr'>Opticis</span> <span class='ocrx_word' id='word_1_146' title='bbox 1278 1701 1377 1762; x_wconf 88' lang='lat' dir='ltr'>dicere</span> <span class='ocrx_word' id='word_1_147' title='bbox 1401 1709 1433 1761; x_wconf 87' lang='lat' dir='ltr'>tc</span> <span class='ocrx_word' id='word_1_148' title='bbox 1457 1721 1515 1764; x_wconf 90' lang='lat' dir='ltr'>non</span> <span class='ocrx_word' id='word_1_149' title='bbox 1590 1693 1592 1703; x_wconf 75' lang='lat'>&#39;</span> 
     </span>
     <span class='ocr_line' id='line_1_16' title="bbox 164 1787 1515 1871; baseline 0.002 -21"><span class='ocrx_word' id='word_1_150' title='bbox 164 1789 288 1863; x_wconf 88' lang='lat' dir='ltr'>dubito,</span> <span class='ocrx_word' id='word_1_151' title='bbox 323 1807 369 1850; x_wconf 91' lang='lat' dir='ltr'>me</span> <span class='ocrx_word' id='word_1_152' title='bbox 400 1789 518 1850; x_wconf 86' lang='lat' dir='ltr'>scilieet</span> <span class='ocrx_word' id='word_1_153' title='bbox 549 1808 607 1850; x_wconf 93' lang='lat' dir='ltr'>non</span> <span class='ocrx_word' id='word_1_154' title='bbox 638 1807 706 1850; x_wconf 92' lang='lat' dir='ltr'>raro</span> <span class='ocrx_word' id='word_1_155' title='bbox 736 1789 880 1851; x_wconf 89' lang='lat' dir='ltr'>nodum</span> <span class='ocrx_word' id='word_1_156' title='bbox 872 1808 901 1849; x_wconf 87' lang='lat' dir='ltr'>in</span> <span class='ocrx_word' id='word_1_157' title='bbox 930 1789 1028 1869; x_wconf 87' lang='lat' dir='ltr'>scirpo</span> <span class='ocrx_word' id='word_1_158' title='bbox 1060 1808 1212 1869; x_wconf 85' lang='lat' dir='ltr'>quaerere.</span> <span class='ocrx_word' id='word_1_159' title='bbox 1259 1787 1321 1851; x_wconf 82' lang='lat' dir='ltr'>Gur</span> <span class='ocrx_word' id='word_1_160' title='bbox 1353 1808 1424 1871; x_wconf 82' lang='lat' dir='ltr'>ergo</span> <span class='ocrx_word' id='word_1_161' title='bbox 1457 1809 1515 1853; x_wconf 94' lang='lat' dir='ltr'>non</span> 
     </span>
     <span class='ocr_line' id='line_1_17' title="bbox 165 1876 1517 1958; baseline 0.001 -18"><span class='ocrx_word' id='word_1_162' title='bbox 165 1897 281 1940; x_wconf 89' lang='lat' dir='ltr'>mecum</span> <span class='ocrx_word' id='word_1_163' title='bbox 314 1878 517 1958; x_wconf 78' lang='lat' dir='ltr'>communicas</span> <span class='ocrx_word' id='word_1_164' title='bbox 539 1896 593 1958; x_wconf 88' lang='lat' dir='ltr'>per</span> <span class='ocrx_word' id='word_1_165' title='bbox 616 1876 745 1939; x_wconf 88' lang='lat' dir='ltr'>literas?</span> <span class='ocrx_word' id='word_1_166' title='bbox 783 1877 881 1958; x_wconf 89' lang='lat' dir='ltr'>Saepe</span> <span class='ocrx_word' id='word_1_167' title='bbox 915 1878 986 1941; x_wconf 90' lang='lat' dir='ltr'>mihi</span> <span class='ocrx_word' id='word_1_168' title='bbox 1020 1897 1078 1940; x_wconf 93' lang='lat' dir='ltr'>non</span> <span class='ocrx_word' id='word_1_169' title='bbox 1106 1878 1254 1958; x_wconf 86' lang='lat' dir='ltr'>cogitanti</span> <span class='ocrx_word' id='word_1_170' title='bbox 1272 1878 1390 1958; x_wconf 78' lang='lat' dir='ltr'>inepta</span> <span class='ocrx_word' id='word_1_171' title='bbox 1421 1879 1517 1947; x_wconf 84' lang='lat' dir='ltr'>multa</span> 
     </span>
    </p>
   </div>
   <div class='ocr_carea' id='block_1_3' title="bbox 166 1965 1638 2049">
    <p class='ocr_par' dir='ltr' id='par_1_4' title="bbox 166 1965 1638 2049">
     <span class='ocr_line' id='line_1_18' title="bbox 166 1965 1638 2049; baseline 0 -19"><span class='ocrx_word' id='word_1_172' title='bbox 166 1967 341 2042; x_wconf 85' lang='lat' dir='ltr'>obveniunt,</span> <span class='ocrx_word' id='word_1_173' title='bbox 366 1986 443 2049; x_wconf 89' lang='lat' dir='ltr'>quae</span> <span class='ocrx_word' id='word_1_174' title='bbox 466 1986 520 2046; x_wconf 90' lang='lat' dir='ltr'>per</span> <span class='ocrx_word' id='word_1_175' title='bbox 542 1967 649 2028; x_wconf 88' lang='lat' dir='ltr'>literas</span> <span class='ocrx_word' id='word_1_176' title='bbox 672 1965 820 2029; x_wconf 86' lang='lat' dir='ltr'>ventilata</span> <span class='ocrx_word' id='word_1_177' title='bbox 843 1967 930 2030; x_wconf 80' lang='lat' dir='ltr'>facile</span> <span class='ocrx_word' id='word_1_178' title='bbox 955 1986 1159 2047; x_wconf 89' lang='lat' dir='ltr'>agnoscerem.</span> <span class='ocrx_word' id='word_1_179' title='bbox 1198 1965 1303 2029; x_wconf 90' lang='lat' dir='ltr'>Omnis</span> <span class='ocrx_word' id='word_1_180' title='bbox 1327 1987 1410 2030; x_wconf 86' lang='lat' dir='ltr'>meus</span> <span class='ocrx_word' id='word_1_181' title='bbox 1433 1966 1519 2032; x_wconf 78' lang='lat' dir='ltr'>labo&#39;r</span> <span class='ocrx_word' id='word_1_182' title='bbox 1635 1977 1638 1984; x_wconf 86' lang='lat'>&#39;</span> 
     </span>
    </p>
   </div>
   <div class='ocr_carea' id='block_1_4' title="bbox 165 2056 1517 2137">
    <p class='ocr_par' dir='ltr' id='par_1_5' title="bbox 165 2056 1517 2137">
     <span class='ocr_line' id='line_1_19' title="bbox 165 2056 1517 2137; baseline 0.001 -19"><span class='ocrx_word' id='word_1_183' title='bbox 165 2058 192 2118; x_wconf 92' lang='lat' dir='ltr'>in</span> <span class='ocrx_word' id='word_1_184' title='bbox 216 2057 276 2119; x_wconf 91' lang='lat' dir='ltr'>hoc</span> <span class='ocrx_word' id='word_1_185' title='bbox 302 2063 360 2130; x_wconf 89' lang='lat' dir='ltr'>est,</span> <span class='ocrx_word' id='word_1_186' title='bbox 384 2064 419 2117; x_wconf 91' lang='lat' dir='ltr'>ut</span> <span class='ocrx_word' id='word_1_187' title='bbox 437 2057 503 2136; x_wconf 90' lang='lat' dir='ltr'>jam</span> <span class='ocrx_word' id='word_1_188' title='bbox 517 2074 605 2134; x_wconf 88' lang='lat' dir='ltr'>porro</span> <span class='ocrx_word' id='word_1_189' title='bbox 629 2075 666 2116; x_wconf 91' lang='lat' dir='ltr'>ex</span> <span class='ocrx_word' id='word_1_190' title='bbox 685 2057 821 2135; x_wconf 87' lang='lat' dir='ltr'>genuinis</span> <span class='ocrx_word' id='word_1_191' title='bbox 845 2057 945 2118; x_wconf 88' lang='lat' dir='ltr'>causis</span> <span class='ocrx_word' id='word_1_192' title='bbox 968 2066 1032 2118; x_wconf 88' lang='lat' dir='ltr'>tam</span> <span class='ocrx_word' id='word_1_193' title='bbox 1048 2056 1241 2136; x_wconf 89' lang='lat' dir='ltr'>aequat-iones</span> <span class='ocrx_word' id='word_1_194' title='bbox 1266 2057 1396 2119; x_wconf 86' lang='lat' dir='ltr'>eccentri</span> <span class='ocrx_word' id='word_1_195' title='bbox 1418 2057 1517 2137; x_wconf 83' lang='lat' dir='ltr'>justas</span> 
     </span>
    </p>
   </div>
   <div class='ocr_carea' id='block_1_5' title="bbox 167 2145 1646 2227">
    <p class='ocr_par' dir='ltr' id='par_1_6' title="bbox 167 2145 1646 2227">
     <span class='ocr_line' id='line_1_20' title="bbox 167 2145 1646 2227; baseline 0.003 -21"><span class='ocrx_word' id='word_1_196' title='bbox 167 2165 255 2226; x_wconf 89' lang='lat' dir='ltr'>quam</span> <span class='ocrx_word' id='word_1_197' title='bbox 280 2145 445 2207; x_wconf 84' lang='lat' dir='ltr'>distantias</span> <span class='ocrx_word' id='word_1_198' title='bbox 470 2155 631 2207; x_wconf 78' lang='lat' dir='ltr'>exstruam.</span> <span class='ocrx_word' id='word_1_199' title='bbox 667 2146 786 2207; x_wconf 83' lang='lat' dir='ltr'>Profeei</span> <span class='ocrx_word' id='word_1_200' title='bbox 810 2154 909 2207; x_wconf 93' lang='lat' dir='ltr'>antem</span> <span class='ocrx_word' id='word_1_201' title='bbox 931 2145 1061 2225; x_wconf 91' lang='lat' dir='ltr'>perDei</span> <span class='ocrx_word' id='word_1_202' title='bbox 1085 2146 1215 2226; x_wconf 83' lang='lat' dir='ltr'>gratiam</span> <span class='ocrx_word' id='word_1_203' title='bbox 1239 2164 1377 2227; x_wconf 88' lang='lat' dir='ltr'>eousque,</span> <span class='ocrx_word' id='word_1_204' title='bbox 1403 2149 1533 2215; x_wconf 86' lang='lat' dir='ltr'>utnon</span> <span class='ocrx_word' id='word_1_205' title='bbox 1586 2217 1589 2223; x_wconf 39' lang='grc'>,</span> <span class='ocrx_word' id='word_1_206' title='bbox 1643 2187 1646 2191; x_wconf 64' lang='lat'><strong><em>‹</em></strong></span> 
     </span>
    </p>
   </div>
   <div class='ocr_carea' id='block_1_6' title="bbox 166 2234 1518 2316">
    <p class='ocr_par' dir='ltr' id='par_1_7' title="bbox 166 2234 1518 2316">
     <span class='ocr_line' id='line_1_21' title="bbox 166 2234 1518 2316; baseline 0.001 -19"><span class='ocrx_word' id='word_1_207' title='bbox 166 2237 233 2315; x_wconf 89' lang='lat' dir='ltr'>plus</span> <span class='ocrx_word' id='word_1_208' title='bbox 265 2235 403 2303; x_wconf 88' lang='lat' dir='ltr'>aberrem</span> <span class='ocrx_word' id='word_1_209' title='bbox 428 2234 540 2296; x_wconf 90' lang='lat' dir='ltr'>inuno</span> <span class='ocrx_word' id='word_1_210' title='bbox 573 2253 661 2315; x_wconf 91' lang='lat' dir='ltr'>quam</span> <span class='ocrx_word' id='word_1_211' title='bbox 685 2234 713 2295; x_wconf 93' lang='lat' dir='ltr'>in</span> <span class='ocrx_word' id='word_1_212' title='bbox 738 2236 833 2297; x_wconf 88' lang='lat' dir='ltr'>altero</span> <span class='ocrx_word' id='word_1_213' title='bbox 865 2244 1022 2315; x_wconf 89' lang='lat' dir='ltr'>certusque</span> <span class='ocrx_word' id='word_1_214' title='bbox 1056 2235 1131 2310; x_wconf 91' lang='lat' dir='ltr'>sim,</span> <span class='ocrx_word' id='word_1_215' title='bbox 1162 2243 1318 2316; x_wconf 89' lang='lat' dir='ltr'>utrumqne</span> <span class='ocrx_word' id='word_1_216' title='bbox 1342 2234 1380 2297; x_wconf 90' lang='lat' dir='ltr'>ab</span> <span class='ocrx_word' id='word_1_217' title='bbox 1413 2236 1518 2298; x_wconf 84' lang='lat' dir='ltr'>eadem</span> 
     </span>
    </p>
   </div>
   <div class='ocr_carea' id='block_1_7' title="bbox 166 2322 1662 2493">
    <p class='ocr_par' dir='ltr' id='par_1_8' title="bbox 166 2322 1662 2493">
     <span class='ocr_line' id='line_1_22' title="bbox 166 2322 1662 2412; baseline 0.002 -26"><span class='ocrx_word' id='word_1_218' title='bbox 166 2323 329 2406; x_wconf 87' lang='lat' dir='ltr'>hypothesi</span> <span class='ocrx_word' id='word_1_219' title='bbox 360 2323 528 2404; x_wconf 85' lang='lat' dir='ltr'>proficisci,</span> <span class='ocrx_word' id='word_1_220' title='bbox 559 2343 595 2385; x_wconf 83' lang='lat' dir='ltr'>ac</span> <span class='ocrx_word' id='word_1_221' title='bbox 618 2322 741 2402; x_wconf 89' lang='lat' dir='ltr'>proinde</span> <span class='ocrx_word' id='word_1_222' title='bbox 765 2343 823 2385; x_wconf 91' lang='lat' dir='ltr'>non</span> <span class='ocrx_word' id='word_1_223' title='bbox 850 2343 941 2403; x_wconf 89' lang='lat' dir='ltr'>posse</span> <span class='ocrx_word' id='word_1_224' title='bbox 973 2344 1040 2386; x_wconf 89' lang='lat' dir='ltr'>esse</span> <span class='ocrx_word' id='word_1_225' title='bbox 1068 2344 1163 2398; x_wconf 91' lang='lat' dir='ltr'>vana,</span> <span class='ocrx_word' id='word_1_226' title='bbox 1196 2342 1272 2403; x_wconf 87' lang='lat' dir='ltr'>quae</span> <span class='ocrx_word' id='word_1_227' title='bbox 1296 2324 1332 2387; x_wconf 91' lang='lat' dir='ltr'>de</span> <span class='ocrx_word' id='word_1_228' title='bbox 1351 2323 1518 2389; x_wconf 87' lang='lat' dir='ltr'>&#39;virtutibus</span> <span class='ocrx_word' id='word_1_229' title='bbox 1614 2376 1617 2382; x_wconf 86' lang='lat'>.</span> <span class='ocrx_word' id='word_1_230' title='bbox 1652 2341 1662 2412; x_wconf 22' lang='lat'>&#39;-</span> 
     </span>
     <span class='ocr_line' id='line_1_23' title="bbox 167 2410 1629 2493; baseline 0.003 -19"><span class='ocrx_word' id='word_1_231' title='bbox 167 2413 344 2479; x_wconf 81' lang='lat' dir='ltr'>metricibus</span> <span class='ocrx_word' id='word_1_232' title='bbox 367 2413 497 2492; x_wconf 90' lang='lat' dir='ltr'>disputo.</span> <span class='ocrx_word' id='word_1_233' title='bbox 536 2410 668 2492; x_wconf 86' lang='lat' dir='ltr'>Cumque</span> <span class='ocrx_word' id='word_1_234' title='bbox 692 2412 784 2474; x_wconf 89' lang='lat' dir='ltr'>toties</span> <span class='ocrx_word' id='word_1_235' title='bbox 802 2414 868 2492; x_wconf 90' lang='lat' dir='ltr'>jam</span> <span class='ocrx_word' id='word_1_236' title='bbox 890 2413 1135 2493; x_wconf 88' lang='lat' dir='ltr'>triumphaverim</span> <span class='ocrx_word' id='word_1_237' title='bbox 1154 2413 1190 2474; x_wconf 92' lang='lat' dir='ltr'>de</span> <span class='ocrx_word' id='word_1_238' title='bbox 1206 2413 1316 2488; x_wconf 84' lang='lat' dir='ltr'>Marte,</span> <span class='ocrx_word' id='word_1_239' title='bbox 1340 2414 1397 2475; x_wconf 88' lang='lat' dir='ltr'>hoc</span> <span class='ocrx_word' id='word_1_240' title='bbox 1416 2422 1537 2479; x_wconf 73' lang='lat' dir='ltr'>tamen</span> <span class='ocrx_word' id='word_1_241' title='bbox 1571 2468 1573 2472; x_wconf 70' lang='grc'>,</span> <span class='ocrx_word' id='word_1_242' title='bbox 1625 2410 1629 2478; x_wconf 65' lang='lat' dir='ltr'>f</span> 
     </span>
    </p>
   </div>
   <div class='ocr_carea' id='block_1_8' title="bbox 167 2502 1517 2567">
    <p class='ocr_par' dir='ltr' id='par_1_9' title="bbox 167 2502 1517 2567">
     <span class='ocr_line' id='line_1_24' title="bbox 167 2502 1517 2567; baseline 0.001 -3"><span class='ocrx_word' id='word_1_243' title='bbox 167 2505 333 2564; x_wconf 87' lang='lat' dir='ltr'>etiamnum</span> <span class='ocrx_word' id='word_1_244' title='bbox 357 2502 497 2564; x_wconf 79' lang='lat' dir='ltr'>incensa</span> <span class='ocrx_word' id='word_1_245' title='bbox 519 2511 637 2563; x_wconf 89' lang='lat' dir='ltr'>manet:</span> <span class='ocrx_word' id='word_1_246' title='bbox 662 2502 688 2562; x_wconf 89' lang='lat' dir='ltr'>si</span> <span class='ocrx_word' id='word_1_247' title='bbox 704 2503 864 2564; x_wconf 90' lang='lat' dir='ltr'>eccentrici</span> <span class='ocrx_word' id='word_1_248' title='bbox 887 2502 965 2563; x_wconf 90' lang='lat' dir='ltr'>ratio</span> <span class='ocrx_word' id='word_1_249' title='bbox 991 2502 1179 2564; x_wconf 86' lang='lat' dir='ltr'>distribuitur</span> <span class='ocrx_word' id='word_1_250' title='bbox 1202 2502 1281 2565; x_wconf 88' lang='lat' dir='ltr'>inter</span> <span class='ocrx_word' id='word_1_251' title='bbox 1298 2503 1517 2567; x_wconf 91' lang='lat' dir='ltr'>concentricum</span> 
     </span>
    </p>
   </div>
   <div class='ocr_carea' id='block_1_9' title="bbox 168 2591 1625 2762">
    <p class='ocr_par' dir='ltr' id='par_1_10' title="bbox 168 2591 1625 2762">
     <span class='ocr_line' id='line_1_25' title="bbox 168 2591 1615 2683; baseline 0.003 -30"><span class='ocrx_word' id='word_1_252' title='bbox 168 2600 197 2654; x_wconf 88' lang='lat' dir='ltr'>et</span> <span class='ocrx_word' id='word_1_253' title='bbox 220 2592 410 2674; x_wconf 83' lang='lat' dir='ltr'>epicyclum,</span> <span class='ocrx_word' id='word_1_254' title='bbox 434 2592 671 2668; x_wconf 36' lang='lat' dir='ltr'>scis,‚centrum</span> <span class='ocrx_word' id='word_1_255' title='bbox 696 2591 820 2673; x_wconf 87' lang='lat' dir='ltr'>epioycli</span> <span class='ocrx_word' id='word_1_256' title='bbox 844 2592 1012 2671; x_wconf 88' lang='lat' dir='ltr'>inaequalis</span> <span class='ocrx_word' id='word_1_257' title='bbox 1042 2600 1141 2653; x_wconf 87' lang='lat' dir='ltr'>motus</span> <span class='ocrx_word' id='word_1_258' title='bbox 1169 2591 1232 2652; x_wconf 90' lang='lat' dir='ltr'>fieri</span> <span class='ocrx_word' id='word_1_259' title='bbox 1264 2591 1294 2652; x_wconf 94' lang='lat' dir='ltr'>in</span> <span class='ocrx_word' id='word_1_260' title='bbox 1319 2592 1551 2683; x_wconf 53' lang='lat' dir='ltr'>conoeirtrico,v</span> <span class='ocrx_word' id='word_1_261' title='bbox 1611 2628 1615 2635; x_wconf 96' lang='lat'><em>·</em></span> 
     </span>
     <span class='ocr_line' id='line_1_26' title="bbox 168 2679 1625 2762; baseline 0.002 -22"><span class='ocrx_word' id='word_1_262' title='bbox 168 2681 195 2742; x_wconf 89' lang='lat' dir='ltr'>id</span> <span class='ocrx_word' id='word_1_263' title='bbox 218 2691 270 2743; x_wconf 84' lang='lat' dir='ltr'>est</span> <span class='ocrx_word' id='word_1_264' title='bbox 293 2681 514 2742; x_wconf 91' lang='lat' dir='ltr'>concentricum</span> <span class='ocrx_word' id='word_1_265' title='bbox 537 2679 738 2759; x_wconf 88' lang='lat' dir='ltr'>snperalieno</span> <span class='ocrx_word' id='word_1_266' title='bbox 759 2689 861 2743; x_wconf 89' lang='lat' dir='ltr'>centro</span> <span class='ocrx_word' id='word_1_267' title='bbox 885 2680 1051 2762; x_wconf 85' lang='lat' dir='ltr'>aequaliter</span> <span class='ocrx_word' id='word_1_268' title='bbox 1066 2681 1126 2742; x_wconf 91' lang='lat' dir='ltr'>ire:</span> <span class='ocrx_word' id='word_1_269' title='bbox 1151 2681 1222 2760; x_wconf 90' lang='lat' dir='ltr'>quia</span> <span class='ocrx_word' id='word_1_270' title='bbox 1244 2681 1337 2744; x_wconf 89' lang='lat' dir='ltr'>etiam</span> <span class='ocrx_word' id='word_1_271' title='bbox 1361 2691 1517 2745; x_wconf 87' lang='lat' dir='ltr'>eccentrus</span> <span class='ocrx_word' id='word_1_272' title='bbox 1620 2690 1625 2698; x_wconf 84' lang='lat'><strong>‘</strong></span> 
     </span>
    </p>
   </div>
   <div class='ocr_carea' id='block_1_10' title="bbox 166 2767 1599 2854">
    <p class='ocr_par' dir='ltr' id='par_1_11' title="bbox 166 2767 1599 2854">
     <span class='ocr_line' id='line_1_27' title="bbox 166 2767 1599 2854; baseline 0 -23"><span class='ocrx_word' id='word_1_273' title='bbox 166 2780 306 2833; x_wconf 88' lang='lat' dir='ltr'>movetur</span> <span class='ocrx_word' id='word_1_274' title='bbox 330 2789 420 2849; x_wconf 89' lang='lat' dir='ltr'>super</span> <span class='ocrx_word' id='word_1_275' title='bbox 442 2770 540 2831; x_wconf 89' lang='lat' dir='ltr'>alieno</span> <span class='ocrx_word' id='word_1_276' title='bbox 562 2776 678 2830; x_wconf 84' lang='lat' dir='ltr'>centro.</span> <span class='ocrx_word' id='word_1_277' title='bbox 726 2767 842 2840; x_wconf 82' lang='lat' dir='ltr'>Quodsi</span> <span class='ocrx_word' id='word_1_278' title='bbox 867 2787 937 2849; x_wconf 91' lang='lat' dir='ltr'>ergo</span> <span class='ocrx_word' id='word_1_279' title='bbox 961 2778 1059 2832; x_wconf 88' lang='lat' dir='ltr'>motus</span> <span class='ocrx_word' id='word_1_280' title='bbox 1083 2778 1116 2830; x_wconf 91' lang='lat' dir='ltr'>et</span> <span class='ocrx_word' id='word_1_281' title='bbox 1132 2770 1313 2832; x_wconf 89' lang='lat' dir='ltr'>concentrici</span> <span class='ocrx_word' id='word_1_282' title='bbox 1337 2779 1369 2832; x_wconf 89' lang='lat' dir='ltr'>et</span> <span class='ocrx_word' id='word_1_283' title='bbox 1391 2771 1517 2854; x_wconf 83' lang='lat' dir='ltr'>epicycli</span> <span class='ocrx_word' id='word_1_284' title='bbox 1592 2786 1599 2831; x_wconf 85' lang='lat'>·.</span> 
     </span>
    </p>
   </div>
   <div class='ocr_carea' id='block_1_11' title="bbox 166 2859 1663 3208">
    <p class='ocr_par' dir='ltr' id='par_1_12' title="bbox 166 2859 1669 3208">
     <span class='ocr_line' id='line_1_28' title="bbox 167 2859 1663 2941; baseline 0.003 -20"><span class='ocrx_word' id='word_1_285' title='bbox 167 2860 253 2921; x_wconf 90' lang='lat' dir='ltr'>simul</span> <span class='ocrx_word' id='word_1_286' title='bbox 276 2859 489 2932; x_wconf 86' lang='lat' dir='ltr'>intenduntur,</span> <span class='ocrx_word' id='word_1_287' title='bbox 521 2859 608 2920; x_wconf 90' lang='lat' dir='ltr'>simol</span> <span class='ocrx_word' id='word_1_288' title='bbox 631 2859 824 2921; x_wconf 90' lang='lat' dir='ltr'>remittuntur</span> <span class='ocrx_word' id='word_1_289' title='bbox 847 2860 892 2933; x_wconf 90' lang='lat' dir='ltr'>(id</span> <span class='ocrx_word' id='word_1_290' title='bbox 915 2868 962 2921; x_wconf 88' lang='lat' dir='ltr'>est</span> <span class='ocrx_word' id='word_1_291' title='bbox 985 2859 1012 2920; x_wconf 88' lang='lat' dir='ltr'>si</span> <span class='ocrx_word' id='word_1_292' title='bbox 1035 2860 1115 2922; x_wconf 92' lang='lat' dir='ltr'>linea</span> <span class='ocrx_word' id='word_1_293' title='bbox 1139 2878 1176 2920; x_wconf 92' lang='lat' dir='ltr'>ex</span> <span class='ocrx_word' id='word_1_294' title='bbox 1195 2867 1298 2921; x_wconf 90' lang='lat' dir='ltr'>centro</span> <span class='ocrx_word' id='word_1_295' title='bbox 1322 2861 1541 2941; x_wconf 73' lang='lat' dir='ltr'>aequalitatis</span> <span class='ocrx_word' id='word_1_296' title='bbox 1610 2909 1632 2927; x_wconf 85' lang='grc'>.,</span> <span class='ocrx_word' id='word_1_297' title='bbox 1656 2912 1663 2925; x_wconf 89' lang='grc'><strong>.</strong></span> 
     </span>
     <span class='ocr_line' id='line_1_29' title="bbox 166 2948 1647 3037; baseline -0.001 -28"><span class='ocrx_word' id='word_1_298' title='bbox 166 2948 351 3012; x_wconf 84' lang='lat' dir='ltr'>concentrici</span> <span class='ocrx_word' id='word_1_299' title='bbox 374 2967 429 3027; x_wconf 92' lang='lat' dir='ltr'>per</span> <span class='ocrx_word' id='word_1_300' title='bbox 442 2956 579 3010; x_wconf 88' lang='lat' dir='ltr'>centrum</span> <span class='ocrx_word' id='word_1_301' title='bbox 602 2948 726 3028; x_wconf 84' lang='lat' dir='ltr'>epicycli</span> <span class='ocrx_word' id='word_1_302' title='bbox 742 2948 852 3009; x_wconf 88' lang='lat' dir='ltr'>educta</span> <span class='ocrx_word' id='word_1_303' title='bbox 875 2956 1025 3010; x_wconf 89' lang='lat' dir='ltr'>monstrat</span> <span class='ocrx_word' id='word_1_304' title='bbox 1048 2966 1213 3028; x_wconf 81' lang='lat' dir='ltr'>apogaeum</span> <span class='ocrx_word' id='word_1_305' title='bbox 1237 2966 1339 3011; x_wconf 89' lang='lat' dir='ltr'>verum</span> <span class='ocrx_word' id='word_1_306' title='bbox 1364 2949 1514 3037; x_wconf 67' lang='lat' dir='ltr'>epicycli),</span> <span class='ocrx_word' id='word_1_307' title='bbox 1562 3003 1564 3011; x_wconf 37' lang='grc' dir='ltr'>ι</span> <span class='ocrx_word' id='word_1_308' title='bbox 1598 2990 1603 3000; x_wconf 85' lang='lat'>-</span> <span class='ocrx_word' id='word_1_309' title='bbox 1643 2988 1647 3007; x_wconf 66' lang='lat'><em>2</em></span> 
     </span>
     <span class='ocr_line' id='line_1_30' title="bbox 167 3037 1558 3118; baseline 0.001 -19"><span class='ocrx_word' id='word_1_310' title='bbox 167 3046 236 3099; x_wconf 90' lang='lat' dir='ltr'>tnnc</span> <span class='ocrx_word' id='word_1_311' title='bbox 260 3039 291 3099; x_wconf 94' lang='lat' dir='ltr'>in</span> <span class='ocrx_word' id='word_1_312' title='bbox 316 3038 424 3099; x_wconf 86' lang='lat' dir='ltr'>ellectu</span> <span class='ocrx_word' id='word_1_313' title='bbox 447 3046 549 3098; x_wconf 86' lang='lat' dir='ltr'>manet</span> <span class='ocrx_word' id='word_1_314' title='bbox 572 3037 672 3099; x_wconf 91' lang='lat' dir='ltr'>orbita</span> <span class='ocrx_word' id='word_1_315' title='bbox 695 3038 847 3116; x_wconf 87' lang='lat' dir='ltr'>planetae,</span> <span class='ocrx_word' id='word_1_316' title='bbox 873 3056 962 3117; x_wconf 90' lang='lat' dir='ltr'>qnam</span> <span class='ocrx_word' id='word_1_317' title='bbox 986 3056 1110 3118; x_wconf 91' lang='lat' dir='ltr'>corpore</span> <span class='ocrx_word' id='word_1_318' title='bbox 1132 3039 1259 3108; x_wconf 74' lang='lat' dir='ltr'>transit,</span> <span class='ocrx_word' id='word_1_319' title='bbox 1281 3038 1433 3117; x_wconf 86' lang='lat' dir='ltr'>perfectus</span> <span class='ocrx_word' id='word_1_320' title='bbox 1456 3039 1517 3115; x_wconf 58' lang='lat' dir='ltr'>cirf</span> <span class='ocrx_word' id='word_1_321' title='bbox 1554 3037 1558 3101; x_wconf 76' lang='grc' dir='ltr'>ἶ</span> 
     </span>
     <span class='ocr_line' id='line_1_31' title="bbox 166 3126 1563 3208; baseline 0.001 -20"><span class='ocrx_word' id='word_1_322' title='bbox 166 3128 248 3189; x_wconf 87' lang='lat' dir='ltr'>colus</span> <span class='ocrx_word' id='word_1_323' title='bbox 279 3127 477 3192; x_wconf 80' lang='lat' dir='ltr'>eccentricns.</span> <span class='ocrx_word' id='word_1_324' title='bbox 537 3127 582 3188; x_wconf 86' lang='lat' dir='ltr'>At</span> <span class='ocrx_word' id='word_1_325' title='bbox 609 3126 837 3188; x_wconf 87' lang='lat' dir='ltr'>observationes</span> <span class='ocrx_word' id='word_1_326' title='bbox 878 3134 1044 3201; x_wconf 88' lang='lat' dir='ltr'>testantur,</span> <span class='ocrx_word' id='word_1_327' title='bbox 1085 3127 1126 3188; x_wconf 90' lang='lat' dir='ltr'>in·</span> <span class='ocrx_word' id='word_1_328' title='bbox 1146 3127 1382 3208; x_wconf 90' lang='lat' dir='ltr'>longitudinibus</span> <span class='ocrx_word' id='word_1_329' title='bbox 1411 3128 1518 3193; x_wconf 87' lang='lat' dir='ltr'>mediis</span> <span class='ocrx_word' id='word_1_330' title='bbox 1559 3170 1563 3181; x_wconf 80' lang='lat'><strong>·</strong></span> 
     </span>
    </p>
   </div>
   <div class='ocr_carea' id='block_1_12' title="bbox 165 3213 1602 3564">
    <p class='ocr_par' dir='ltr' id='par_1_13' title="bbox 165 3213 1602 3564">
     <span class='ocr_line' id='line_1_32' title="bbox 165 3213 1602 3297; baseline 0.001 -20"><span class='ocrx_word' id='word_1_331' title='bbox 165 3218 307 3297; x_wconf 87' lang='lat' dir='ltr'>utrinque</span> <span class='ocrx_word' id='word_1_332' title='bbox 330 3217 485 3296; x_wconf 89' lang='lat' dir='ltr'>planetam</span> <span class='ocrx_word' id='word_1_333' title='bbox 509 3217 548 3276; x_wconf 90' lang='lat' dir='ltr'>ad</span> <span class='ocrx_word' id='word_1_334' title='bbox 571 3216 670 3277; x_wconf 86' lang='lat' dir='ltr'>latera</span> <span class='ocrx_word' id='word_1_335' title='bbox 692 3215 809 3294; x_wconf 86' lang='lat' dir='ltr'>ingredi</span> <span class='ocrx_word' id='word_1_336' title='bbox 837 3216 956 3278; x_wconf 90' lang='lat' dir='ltr'>circiter</span> <span class='ocrx_word' id='word_1_337' title='bbox 980 3213 1045 3281; x_wconf 86' lang='grc'>900</span> <span class='ocrx_word' id='word_1_338' title='bbox 1067 3216 1204 3297; x_wconf 86' lang='lat' dir='ltr'>partibus</span> <span class='ocrx_word' id='word_1_339' title='bbox 1228 3217 1265 3278; x_wconf 87' lang='lat' dir='ltr'>do</span> <span class='ocrx_word' id='word_1_340' title='bbox 1292 3213 1429 3281; x_wconf 80' lang='grc'><strong>152500.</strong></span> <span class='ocrx_word' id='word_1_341' title='bbox 1476 3216 1518 3288; x_wconf 81' lang='lat' dir='ltr'>Et</span> <span class='ocrx_word' id='word_1_342' title='bbox 1599 3286 1602 3293; x_wconf 24' lang='lat'><strong>⁴</strong></span> 
     </span>
     <span class='ocr_line' id='line_1_33' title="bbox 166 3303 1517 3386; baseline 0.001 -20"><span class='ocrx_word' id='word_1_343' title='bbox 166 3305 250 3386; x_wconf 85' lang='lat' dir='ltr'>ipsae</span> <span class='ocrx_word' id='word_1_344' title='bbox 274 3307 410 3368; x_wconf 87' lang='lat' dir='ltr'>rationes</span> <span class='ocrx_word' id='word_1_345' title='bbox 432 3303 576 3386; x_wconf 83' lang='lat' dir='ltr'>physicae</span> <span class='ocrx_word' id='word_1_346' title='bbox 600 3305 737 3378; x_wconf 88' lang='lat' dir='ltr'>suadent,</span> <span class='ocrx_word' id='word_1_347' title='bbox 762 3305 886 3386; x_wconf 84' lang='lat' dir='ltr'>epieycli</span> <span class='ocrx_word' id='word_1_348' title='bbox 910 3313 1023 3368; x_wconf 91' lang='lat' dir='ltr'>motum</span> <span class='ocrx_word' id='word_1_349' title='bbox 1046 3325 1136 3385; x_wconf 88' lang='lat' dir='ltr'>super</span> <span class='ocrx_word' id='word_1_350' title='bbox 1158 3307 1278 3385; x_wconf 88' lang='lat' dir='ltr'>proprio</span> <span class='ocrx_word' id='word_1_351' title='bbox 1302 3314 1405 3369; x_wconf 84' lang='lat' dir='ltr'>centro</span> <span class='ocrx_word' id='word_1_352' title='bbox 1427 3306 1517 3386; x_wconf 85' lang='lat' dir='ltr'>plane</span> 
     </span>
     <span class='ocr_line' id='line_1_34' title="bbox 166 3394 1576 3477; baseline -0.001 -20"><span class='ocrx_word' id='word_1_353' title='bbox 166 3396 357 3477; x_wconf 79' lang='lat' dir='ltr'>aequabilem</span> <span class='ocrx_word' id='word_1_354' title='bbox 381 3394 497 3468; x_wconf 87' lang='lat' dir='ltr'>dicere,</span> <span class='ocrx_word' id='word_1_355' title='bbox 522 3396 552 3455; x_wconf 95' lang='lat' dir='ltr'>id</span> <span class='ocrx_word' id='word_1_356' title='bbox 576 3402 640 3466; x_wconf 90' lang='lat' dir='ltr'>est,</span> <span class='ocrx_word' id='word_1_357' title='bbox 673 3394 781 3455; x_wconf 87' lang='lat' dir='ltr'>lineam</span> <span class='ocrx_word' id='word_1_358' title='bbox 805 3395 868 3455; x_wconf 91' lang='lat' dir='ltr'>veri</span> <span class='ocrx_word' id='word_1_359' title='bbox 902 3395 1029 3474; x_wconf 87' lang='lat' dir='ltr'>apogaei</span> <span class='ocrx_word' id='word_1_360' title='bbox 1062 3394 1187 3477; x_wconf 83' lang='lat' dir='ltr'>epicycli</span> <span class='ocrx_word' id='word_1_361' title='bbox 1221 3402 1390 3475; x_wconf 79' lang='lat' dir='ltr'>agere-per</span> <span class='ocrx_word' id='word_1_362' title='bbox 1411 3403 1517 3456; x_wconf 78' lang='lat' dir='ltr'>centra</span> <span class='ocrx_word' id='word_1_363' title='bbox 1572 3413 1576 3422; x_wconf 90' lang='lat'>·</span> 
     </span>
     <span class='ocr_line' id='line_1_35' title="bbox 167 3483 1516 3564; baseline 0 -19"><span class='ocrx_word' id='word_1_364' title='bbox 167 3484 350 3546; x_wconf 90' lang='lat' dir='ltr'>concentrici</span> <span class='ocrx_word' id='word_1_365' title='bbox 372 3483 406 3544; x_wconf 80' lang='lat' dir='ltr'>et</span> <span class='ocrx_word' id='word_1_366' title='bbox 429 3484 564 3564; x_wconf 83' lang='lat' dir='ltr'>epicycli.</span> <span class='ocrx_word' id='word_1_367' title='bbox 611 3484 656 3544; x_wconf 88' lang='lat' dir='ltr'>At</span> <span class='ocrx_word' id='word_1_368' title='bbox 679 3483 706 3544; x_wconf 91' lang='lat' dir='ltr'>si</span> <span class='ocrx_word' id='word_1_369' title='bbox 729 3484 785 3545; x_wconf 91' lang='lat' dir='ltr'>hoc</span> <span class='ocrx_word' id='word_1_370' title='bbox 810 3483 920 3558; x_wconf 88' lang='lat' dir='ltr'>facias,</span> <span class='ocrx_word' id='word_1_371' title='bbox 951 3485 1076 3563; x_wconf 90' lang='lat' dir='ltr'>planeta</span> <span class='ocrx_word' id='word_1_372' title='bbox 1107 3485 1250 3546; x_wconf 89' lang='lat' dir='ltr'>deflectet</span> <span class='ocrx_word' id='word_1_373' title='bbox 1272 3484 1310 3545; x_wconf 92' lang='lat' dir='ltr'>ab</span> <span class='ocrx_word' id='word_1_374' title='bbox 1334 3483 1432 3546; x_wconf 87' lang='lat' dir='ltr'>orbita</span> <span class='ocrx_word' id='word_1_375' title='bbox 1455 3484 1516 3545; x_wconf 90' lang='lat' dir='ltr'>cir-</span> 
     </span>
    </p>
   </div>
   <div class='ocr_carea' id='block_1_13' title="bbox 166 3569 1636 3659">
    <p class='ocr_par' dir='ltr' id='par_1_14' title="bbox 166 3569 1636 3659">
     <span class='ocr_line' id='line_1_36' title="bbox 166 3569 1636 3659; baseline 0 -24"><span class='ocrx_word' id='word_1_376' title='bbox 166 3574 259 3635; x_wconf 87' lang='lat' dir='ltr'>culari</span> <span class='ocrx_word' id='word_1_377' title='bbox 282 3592 338 3654; x_wconf 89' lang='lat' dir='ltr'>per</span> <span class='ocrx_word' id='word_1_378' title='bbox 364 3570 458 3642; x_wconf 81' lang='lat'>1300,</span> <span class='ocrx_word' id='word_1_379' title='bbox 483 3573 586 3634; x_wconf 89' lang='lat' dir='ltr'>debuit</span> <span class='ocrx_word' id='word_1_380' title='bbox 608 3573 771 3634; x_wconf 89' lang='lat' dir='ltr'>secundnm</span> <span class='ocrx_word' id='word_1_381' title='bbox 794 3573 956 3635; x_wconf 87' lang='lat' dir='ltr'>observata</span> <span class='ocrx_word' id='word_1_382' title='bbox 983 3581 1100 3635; x_wconf 85' lang='lat' dir='ltr'>tanturn</span> <span class='ocrx_word' id='word_1_383' title='bbox 1123 3592 1177 3653; x_wconf 90' lang='lat' dir='ltr'>per</span> <span class='ocrx_word' id='word_1_384' title='bbox 1200 3570 1273 3636; x_wconf 85' lang='grc'><strong>900.</strong></span> <span class='ocrx_word' id='word_1_385' title='bbox 1321 3569 1400 3642; x_wconf 82' lang='lat' dir='ltr'>Quin</span> <span class='ocrx_word' id='word_1_386' title='bbox 1423 3573 1516 3635; x_wconf 90' lang='lat' dir='ltr'>etiam</span> <span class='ocrx_word' id='word_1_387' title='bbox 1632 3652 1636 3659; x_wconf 17' lang='lat' dir='ltr'>q</span> 
     </span>
    </p>
   </div>
   <div class='ocr_carea' id='block_1_14' title="bbox 165 3659 1595 4120">
    <p class='ocr_par' dir='ltr' id='par_1_15' title="bbox 165 3659 1595 4101">
     <span class='ocr_line' id='line_1_37' title="bbox 166 3659 1515 3742; baseline 0.001 -18"><span class='ocrx_word' id='word_1_388' title='bbox 166 3664 205 3724; x_wconf 91' lang='lat' dir='ltr'>nti</span> <span class='ocrx_word' id='word_1_389' title='bbox 231 3663 261 3724; x_wconf 93' lang='lat' dir='ltr'>in</span> <span class='ocrx_word' id='word_1_390' title='bbox 287 3661 523 3742; x_wconf 87' lang='lat' dir='ltr'>longitudinibus</span> <span class='ocrx_word' id='word_1_391' title='bbox 556 3661 662 3723; x_wconf 89' lang='lat' dir='ltr'>mediis</span> <span class='ocrx_word' id='word_1_392' title='bbox 685 3670 717 3722; x_wconf 89' lang='lat' dir='ltr'>et</span> <span class='ocrx_word' id='word_1_393' title='bbox 740 3681 845 3723; x_wconf 84' lang='lat' dir='ltr'>versos</span> <span class='ocrx_word' id='word_1_394' title='bbox 878 3662 1053 3741; x_wconf 86' lang='lat' dir='ltr'>perigasum</span> <span class='ocrx_word' id='word_1_395' title='bbox 1084 3662 1191 3724; x_wconf 91' lang='lat' dir='ltr'>nimius</span> <span class='ocrx_word' id='word_1_396' title='bbox 1221 3670 1270 3727; x_wconf 86' lang='lat' dir='ltr'>est</span> <span class='ocrx_word' id='word_1_397' title='bbox 1291 3659 1371 3724; x_wconf 93' lang='lat' dir='ltr'>hic</span> <span class='ocrx_word' id='word_1_398' title='bbox 1361 3679 1515 3742; x_wconf 83' lang='lat' dir='ltr'>ingressus</span> 
     </span>
     <span class='ocr_line' id='line_1_38' title="bbox 165 3743 1514 3836; baseline -0.001 -22"><span class='ocrx_word' id='word_1_399' title='bbox 165 3753 202 3813; x_wconf 82' lang='lat' dir='ltr'>ad</span> <span class='ocrx_word' id='word_1_400' title='bbox 229 3753 350 3826; x_wconf 85' lang='lat' dir='ltr'>latera,</span> <span class='ocrx_word' id='word_1_401' title='bbox 384 3751 430 3812; x_wconf 86' lang='lat' dir='ltr'>ita</span> <span class='ocrx_word' id='word_1_402' title='bbox 457 3770 563 3813; x_wconf 74' lang='lat' dir='ltr'>versus</span> <span class='ocrx_word' id='word_1_403' title='bbox 596 3743 761 3831; x_wconf 84' lang='lat' dir='ltr'>apogaeum</span> <span class='ocrx_word' id='word_1_404' title='bbox 792 3771 849 3812; x_wconf 94' lang='lat' dir='ltr'>non</span> <span class='ocrx_word' id='word_1_405' title='bbox 879 3753 957 3813; x_wconf 90' lang='lat' dir='ltr'>satis</span> <span class='ocrx_word' id='word_1_406' title='bbox 987 3770 1114 3831; x_wconf 92' lang='lat' dir='ltr'>magnus</span> <span class='ocrx_word' id='word_1_407' title='bbox 1146 3770 1212 3812; x_wconf 91' lang='lat' dir='ltr'>esse</span> <span class='ocrx_word' id='word_1_408' title='bbox 1244 3749 1371 3814; x_wconf 89' lang='lat' dir='ltr'>videtur</span> <span class='ocrx_word' id='word_1_409' title='bbox 1427 3752 1514 3836; x_wconf 85' lang='lat' dir='ltr'>Unde</span> 
     </span>
     <span class='ocr_line' id='line_1_39' title="bbox 166 3829 1570 3944; baseline 0.002 -44"><span class='ocrx_word' id='word_1_410' title='bbox 166 3842 285 3904; x_wconf 88' lang='lat' dir='ltr'>videtur</span> <span class='ocrx_word' id='word_1_411' title='bbox 309 3841 403 3921; x_wconf 90' lang='lat' dir='ltr'>sequi,</span> <span class='ocrx_word' id='word_1_412' title='bbox 428 3839 527 3920; x_wconf 91' lang='lat' dir='ltr'>ipsum</span> <span class='ocrx_word' id='word_1_413' title='bbox 551 3841 714 3922; x_wconf 88' lang='lat' dir='ltr'>epicyclum</span> <span class='ocrx_word' id='word_1_414' title='bbox 737 3861 796 3902; x_wconf 89' lang='lat' dir='ltr'>non</span> <span class='ocrx_word' id='word_1_415' title='bbox 820 3842 938 3902; x_wconf 93' lang='lat' dir='ltr'>omnino</span> <span class='ocrx_word' id='word_1_416' title='bbox 966 3841 1153 3944; x_wconf 82' lang='lat' dir='ltr'>aequabilem</span> <span class='ocrx_word' id='word_1_417' title='bbox 1176 3857 1262 3901; x_wconf 87' lang='lat' dir='ltr'>esse:</span> <span class='ocrx_word' id='word_1_418' title='bbox 1295 3858 1392 3923; x_wconf 90' lang='lat' dir='ltr'>neque</span> <span class='ocrx_word' id='word_1_419' title='bbox 1411 3829 1514 3903; x_wconf 79' lang='lat' dir='ltr'>&#39;tamen</span> <span class='ocrx_word' id='word_1_420' title='bbox 1568 3861 1570 3864; x_wconf 69' lang='grc'>’</span> 
     </span>
     <span class='ocr_line' id='line_1_40' title="bbox 166 3928 1515 4013; baseline 0.001 -22"><span class='ocrx_word' id='word_1_421' title='bbox 166 3930 193 3992; x_wconf 95' lang='lat' dir='ltr'>in</span> <span class='ocrx_word' id='word_1_422' title='bbox 216 3939 320 3994; x_wconf 78' lang='lat' dir='ltr'>motas</span> <span class='ocrx_word' id='word_1_423' title='bbox 349 3929 565 4011; x_wconf 84' lang='lat' dir='ltr'>inaequalitate</span> <span class='ocrx_word' id='word_1_424' title='bbox 599 3949 665 3991; x_wconf 92' lang='lat' dir='ltr'>cum</span> <span class='ocrx_word' id='word_1_425' title='bbox 698 3931 887 3992; x_wconf 90' lang='lat' dir='ltr'>concentrico</span> <span class='ocrx_word' id='word_1_426' title='bbox 915 3931 1104 4005; x_wconf 90' lang='lat' dir='ltr'>convenire,</span> <span class='ocrx_word' id='word_1_427' title='bbox 1110 3928 1175 3989; x_wconf 90' lang='lat' dir='ltr'>sed</span> <span class='ocrx_word' id='word_1_428' title='bbox 1197 3928 1306 4013; x_wconf 84' lang='lat' dir='ltr'>exiguo</span> <span class='ocrx_word' id='word_1_429' title='bbox 1337 3929 1515 3993; x_wconf 89' lang='lat' dir='ltr'>velociorem</span> 
     </span>
     <span class='ocr_line' id='line_1_41' title="bbox 167 4018 1595 4120; baseline 0 -40"><span class='ocrx_word' id='word_1_430' title='bbox 167 4019 237 4095; x_wconf 86' lang='lat' dir='ltr'>lieri,</span> <span class='ocrx_word' id='word_1_431' title='bbox 261 4021 466 4101; x_wconf 77' lang='lat' dir='ltr'>planctatam</span> <span class='ocrx_word' id='word_1_432' title='bbox 480 4019 561 4080; x_wconf 90' lang='lat' dir='ltr'>circa</span> <span class='ocrx_word' id='word_1_433' title='bbox 575 4037 742 4120; x_wconf 82' lang='lat' dir='ltr'>apogaeum</span> <span class='ocrx_word' id='word_1_434' title='bbox 758 4018 953 4100; x_wconf 88' lang='lat' dir='ltr'>epicycllcum</span> <span class='ocrx_word' id='word_1_435' title='bbox 968 4026 1117 4092; x_wconf 87' lang='lat' dir='ltr'>versante,</span> <span class='ocrx_word' id='word_1_436' title='bbox 1140 4018 1323 4098; x_wconf 77' lang='lat' dir='ltr'>quam‘circa</span> <span class='ocrx_word' id='word_1_437' title='bbox 1341 4019 1513 4101; x_wconf 87' lang='lat' dir='ltr'>perigaeum</span> <span class='ocrx_word' id='word_1_438' title='bbox 1591 4050 1595 4062; x_wconf 92' lang='lat'>·</span> 
     </span>
    </p>
   </div>
   <div class='ocr_carea' id='block_1_15' title="bbox 168 4083 1638 4213">
    <p class='ocr_par' dir='ltr' id='par_1_16' title="bbox 168 4083 1638 4213">
     <span class='ocr_line' id='line_1_42' title="bbox 168 4083 1638 4213; baseline 0.001 -44"><span class='ocrx_word' id='word_1_439' title='bbox 168 4109 360 4213; x_wconf 81' lang='lat' dir='ltr'>epieyclicum</span> <span class='ocrx_word' id='word_1_440' title='bbox 384 4109 510 4183; x_wconf 83' lang='lat' dir='ltr'>(idest,</span> <span class='ocrx_word' id='word_1_441' title='bbox 536 4107 645 4170; x_wconf 85' lang='lat' dir='ltr'>lineum</span> <span class='ocrx_word' id='word_1_442' title='bbox 668 4109 731 4169; x_wconf 89' lang='lat' dir='ltr'>veri</span> <span class='ocrx_word' id='word_1_443' title='bbox 751 4110 877 4187; x_wconf 85' lang='lat' dir='ltr'>apogaei</span> <span class='ocrx_word' id='word_1_444' title='bbox 896 4108 1055 4190; x_wconf 82' lang='lat' dir='ltr'>epicyclici</span> <span class='ocrx_word' id='word_1_445' title='bbox 1073 4105 1162 4187; x_wconf 89' lang='lat' dir='ltr'>paulo</span> <span class='ocrx_word' id='word_1_446' title='bbox 1177 4107 1248 4168; x_wconf 88' lang='lat' dir='ltr'>sub</span> <span class='ocrx_word' id='word_1_447' title='bbox 1256 4115 1359 4169; x_wconf 91' lang='lat' dir='ltr'>centro</span> <span class='ocrx_word' id='word_1_448' title='bbox 1382 4128 1513 4172; x_wconf 90' lang='lat' dir='ltr'>concen-</span> <span class='ocrx_word' id='word_1_449' title='bbox 1571 4110 1593 4150; x_wconf 84' lang='grc'>-’</span> <span class='ocrx_word' id='word_1_450' title='bbox 1634 4083 1638 4092; x_wconf 75' lang='lat'>.</span> 
     </span>
    </p>
   </div>
   <div class='ocr_carea' id='block_1_16' title="bbox 168 4193 1513 4905">
    <p class='ocr_par' dir='ltr' id='par_1_17' title="bbox 168 4193 1512 4369">
     <span class='ocr_line' id='line_1_43' title="bbox 168 4193 1512 4309; baseline -0.001 -48"><span class='ocrx_word' id='word_1_451' title='bbox 168 4199 233 4261; x_wconf 89' lang='lat' dir='ltr'>trici</span> <span class='ocrx_word' id='word_1_452' title='bbox 256 4218 326 4262; x_wconf 88' lang='lat' dir='ltr'>esse</span> <span class='ocrx_word' id='word_1_453' title='bbox 349 4199 379 4261; x_wconf 92' lang='lat' dir='ltr'>in</span> <span class='ocrx_word' id='word_1_454' title='bbox 404 4216 550 4278; x_wconf 88' lang='lat' dir='ltr'>apogaeo‚</span> <span class='ocrx_word' id='word_1_455' title='bbox 573 4216 665 4277; x_wconf 90' lang='lat' dir='ltr'>supra</span> <span class='ocrx_word' id='word_1_456' title='bbox 687 4196 792 4259; x_wconf 92' lang='lat' dir='ltr'>illud</span> <span class='ocrx_word' id='word_1_457' title='bbox 784 4217 814 4259; x_wconf 91' lang='grc' dir='ltr'>ιιι</span> <span class='ocrx_word' id='word_1_458' title='bbox 838 4199 1015 4278; x_wconf 89' lang='lat' dir='ltr'>perigae0)·</span> <span class='ocrx_word' id='word_1_459' title='bbox 981 4193 1121 4272; x_wconf 76' lang='lat' dir='ltr'>)i&#39;tlem</span> <span class='ocrx_word' id='word_1_460' title='bbox 1146 4196 1247 4291; x_wconf 84' lang='lat' dir='ltr'>Tycho</span> <span class='ocrx_word' id='word_1_461' title='bbox 1270 4196 1374 4259; x_wconf 86' lang='lat' dir='ltr'>Lunae</span> <span class='ocrx_word' id='word_1_462' title='bbox 1399 4198 1512 4309; x_wconf 90' lang='lat' dir='ltr'>tribuit,</span> 
     </span>
     <span class='ocr_line' id='line_1_44' title="bbox 168 4286 1084 4369; baseline -0.002 -21"><span class='ocrx_word' id='word_1_463' title='bbox 168 4298 198 4349; x_wconf 92' lang='lat' dir='ltr'>ut</span> <span class='ocrx_word' id='word_1_464' title='bbox 220 4289 263 4350; x_wconf 86' lang='lat' dir='ltr'>sit</span> <span class='ocrx_word' id='word_1_465' title='bbox 285 4288 375 4351; x_wconf 87' lang='lat' dir='ltr'>velox</span> <span class='ocrx_word' id='word_1_466' title='bbox 398 4287 507 4350; x_wconf 83' lang='lat' dir='ltr'>ceteris</span> <span class='ocrx_word' id='word_1_467' title='bbox 530 4287 663 4367; x_wconf 89' lang='lat' dir='ltr'>paribus,</span> <span class='ocrx_word' id='word_1_468' title='bbox 686 4294 749 4347; x_wconf 88' lang='lat' dir='ltr'>tam</span> <span class='ocrx_word' id='word_1_469' title='bbox 773 4286 801 4348; x_wconf 93' lang='lat' dir='ltr'>in</span> <span class='ocrx_word' id='word_1_470' title='bbox 827 4290 857 4364; x_wconf 64' lang='grc' dir='ltr'><em>ό</em></span> <span class='ocrx_word' id='word_1_471' title='bbox 881 4307 968 4369; x_wconf 85' lang='lat' dir='ltr'>quam</span> <span class='ocrx_word' id='word_1_472' title='bbox 991 4287 1022 4347; x_wconf 97' lang='lat' dir='ltr'>in</span> <span class='ocrx_word' id='word_1_473' title='bbox 1046 4289 1084 4357; x_wconf 81' lang='lat'>0⁰.</span> 
     </span>
    </p>

    <p class='ocr_par' dir='ltr' id='par_1_18' title="bbox 168 4351 1513 4905">
     <span class='ocr_line' id='line_1_45' title="bbox 254 4351 1512 4456; baseline -0.005 -16"><span class='ocrx_word' id='word_1_474' title='bbox 254 4378 438 4440; x_wconf 76' lang='lat' dir='ltr'>Tabularum</span> <span class='ocrx_word' id='word_1_475' title='bbox 461 4377 610 4438; x_wconf 88' lang='lat' dir='ltr'>rationem</span> <span class='ocrx_word' id='word_1_476' title='bbox 629 4377 696 4456; x_wconf 90' lang='lat' dir='ltr'>jam</span> <span class='ocrx_word' id='word_1_477' title='bbox 718 4376 800 4438; x_wconf 85' lang='lat' dir='ltr'>inivi.</span> <span class='ocrx_word' id='word_1_478' title='bbox 847 4376 953 4438; x_wconf 89' lang='lat' dir='ltr'>Habeo</span> <span class='ocrx_word' id='word_1_479' title='bbox 976 4376 1086 4438; x_wconf 86' lang='lat' dir='ltr'>Martis</span> <span class='ocrx_word' id='word_1_480' title='bbox 1109 4373 1240 4449; x_wconf 86' lang='lat' dir='ltr'>tabulas,</span> <span class='ocrx_word' id='word_1_481' title='bbox 1265 4351 1431 4454; x_wconf 87' lang='lat' dir='ltr'>exquibus</span> <span class='ocrx_word' id='word_1_482' title='bbox 1454 4393 1512 4434; x_wconf 93' lang='lat' dir='ltr'>uno</span> 
     </span>
     <span class='ocr_line' id='line_1_46' title="bbox 168 4463 1513 4548; baseline -0.003 -20"><span class='ocrx_word' id='word_1_483' title='bbox 168 4467 212 4529; x_wconf 88' lang='lat' dir='ltr'>die</span> <span class='ocrx_word' id='word_1_484' title='bbox 237 4467 433 4548; x_wconf 86' lang='lat' dir='ltr'>ephemerida</span> <span class='ocrx_word' id='word_1_485' title='bbox 455 4464 575 4528; x_wconf 89' lang='lat' dir='ltr'>conficit</span> <span class='ocrx_word' id='word_1_486' title='bbox 597 4466 726 4545; x_wconf 88' lang='lat' dir='ltr'>diligens</span> <span class='ocrx_word' id='word_1_487' title='bbox 749 4466 873 4546; x_wconf 87' lang='lat' dir='ltr'>aliquis,</span> <span class='ocrx_word' id='word_1_488' title='bbox 904 4483 1029 4546; x_wconf 91' lang='lat' dir='ltr'>eamque</span> <span class='ocrx_word' id='word_1_489' title='bbox 1052 4466 1092 4527; x_wconf 90' lang='lat' dir='ltr'>ad</span> <span class='ocrx_word' id='word_1_490' title='bbox 1115 4464 1180 4527; x_wconf 87' lang='lat' dir='ltr'>dies</span> <span class='ocrx_word' id='word_1_491' title='bbox 1204 4464 1296 4526; x_wconf 90' lang='lat' dir='ltr'>denos</span> <span class='ocrx_word' id='word_1_492' title='bbox 1324 4463 1410 4525; x_wconf 92' lang='lat' dir='ltr'>nnius</span> <span class='ocrx_word' id='word_1_493' title='bbox 1433 4463 1513 4526; x_wconf 90' lang='lat' dir='ltr'>anni.</span> 
     </span>
     <span class='ocr_line' id='line_1_47' title="bbox 168 4553 1513 4634; baseline -0.003 -17"><span class='ocrx_word' id='word_1_494' title='bbox 168 4554 230 4619; x_wconf 81' lang='lat' dir='ltr'>Nec</span> <span class='ocrx_word' id='word_1_495' title='bbox 252 4558 331 4619; x_wconf 88' lang='lat' dir='ltr'>finnt</span> <span class='ocrx_word' id='word_1_496' title='bbox 353 4555 474 4618; x_wconf 88' lang='lat' dir='ltr'>inutiles</span> <span class='ocrx_word' id='word_1_497' title='bbox 497 4554 582 4615; x_wconf 89' lang='lat' dir='ltr'>novis</span> <span class='ocrx_word' id='word_1_498' title='bbox 606 4555 854 4624; x_wconf 88' lang='lat' dir='ltr'>correctionibus,</span> <span class='ocrx_word' id='word_1_499' title='bbox 877 4562 996 4634; x_wconf 83' lang='lat' dir='ltr'>praeter</span> <span class='ocrx_word' id='word_1_500' title='bbox 1018 4573 1109 4618; x_wconf 90' lang='lat' dir='ltr'>unam</span> <span class='ocrx_word' id='word_1_501' title='bbox 1131 4553 1360 4614; x_wconf 83' lang='lat' dir='ltr'>distantiarum:</span> <span class='ocrx_word' id='word_1_502' title='bbox 1394 4559 1513 4614; x_wconf 85' lang='lat' dir='ltr'>ceterae</span> 
     </span>
     <span class='ocr_line' id='line_1_48' title="bbox 170 4640 1512 4727; baseline -0.002 -23"><span class='ocrx_word' id='word_1_503' title='bbox 170 4653 238 4708; x_wconf 92' lang='lat' dir='ltr'>sunt</span> <span class='ocrx_word' id='word_1_504' title='bbox 259 4646 427 4727; x_wconf 86' lang='lat' dir='ltr'>generales.</span> <span class='ocrx_word' id='word_1_505' title='bbox 458 4643 671 4718; x_wconf 89' lang='lat' dir='ltr'>Parallactica,</span> <span class='ocrx_word' id='word_1_506' title='bbox 696 4665 771 4726; x_wconf 91' lang='lat' dir='ltr'>quae</span> <span class='ocrx_word' id='word_1_507' title='bbox 795 4645 824 4705; x_wconf 91' lang='lat' dir='ltr'>in</span> <span class='ocrx_word' id='word_1_508' title='bbox 848 4642 967 4723; x_wconf 85' lang='lat' dir='ltr'>Optiois</span> <span class='ocrx_word' id='word_1_509' title='bbox 991 4651 1049 4718; x_wconf 90' lang='lat' dir='ltr'>est,</span> <span class='ocrx_word' id='word_1_510' title='bbox 1073 4665 1132 4707; x_wconf 89' lang='lat' dir='ltr'>una</span> <span class='ocrx_word' id='word_1_511' title='bbox 1156 4642 1256 4706; x_wconf 85' lang='lat' dir='ltr'>salvat</span> <span class='ocrx_word' id='word_1_512' title='bbox 1279 4660 1381 4703; x_wconf 92' lang='lat' dir='ltr'>omnes</span> <span class='ocrx_word' id='word_1_513' title='bbox 1404 4640 1512 4710; x_wconf 86' lang='lat' dir='ltr'>latitu-</span> 
     </span>
     <span class='ocr_line' id='line_1_49' title="bbox 170 4730 1512 4815; baseline -0.004 -17"><span class='ocrx_word' id='word_1_514' title='bbox 170 4734 261 4809; x_wconf 83' lang='lat' dir='ltr'>dines,</span> <span class='ocrx_word' id='word_1_515' title='bbox 287 4734 352 4797; x_wconf 86' lang='lat' dir='ltr'>sine</span> <span class='ocrx_word' id='word_1_516' title='bbox 374 4735 437 4796; x_wconf 86' lang='lat' dir='ltr'>nlla</span> <span class='ocrx_word' id='word_1_517' title='bbox 460 4734 691 4812; x_wconf 87' lang='lat' dir='ltr'>computatione,</span> <span class='ocrx_word' id='word_1_518' title='bbox 717 4752 770 4813; x_wconf 93' lang='lat' dir='ltr'>per</span> <span class='ocrx_word' id='word_1_519' title='bbox 792 4732 987 4795; x_wconf 89' lang='lat' dir='ltr'>nudissimam</span> <span class='ocrx_word' id='word_1_520' title='bbox 1011 4732 1241 4815; x_wconf 84' lang='lat' dir='ltr'>excerptionem.</span> <span class='ocrx_word' id='word_1_521' title='bbox 1281 4730 1358 4792; x_wconf 93' lang='lat' dir='ltr'>Puto</span> <span class='ocrx_word' id='word_1_522' title='bbox 1383 4749 1429 4791; x_wconf 90' lang='lat' dir='ltr'>me</span> <span class='ocrx_word' id='word_1_523' title='bbox 1452 4731 1512 4792; x_wconf 90' lang='lat' dir='ltr'>ali-</span> 
     </span>
     <span class='ocr_line' id='line_1_50' title="bbox 171 4819 1511 4905; baseline -0.004 -19"><span class='ocrx_word' id='word_1_524' title='bbox 171 4825 238 4905; x_wconf 87' lang='lat' dir='ltr'>quid</span> <span class='ocrx_word' id='word_1_525' title='bbox 261 4832 475 4898; x_wconf 86' lang='lat' dir='ltr'>consecutum;</span> <span class='ocrx_word' id='word_1_526' title='bbox 507 4832 540 4884; x_wconf 86' lang='lat' dir='ltr'>st</span> <span class='ocrx_word' id='word_1_527' title='bbox 568 4842 635 4885; x_wconf 91' lang='lat' dir='ltr'>cum</span> <span class='ocrx_word' id='word_1_528' title='bbox 665 4823 813 4886; x_wconf 89' lang='lat' dir='ltr'>interdum</span> <span class='ocrx_word' id='word_1_529' title='bbox 844 4823 880 4884; x_wconf 89' lang='lat' dir='ltr'>de</span> <span class='ocrx_word' id='word_1_530' title='bbox 913 4823 1084 4886; x_wconf 87' lang='lat' dir='ltr'>valetudine</span> <span class='ocrx_word' id='word_1_531' title='bbox 1112 4840 1224 4904; x_wconf 87' lang='lat' dir='ltr'>angar,</span> <span class='ocrx_word' id='word_1_532' title='bbox 1258 4819 1412 4882; x_wconf 87' lang='lat' dir='ltr'>consilium</span> <span class='ocrx_word' id='word_1_533' title='bbox 1436 4820 1511 4903; x_wconf 91' lang='lat' dir='ltr'>cepi,</span> 
     </span>
    </p>
   </div>
   <div class='ocr_carea' id='block_1_17' title="bbox 0 0 1685 5504">
    <p class='ocr_par' dir='ltr' id='par_1_19' title="bbox 0 0 1685 5504">
     <span class='ocr_line' id='line_1_51' title="bbox 0 0 1685 5504; baseline 0 0"><span class='ocrx_word' id='word_1_534' title='bbox 0 0 1685 5504; x_wconf 95' lang='lat' dir='ltr'> </span> 
     </span>
    </p>
   </div>
  </div>
 </body>
</html>
