3354 5504
442 310 474 360 de
491 306 678 360 Commentariis
697 307 728 357 de
745 314 812 358 motu
830 307 918 359 stellae
936 307 1036 374 hiemis.
1370 304 1412 374 65

54 482 116 552 23·
146 487 321 549 anomaliae
350 487 468 549 accidet
497 494 529 547 ct
560 487 639 548 circa
666 481 734 562 68⁰,
767 488 903 569 partibus
935 488 1098 552 sedenibus.
1155 487 1200 550 At
1231 487 1260 548 iu
1291 487 1428 550 tantillo

56 577 159 660 spatio
183 577 276 658 plane
301 577 505 639 insensibilem
519 575 730 638 'deviationem
755 597 831 653 esse,
856 597 979 639 necesse
1004 586 1067 651 est;
1091 596 1145 638 nec
1176 577 1253 639 euim
1276 576 1312 638 dc
1327 577 1413 640 unius

56 666 165 731 minuti
191 666 365 728 differentia
389 674 458 728 aute
482 673 513 727 et
536 673 606 744 post
629 676 794 745 apogaeum
816 667 845 728 in
869 667 969 729 Marte
993 667 1182 729 contendam.
1228 665 1313 727 Haec
1341 685 1411 745 ergo

55 776 152 819 musa
176 763 237 829 est,
262 775 316 816 cur
339 756 418 817 falsa
441 755 599 837 hypothesi
622 756 716 817 vicem
740 776 828 818 verae
853 757 990 836 supplere
1014 775 1167 836 queamus.
1208 756 1253 817 De
1273 755 1340 835 ipsa
1362 756 1412 818 via

56 845 307 923 investigationis
331 844 539 907 existimabam
563 852 592 906 te
617 864 653 906 ex
677 846 840 908 schematis
864 847 1061 925 explicatione
1076 845 1233 908 certiorem
1251 843 1410 908 redditum.

60 936 235 998 Artificium
259 953 320 996 non
344 941 391 997 est
421 935 498 1015 quod
528 954 566 996 ex
594 933 790 997 arithmeticis
819 935 893 996 disci
921 935 1033 1015 possit,
1065 934 1119 997 sed
1151 935 1236 996 labor
1264 933 1413 996 immanis.

60 1024 253 1096 Quadratam
279 1024 387 1085 falsam
419 1024 486 1085 dico
519 1024 652 1103 regulam
676 1029 765 1096 (comp.
785 1050 808 1097 p.
832 1031 898 1096 aa),
933 1025 1002 1105 quia
1034 1024 1060 1085 si
1092 1031 1139 1084 ter
1171 1024 1352 1104 operandum
1385 1025 1415 1086 iu

59 1115 189 1194 simplici
215 1114 322 1192 regula
345 1112 423 1187 salsi,
449 1113 495 1174 hic
519 1113 622 1175 novies
643 1113 704 1174 fere
719 1114 921 1194 operabimur:
948 1114 974 1174 si
990 1113 1052 1176 illic
1068 1120 1183 1194 quater,
1206 1113 1255 1174 hic
1269 1112 1414 1176 sedecies.

61 1205 162 1266 Datur
180 1202 259 1264 mihi
283 1209 349 1263 tota
372 1203 526 1272 diameter,
551 1221 629 1282 pono
653 1221 769 1282 semper
797 1223 862 1265 eam
894 1223 960 1264 esse
990 1201 1100 1267 10000
1121 1203 1171 1265 vel
1194 1197 1304 1266 20000
1326 1210 1416 1282 prout

61 1293 230 1374 placuerit3
264 1292 372 1352 dautur
395 1292 495 1371 anguli
519 1311 585 1353 cum
608 1292 688 1353 circa
711 1300 845 1355 centrum
879 1293 1036 1373 aequantia
1074 1299 1136 1354 tum
1170 1291 1250 1352 circa
1281 1299 1415 1354 centrum

61 1383 160 1444 mundi
186 1399 241 1442 scu
257 1378 369 1443 Solem.
409 1381 456 1443 llli
482 1383 591 1443 dautur
612 1401 650 1443 ex
673 1381 848 1444 differentiis
868 1390 1042 1462 temporum,
1067 1382 1173 1461 quibus
1197 1382 1313 1443 distant
1337 1399 1413 1461 qua·

60 1480 166 1535 ternae
191 1471 438 1542 observationes3
471 1471 500 1532 hi
528 1470 565 1531 ex'
593 1471 768 1540 differentiis
797 1471 928 1534 locorum
958 1472 987 1532 iu
1013 1471 1118 1551 quibus
1141 1470 1226 1531 Mars
1249 1477 1298 1531 est
1320 1470 1413 1532 visus.

63 1560 192 1641 Oportet
216 1560 378 1621 observare
403 1561 459 1622 has
484 1560 566 1640 leges
590 1560 675 1634 (nam
697 1560 727 1621 in
751 1563 855 1640 regula
878 1561 947 1622 falsi
961 1567 1130 1622 tractantur
1145 1559 1282 1638 exempla
1296 1577 1416 1638 semper

63 1650 225 1712 secundum
244 1649 362 1728 aliquas
385 1651 500 1728 leges),
533 1657 566 1710 ut
591 1657 725 1710 tueamur
748 1646 769 1712 l
794 1650 861 1713 loca
882 1649 911 1710 iu
935 1669 994 1712 uno
1024 1668 1092 1710 esse
1123 1649 1246 1722 circulo,
1277 1648 1414 1730 quamvis

62 1740 112 1801 boc
136 1759 197 1800 nou
223 1739 337 1799 veritas
362 1739 414 1798 sed
438 1738 614 1820 hypothesis
638 1747 742 1801 nostra
765 1740 874 1820 exigit;
905 1747 936 1799 et
965 1739 1052 1800 simul
1080 1746 1114 1800 ut
1142 1745 1275 1800 centrum
1305 1755 1412 1800 eccen-

64 1829 125 1890 trici
164 1827 221 1889 tali
245 1827 429 1906 proportioni
454 1828 594 1889 sufficiat.
642 1828 741 1888 Primo
764 1847 842 1908 pono
867 1827 1083 1907 longitudinem
1115 1828 1245 1914 aliquam
1275 1826 1411 1899 mediam,

64 1936 137 1998 poue
153 1919 229 1979 item
244 1935 410 1996 apogaeum
427 1917 556 1998 aliquod.
594 1916 644 1977 Ita
659 1918 761 1978 statim
781 1918 864 1979 initio
886 1917 961 1979 facio
978 1916 998 1979 2
1014 1917 1187 1997 positiones,
1208 1917 1262 1978 sed
1277 1917 1413 1979 examino

65 2001 128 2069 illas
160 2006 301 2067 seorsim.
352 2006 464 2067 Positis
498 2007 543 2067 bis
574 2005 688 2067 duobus
718 2007 823 2069 statim
850 2007 984 2087 sequitur
1012 2007 1168 2087 quantitas
1199 2005 1350 2067 radiorum
1382 2006 1412 2068 iu

67 2095 225 2176 triangulis
250 2115 340 2175 super
362 2095 586 2157 eccentricitate
606 2114 681 2157 mea.
720 2096 762 2157 Et
776 2107 846 2157 tunc
861 2096 988 2157 habetur
1004 2096 1252 2176 quadrilaterum
1277 2095 1413 2156 examino

65 2186 120 2265 ejus
145 2185 306 2265 oppositos
330 2184 464 2263 angulos,
491 2205 528 2245 au
553 2185 674 2245 valeant
697 2183 717 2246 2
742 2194 856 2260 rectos;
880 2185 906 2247 si
925 2205 998 2258 non,
1022 2193 1104 2246 muto
1129 2185 1295 2263 apogaeum
1319 2191 1350 2245 et
1374 2185 1412 2246 ab

65 2275 142 2336 initio
168 2293 233 2335 rem
258 2283 362 2352 repeto
385 2282 525 2335 manente
549 2274 666 2335 iuterim
691 2275 875 2353 longitudine
899 2274 1007 2336 media.
1045 2274 1081 2336 ld
1100 2275 1192 2335 toties
1207 2272 1295 2347 faeie,
1320 2273 1414 2336 donec

67 2364 299 2444 quadrilaterum
323 2363 364 2424 sit
387 2363 416 2424 iu
441 2363 558 2424 circulo.
605 2362 697 2426 Ena
720 2365 834 2426 uicibus
849 2366 875 2426 si
890 2372 971 2426 recte
991 2362 1046 2424 sim
1064 2370 1206 2442 operatus
1221 2364 1305 2436 (nam
1322 2363 1415 2442 longa

66 2462 106 2515 est
129 2452 286 2537 operatio)
311 2453 416 2514 statim
441 2461 576 2532 apparet,
602 2473 638 2513 au
664 2453 740 2514 radii
764 2454 907 2516 terminus
931 2452 1022 2514 cadat
1045 2461 1132 2514 extra
1154 2452 1263 2514 lineam
1287 2453 1414 2533 apogaei
1531 2490 1534 2497 ·

64 2543 208 2622 positam3
233 2542 260 2604 si
283 2542 351 2611 hoc,
374 2549 455 2603 muto
478 2560 548 2621 ergo
563 2542 779 2622 longitudinem
794 2543 923 2605 mediam
938 2551 1086 2623 utcunque
1111 2550 1142 2603 et
1156 2542 1194 2603 ad
1211 2561 1414 2622 quamcunque

65 2632 259 2694 mutationem
283 2639 387 2711 repeto
412 2631 511 2693 omnia
534 2631 601 2705 illa,
629 2650 705 2712 quae
729 2631 865 2712 superius
890 2633 929 2694 ab
952 2630 1034 2694 initio
1066 2631 1212 2693 hacteuus
1240 2639 1311 2693 sunt
1333 2631 1414 2694 dicta

65 2739 238 2802 semperque
262 2739 343 2795 curo,
367 2728 401 2781 ut
424 2719 658 2800 quadrilaterum
683 2722 776 2783 sitin
801 2722 920 2783 circulo.
959 2720 1093 2781 Tandem
1111 2738 1193 2800 ergo,
1213 2720 1263 2783 ubi
1278 2720 1342 2801 jam
1362 2740 1413 2800 per

65 2808 309 2890 elongitudines
332 2809 453 2871 medias
482 2827 600 2889 semper
626 2805 647 2871 l
679 2812 786 2874 loca
777 2831 807 2872 ru
831 2811 941 2873 circulo
965 2807 1136 2890 repererim,
1168 2819 1308 2890 apparet,
1343 2811 1413 2891 quid

66 2900 188 2980 amplius
213 2899 252 2959 de
282 2897 467 2978 longitudine
491 2900 591 2961 media
614 2900 656 2960 sit
678 2900 854 3003 faciendum,
878 2908 914 2962 ut
936 2908 1071 2962 centrum
1093 2898 1212 2980 penitus
1231 2899 1414 2963 cadatiuter

68 2987 231 3070 treliqua.
305 3026 309 3031 -

144 3079 233 3140 Haec
257 3076 313 3138 tibi
336 3076 397 3137 sint
426 3076 633 3138 instructionis
665 3079 745 3154 loco;
773 3079 803 3141 in
833 3078 890 3140 fine
919 3077 1028 3140 addam
1059 3077 1234 3158 exemplum.
1279 3075 1349 3139 Jam
1371 3077 1411 3139 ad

66 3167 128 3232 alia}
166 3167 237 3229 Nou
232 3174 350 3265 putas
373 3165 446 3227 mihi
467 3167 601 3228 sufficere
621 3184 740 3241 causas,
764 3188 816 3230 cur
837 3186 891 3247 pro
915 3164 1109 3230 medioSolie
1132 3167 1198 3228 loco
1221 3185 1331 3239 verum,
1355 3185 1408 3246 pro

67 3275 262 3338 apogaeo-
232 3237 436 3336 aphelium
460 3256 678 3321 comminiscar.
723 3259 819 3321 Audi:
843 3257 898 3319 illa
920 3253 951 3320 δ’
975 3266 1045 3319 suut
1068 3264 1274 3337 argumentum
1296 3272 1408 3336 parvae

65 3346 88 3407 in
108 3348 220 3410 ellectu
244 3343 429 3408 differentiae
448 3344 668 3427 hypothesium,
693 3347 770 3428 quod
788 3347 920 3408 visiones
937 3347 1055 3426 quidem
1071 3345 1267 3427 acrouychias
1282 3344 1408 3419 attinet,

67 3445 91 3496 et
109 3436 265 3509 iudicium,
291 3434 368 3515 quod
392 3454 423 3496 re
443 3453 515 3495 vera
530 3435 642 3514 aliquid
667 3438 813 3510 differant,
839 3456 896 3498 non
920 3454 990 3498 vere
1015 3444 1085 3498 sunt
1107 3435 1178 3497 mihi
1194 3452 1408 3495 causauuva·

66 3525 147 3588 honis
171 3524 328 3605 primaria.
374 3523 475 3585 Prima
499 3524 570 3585 mihi
593 3544 686 3587 causa
708 3527 764 3588 hoc
780 3526 908 3587 audendi
925 3526 1091 3606 speculatio
1105 3543 1180 3597 mea,
1206 3523 1242 3584 de
1267 3541 1325 3604 qua
1340 3522 1407 3584 vide

68 3615 194 3678 tabulam
218 3612 374 3675 Maestliui
397 3613 426 3675 in
451 3613 598 3695 Mysterio
620 3634 695 3678 meo.
742 3614 811 3677 Jam
835 3616 909 3677 haee
942 3623 990 3676 est
1013 3616 1077 3677 ausi
1100 3610 1292 3682 confirmatio,
1318 3613 1407 3692 quod,

66 3721 120 3768 cum
143 3704 289 3766 differant
304 3703 485 3784 hypotheses
503 3722 557 3783 per
571 3699 612 3774 θ’,
636 3725 704 3767 mea
718 3724 853 3767 verarum
867 3705 1087 3785 oppositionum
1102 3699 1276 3784 hypothesis
1291 3709 1409 3765 tantum

66 3810 111 3856 non
135 3800 228 3866 erret,
253 3792 312 3854 imo
336 3793 473 3872 nuspiam
495 3794 575 3854 ultra
601 3788 655 3875 1¹1,
682 3796 729 3857 vel
750 3793 792 3856 2‘.
831 3795 934 3856 Tertia
949 3803 981 3855 et
994 3793 1117 3855 evidens
1132 3809 1224 3852 causa
1238 3809 1292 3854 seu
1306 3792 1406 3872 potius

66 3882 261 3956 confirmatio,
288 3882 364 3962 quod
386 3899 472 3942 meae
497 3882 534 3942 ab
559 3885 676 3963 aphelio
700 3903 757 3945 uon
782 3884 819 3945 ab
845 3902 978 3963 apogaeo
1003 3882 1148 3942 deductae
1172 3880 1337 3943 distantiae
1361 3882 1405 3954 (in

67 3991 126 4035 nera
149 3972 328 4053 hypothesi)
351 3971 555 4073 parallaxibus
580 3973 685 4057 aprinis
709 3974 803 4036 satist
801 3974 910 4035 sciant.
958 3972 1003 4032 At
1024 3969 1178 4071 utriusque
1201 3970 1406 4051 hypotheseos

67 4059 223 4125 dismntiae
245 4061 371 4123 multum
393 4060 581 4123 abinvicem
605 4063 753 4125 differunt.
799 4062 868 4124 Jam
894 4068 926 4124 tu
949 4060 1019 4124 mihi
1044 4057 1161 4121 conaris
1184 4055 1292 4123 iiiat‘
1317 4060 1404 4122 dilic-
1502 4077 1506 4084 ·

66 4153 171 4214 tentiae
195 4150 329 4230 stipem
342 4158 383 4212 'te
408 4150 503 4212 miuus
526 4151 658 4213 iuvenire
683 4173 701 4213 a
724 4151 917 4235 Tyehoniaua
939 4148 1100 4232 hypothesi
1121 4149 1275 4211 discedere
1298 4150 1404 4211 obser-

68 4243 203 4304 tationes.
252 4239 338 4319 Nego
361 4248 393 4300 te
417 4239 513 4301 hoc
504 4242 664 4304 iuvenisse
710 4242 796 4321 Nego
830 4240 1007 4322 hypothesin
1038 4239 1187 4321 Tyehonis
1219 4239 1300 4311 intra
1331 4232 1405 4319 ¹¹2⁴!

68 4332 236 4394 assentire.
275 4329 353 4391 Nam
376 4326 471 4408 primo
491 4329 660 4406 satoriam
684 4338 818 4411 tempore
841 4330 945 4391 horam
960 4340 991 4389 et
1006 4330 1134 4409 amplius
1157 4327 1268 4408 aliquid
1287 4328 1402 4390 deesse.
1431 4395 1436 4407 ,

68 4420 129 4481 it·
120 4441 151 4483 ιιι
175 4438 238 4482 una
260 4416 335 4480 hora
359 4418 597 4500 appropinquant
620 4421 677 4482 sibi
699 4422 775 4483 haec
799 4419 898 4481 sidera
917 4436 970 4498 per
985 4411 1068 4502 3¹12.
1115 4418 1231 4480 Deinde
1255 4416 1403 4489 concedis,

69 4507 164 4572 falsam
187 4528 259 4577 esse
281 4508 484 4571 reductionem
508 4510 546 4570 ad
571 4511 749 4590 eclipticam,
772 4529 827 4590 per
850 4527 939 4589 quam
964 4504 1015 4571 16‘
1039 4507 1191 4580 addidere,
1216 4525 1281 4568 cum
1302 4505 1353 4567 vix
1373 4505 1403 4569 i‘

69 4596 241 4663 debuissent
286 4597 368 4679 Ergo
392 4599 452 4660 alia
475 4608 546 4661 sunt
576 4601 644 4661 loca
674 4601 755 4674 visa,
780 4617 856 4680 quae
878 4597 1028 4679 Tyehonis
1058 4596 1216 4680 hypothesi
1240 4595 1402 4675 quadrant3

68 4683 129 4752 haee
152 4707 225 4770 ergo
247 4689 322 4750 visis
346 4696 409 4751 tam
432 4707 525 4768 prope
549 4709 606 4751 non
630 4690 768 4770 quadrat.
806 4688 851 4749 Tu
874 4688 918 4749 sic
938 4686 1172 4768 argumentaris:
1197 4685 1403 4764 cumplaucta

69 4794 113 4842 non
135 4781 166 4842 iu
189 4797 281 4841 verae
305 4778 359 4840 sed
382 4779 465 4840 visae
490 4778 656 4841 latitudinis
679 4780 788 4843 circulo
812 4786 965 4854 versetur,
989 4775 1173 4841 reducendus
1197 4783 1324 4837 estnon
1347 4793 1402 4856 per

69 4880 157 4932 teram
179 4869 238 4931 sed
258 4866 358 4931 visam
380 4867 581 4949 latitudinem.
627 4869 749 4933 Falsum
772 4867 969 4942 antecedeus3
997 4882 1053 4929 uec
1081 4872 1181 4928 tamen
1214 4863 1245 4927 id
1270 4863 1309 4928 sd
1327 4882 1401 4929 cou-

109 4976 343 5028 nqnnopmus
603 5040 606 5046 Ι
846 5035 849 5040 ¹
1174 4971 1190 5021 5
