3354 5504
565 276 626 330 Pars
644 276 735 328 Pdma.
772 278 853 345 Caput
870 279 904 330 11.
1346 280 1407 351 177

56 455 142 539 quasi
175 454 205 517 in
230 461 349 518 certam
371 463 402 519 et
424 455 605 536 peculiarem
628 456 825 537 provinciam,
854 457 1028 521 immittere:
1053 460 1259 541 quodmunus
1281 459 1407 524 Aristo-

60 546 153 621 teles‚
190 545 238 625 qui
268 547 306 606 de
330 546 414 607 initio
438 546 539 607 muudi
563 546 636 608 nihil
660 547 750 609 scivit
773 555 826 609 aut
848 548 987 623 credidit,
1017 548 1090 630 ipsis
1114 558 1247 613 motuum
1271 552 1405 614 auctori-

58 636 112 698 bus
144 634 319 697 necessario
343 636 559 715 transscripsit.
606 636 647 697 Et
671 639 837 699 sectatores
861 638 1052 714 Aristotelis,
1087 640 1155 720 quin
1180 647 1212 701 et
1234 633 1408 720 scaliger

58 724 242 805 professione
267 723 472 800 Christianus,
502 732 605 804 aperte
630 725 798 804 disputant,
832 727 909 789 huuc
933 734 1044 789 motum
1068 729 1183 791 orbium
1206 747 1273 790 esse
1296 730 1405 793 volun-

61 815 169 877 tarium
199 823 232 875 et
259 814 436 895 principium
465 814 627 875 voluntatis
655 815 716 877 illis
744 836 811 877 esse
842 811 1076 880 intellectiouem
1101 827 1132 880 et
1155 817 1346 881 desiderium.
1363 816 1406 894 u)

143 904 189 967 Ut
212 902 304 984 igitur
327 905 365 964 ad
388 902 638 966 Purbachium
663 906 835 982 redeamus,
861 926 926 967 curn
950 924 985 966 eo
1009 907 1061 968 alii
1085 907 1223 990 quidam,
1247 907 1406 989 praecipue

59 993 226 1056 libellorum
250 993 471 1074 sphaericorum
495 993 667 1074 scriptores,
691 995 817 1074 primum
844 995 966 1057 schema
989 994 1032 1057 sic
1056 997 1217 1077 explicant,
1241 1004 1275 1060 ut
1298 996 1407 1078 imagi-

59 1091 164 1145 nentur
187 1082 246 1145 sibi
269 1101 358 1144 unurn
382 1082 484 1144 orbem
507 1084 635 1159 solidum
668 1085 887 1146 conceptricum
916 1085 1116 1148 crassitudine
1149 1085 1274 1169 epicycli
1302 1087 1407 1158 totius,

60 1182 88 1234 et
108 1172 138 1233 in
163 1190 201 1234 eo
227 1172 406 1254 epioyclum,
439 1173 467 1234 in
493 1173 625 1254 epioyclo
657 1174 820 1253 planetam.
867 1175 923 1236 His
947 1174 1037 1254 igitur
1066 1174 1179 1237 duobus
1204 1175 1325 1238 orbibus
1348 1175 1407 1239 tri·

60 1262 185 1324 buerunt
221 1262 295 1322 duas
328 1261 442 1324 animas
479 1262 619 1323 metrices
654 1263 696 1335 (si
731 1263 1000 1327 considerationem
1037 1264 1191 1346 physicam
1229 1266 1407 1346 pertexaut)

60 1351 161 1413 eadem
195 1358 353 1431 utramque
385 1351 576 1437 proportione
607 1352 744 1428 virtutis,
777 1362 811 1415 ut
834 1355 938 1416 eodem
963 1362 1095 1433 tempore
1119 1353 1258 1435 periodos
1281 1373 1353 1416 suas
1377 1354 1406 1417 in

59 1441 162 1521 plagas
187 1448 290 1502 tamen
315 1441 482 1502 contrarias
506 1440 675 1504 absolvant.

140 1530 284 1592 Alterum
315 1530 437 1591 schema
468 1529 593 1611 requirit
622 1531 697 1592 dnos
732 1531 901 1592 deferentes
933 1530 1045 1604 (adhuc
1080 1529 1198 1611 quidem
1229 1530 1407 1607 immobiles,

61 1620 123 1682 dnm
148 1619 180 1680 in
205 1619 263 1681 hac
287 1627 419 1681 motuum
443 1619 636 1700 simplicitate
668 1639 837 1694 manemus,
872 1629 971 1682 mente
995 1629 1183 1682 removentes
1216 1638 1408 1701 progressum

60 1710 285 1790 apogaeorum),
311 1717 343 1771 et
357 1728 445 1771 unum
465 1710 576 1782 orbem,
601 1710 801 1771 crassitudine
820 1710 953 1789 corporis
976 1710 1147 1790 planetarii,
1171 1710 1310 1792 incoque
1334 1708 1406 1772 orbe

61 1799 205 1872 animam,
238 1814 318 1878 'quae
342 1799 491 1878 aequabili
525 1799 714 1860 contentione
748 1798 829 1860 illum
860 1800 1044 1879 circumagat
1067 1800 1095 1860 in
1119 1800 1242 1879 plagam
1265 1818 1353 1874 eam,
1376 1797 1407 1861 in

61 1907 141 1968 quam
169 1907 188 1947 a
212 1887 358 1968 principio
391 1889 519 1968 impulsa
549 1896 606 1950 est.
654 1886 809 1950 Concessa
838 1888 930 1968 igitur
959 1888 1016 1949 hac
1049 1888 1204 1950 soliditate
1239 1888 1354 1951 orbium
1377 1894 1409 1950 et

60 1977 179 2060 reliquis
204 1976 358 2051 assumtis,
382 1979 546 2039 manebunt
568 1977 597 2038 in
622 1979 714 2056 primo
738 1978 890 2039 schemate
910 1975 974 2053 BC,
990 1978 1053 2052 ΒΕ,
1078 1978 1233 2059 paralleli;
1257 1979 1286 2041 in
1311 1977 1406 2040 altero

61 2066 133 2128 orbis
158 2089 189 2145 γε
214 2067 296 2127 circa
318 2068 338 2143 β
360 2073 493 2129 centrum
518 2067 589 2128 ibit:
620 2067 678 2129 etsi
702 2075 832 2129 meteres
857 2087 910 2129 nec
934 2068 995 2129 illio
1019 2068 1056 2129 ad
1079 2064 1152 2141 Ao,
1176 2086 1231 2129 nec
1255 2067 1303 2129 hic
1327 2068 1366 2129 ad
1389 2068 1408 2145 β

61 2155 243 2236 respiciant3
276 2155 444 2236 diriguntur
467 2156 544 2219 enim
566 2157 716 2219 materiali
744 2156 927 2219 necessitate
951 2176 1003 2220 seu
1032 2156 1229 2237 dispositione
1253 2164 1285 2219 et
1307 2155 1407 2219 conti·

61 2246 172 2324 gnitate
196 2244 322 2307 orbium.
578 2296 581 2301 ,

127 2335 191 2396 'At
215 2333 286 2413 quia
308 2334 441 2416 Tyobo
463 2333 584 2397 Brahe
608 2333 784 2397 certissimis
809 2334 992 2414 argumentis
1016 2334 1201 2397 soliditatem
1220 2333 1336 2397 orbium
1352 2335 1408 2396 de-

65 2423 189 2498 struxit,
226 2443 301 2503 quae
334 2423 479 2486 hactenus
508 2424 662 2486 animabus
686 2425 744 2486 illis
768 2425 940 2486 motricibus
964 2424 1077 2498 (caecis
1100 2425 1206 2497 etiam)
1225 2443 1278 2505 pro
1302 2424 1408 2486 baculo
1448 2475 1455 2490 .

65 2514 172 2575 servire
204 2521 326 2593 poterat
355 2515 394 2574 ad
424 2513 484 2576 vim
508 2513 640 2576 debitam
670 2513 891 2589 inveniendam3
920 2522 952 2576 et
973 2514 1095 2594 proinde
1118 2514 1258 2593 planetae
1280 2513 1310 2574 in
1334 2531 1409 2595 puro

65 2603 183 2664 aethere
206 2601 330 2682 perinde
354 2615 443 2683 atque
468 2621 540 2664 aves
564 2605 593 2664 in
618 2611 687 2665 aere
707 2624 811 2665 cursus
827 2624 897 2666 suos
911 2603 1086 2678 coniiciunt3
1110 2603 1198 2665 aliter
1216 2602 1303 2665 nobis
1317 2602 1410 2682 igitur

66 2688 95 2752 de
117 2693 168 2754 his
193 2691 396 2754 schematibus
416 2693 473 2754 erit
494 2693 772 2773 philosophandum.

144 2779 197 2844 Sit
227 2790 328 2843 autem
360 2781 439 2843 inter
470 2782 558 2843 initia
586 2783 733 2863 positum,
758 2783 819 2844 vim
853 2801 982 2856 omnem,
1016 2802 1075 2862 qua
1106 2789 1206 2844 motus
1237 2780 1409 2860 hujusmodi

65 2869 322 2945 administrantur,
352 2870 445 2949 ipsius
468 2872 608 2951 planetae
632 2890 738 2951 corpus
761 2871 929 2938 inhabitare
954 2891 1009 2933 nec
1033 2878 1120 2933 extra
1142 2872 1172 2933 id
1197 2870 1407 2950 quaerendam.

144 2957 224 3022 Cum
253 2959 345 3041 igitur
371 2961 496 3040 planeta
519 2960 610 3022 insita
633 2962 663 3023 vi
686 2961 718 3022 in'
738 2981 812 3043 puro
836 2961 957 3023 aethere
980 2963 1146 3041 perfectum
1169 2960 1310 3023 circulum
1333 2977 1407 3021 con-

66 3049 145 3112 ticere
172 3048 292 3124 debeat,
318 3050 346 3110 in
370 3050 465 3129 primo
485 3050 638 3112 schemate
662 3051 838 3133 epioyclum,
859 3051 888 3112 in
911 3051 1042 3113 secundo
1066 3050 1283 3123 eceentricnm,
1308 3047 1406 3109 mani-

66 3138 169 3201 iestum
194 3146 260 3212 est,
287 3138 352 3199 >duo
381 3139 504 3201 moto‘ris
535 3139 623 3219 hujus
652 3140 715 3201 lore
744 3141 860 3215 munia;
891 3141 1032 3213 alterum,
1069 3147 1104 3201 ut
1127 3139 1271 3201 facultate
1294 3138 1409 3218 polleat

64 3227 288 3290 transvectandi
318 3227 466 3308 corporis,
500 3229 643 3304 alterum,
669 3237 702 3291 ut
725 3230 852 3292 scientia
874 3229 1029 3309 praeditus
1052 3229 1094 3290 sit
1115 3226 1285 3291 inveniendi
1308 3227 1407 3288 circu-

65 3316 150 3380 larem
176 3317 303 3380 limitem
325 3335 380 3397 per
401 3318 484 3379 illam
507 3338 612 3399 puram
636 3339 739 3382 auram
764 3320 935 3381 aetheream
951 3319 1039 3380 nullis
1054 3317 1222 3398 hujusmodi
1237 3315 1407 3396 regionibus

66 3406 251 3470 distinctam:
278 3406 355 3488 quod
379 3408 488 3469 mentis
512 3426 586 3487 opus
609 3412 671 3471 'eet
718 3409 800 3472 Nihil
817 3409 896 3471 ¹mihi
921 3409 1020 3482 dicas,
1050 3408 1146 3488 ipsam
1179 3406 1333 3468 matricem
1358 3404 1406 3465 ia-

67 3497 219 3569 rultatem,
244 3495 389 3577 simplicis
413 3505 444 3557 et
468 3497 573 3559 brutae
597 3499 713 3559 animae
738 3497 881 3574 sobolem,
906 3506 1009 3579 aptam
1032 3505 1135 3560 natam
1158 3517 1225 3558 esse
1249 3495 1288 3556 ad
1311 3495 1408 3557 circu-

65 3584 149 3648 larem
177 3584 350 3661 motionem‚
375 3585 463 3665 plane
488 3588 530 3649 uti
555 3587 665 3668 lapidis
688 3595 797 3649 natura
820 3588 861 3648 sit
879 3607 932 3667 per
955 3594 1069 3649 rectam
1082 3588 1192 3648 lineam
1210 3584 1407 3654 descendere;

66 3693 134 3754 nego
161 3675 253 3748 enim,
277 3675 368 3736 ullum
392 3683 504 3737 motum
527 3696 687 3758 perennem
710 3696 767 3738 non
792 3684 905 3739 rectum
929 3700 947 3739 a
970 3678 1035 3739 Deo
1059 3676 1209 3738 conditum
1233 3693 1300 3736 esse
1315 3693 1407 3754 prae·
1487 3736 1492 3749 ,

65 3763 131 3825 sidio
158 3763 286 3825 mentali
309 3764 502 3828 destitutum·
540 3765 582 3826 Et
605 3767 685 3827 intra
709 3766 825 3846 quidem
849 3786 956 3847 eorpus
979 3766 1138 3827 humanum
1161 3783 1263 3825 omnes
1282 3762 1408 3826 musculi

64 3851 214 3935 principiis
242 3861 398 3915 moventur
426 3854 646 3917 rectilineorum
678 3864 828 3918 motuum:
861 3875 965 3936 nempe
998 3862 1051 3916 aut
1086 3853 1116 3914 iu
1150 3872 1216 3916 sese
1241 3853 1407 3915 recedendo

64 3946 191 4025 urgent,
217 3951 271 4005 aut
294 3942 428 4004 discessu
452 3944 582 4025 capitum
607 3952 820 4020 extenuantur3
844 3945 915 4022 illic,
939 3952 972 4006 ut
995 3943 1157 4005 membrum
1181 3943 1218 4005 ad
1241 3943 1409 4006 musculum

65 4032 204 4107 accedat,
234 4030 306 4108 bic,
330 4040 364 4095 ut
387 4034 527 4096 recedat:
552 4034 630 4114 quod
653 4035 730 4096 idem
754 4035 838 4096 etin
862 4033 1055 4097 circularibus
1078 4033 1219 4096 musculis
1242 4052 1296 4095 suo
1319 4032 1406 4094 modo

66 4120 160 4185 locum
183 4120 300 4209 habet,
315 4122 365 4203 qui
388 4123 536 4185 meatibus
560 4124 701 4187 custodes
724 4123 865 4206 appositi,
888 4124 938 4185 nbi
961 4122 1120 4185 filamentis
1144 4121 1336 4185 circularibus
1353 4141 1407 4183 ex-

64 4212 138 4274 tensi
162 4208 288 4285 fuerint,
311 4211 417 4274 laxant
439 4221 581 4288 meatum,
605 4215 814 4294 constringunt
836 4233 907 4274 vero
931 4212 1037 4275 iisdem
1061 4210 1091 4274 in
1110 4212 1292 4293 angustioris
1306 4210 1409 4274 circuli

63 4294 185 4382 figuram
207 4301 440 4364 recurrentibus.
485 4303 606 4366 Nullum
630 4304 705 4365 adeo
728 4305 889 4365 membrum
913 4309 970 4378 est,
995 4302 1073 4383 quod
1097 4301 1296 4384 aequabiliter
1309 4306 1340 4363 et
1352 4319 1407 4362 ex-

63 4389 165 4470 pedite
186 4397 321 4472 gyretur.
368 4391 478 4453 Flexos
502 4410 573 4455 vero
597 4393 715 4473 capitis,
740 4393 857 4475 pedum,
884 4391 1070 4454 brachiorum
1093 4399 1124 4453 et
1149 4392 1267 4472 linguae
1283 4388 1408 4470 quibus-

62 4481 128 4543 dam
159 4477 297 4541 artificiis
326 4480 507 4543 mechauieis
529 4501 583 4563 per
605 4484 715 4547 multos
740 4492 839 4545 rectos
862 4482 1011 4545 musculos
1034 4483 1091 4543 huc
1114 4482 1184 4543 illuc
1207 4478 1409 4559 transpositos

63 4570 110 4631 vel
134 4576 275 4632 attonsos
300 4569 437 4649 expressi
460 4581 539 4633 sunt.
588 4569 656 4642 Qua
679 4574 795 4635 ratione
814 4572 950 4646 efficitur,
976 4579 1011 4633 ut
1026 4570 1155 4633 facultas
1168 4569 1287 4645 metria,
1302 4575 1411 4633 natura

65 4680 121 4722 sua
151 4659 182 4721 iu
206 4665 322 4721 rectum
344 4659 487 4734 tendens,
520 4661 683 4723 membrum
708 4662 780 4723 illud
804 4669 1001 4742 contorqueat
1023 4661 1053 4722 in
1078 4677 1191 4743 gyrum.
1238 4656 1290 4720 Sic
1313 4676 1409 4739 aquae

59 4747 310 4832 machinamentis
344 4748 519 4828 quibusdam
543 4751 573 4812 iu
599 4751 724 4813 sublime
748 4758 895 4830 aguntur,
933 4770 991 4812 non
1024 4749 1102 4831 quod
1135 4754 1244 4810 natura
1267 4747 1409 4831 corporis,

58 4839 141 4924 quod
172 4846 286 4900 motum
314 4836 420 4917 infert,
448 4840 479 4904 in
502 4840 627 4904 sublime
652 4841 776 4917 tendat,
801 4840 854 4903 sed
879 4840 948 4924 quia
971 4837 1168 4926 dispositione
1191 4837 1339 4904 canalium
1363 4836 1410 4903 et·
1498 4912 1501 4917 ¹

138 4905 318 4999 testatorem.
336 4944 372 4989 ω.
1071 4936 1076 4943 ’
1168 4942 1200 4998 12

1113 5130 1287 5329 ‘a
