3354 5504
452 289 483 342 dc
501 287 688 341 Commentariis
707 288 823 341 demota
842 288 930 344 atellae
946 288 1043 343 Maus.
1370 288 1412 358 69

47 468 277 551 ¹superioribus.
317 468 425 548 Itaque
441 469 551 531 Martis
562 487 565 493 ·
577 467 646 531 1ιο
671 471 775 531 tardos
791 479 838 530 est
856 476 959 530 rnotus
979 467 1060 530 circa
1073 466 1124 545 Q,
1149 469 1179 531 in
1194 470 1223 531 H
1245 469 1414 543 mediocris,

51 556 83 618 in
107 559 136 618 F
159 559 261 619 velox.
309 557 434 620 Interim
457 560 721 639 tamen'acqualis
750 567 852 621 manet
880 566 979 619 motus
1003 559 1081 619 circa
1103 559 1129 621 B
1154 567 1299 621 centrum.
1345 559 1411 623 Hoc

53 647 145 706 modo
170 647 206 708 fit
229 646 292 719 illa,
318 666 409 726 quam
431 648 633 728 superioribus
658 648 754 710 literis
778 649 869 721 innui,
895 647 1032 732 figura
1043 647 1178 711 ovalis
1220 649 1299 711 Nam
1323 649 1412 711 citius

52 736 85 796 in
108 736 145 797 Η
164 737 252 797 venit
286 736 417 817 facitque
448 737 625 799 distantiam
652 737 728 810 ΑΗ,
764 755 853 818 quarn
886 737 966 798 circa
990 718 1072 813 Q
1063 756 1095 797 ιι
1126 738 1223 799 locum
1246 759 1266 798 a
1288 737 1314 798 B
1336 757 1414 818 qua-

55 824 203 886 dratum:
242 825 397 888 breviores
432 825 534 907 itaque
571 827 609 887 ad
647 827 745 887 latera
777 846 830 888 sen
863 825 893 887 in
925 824 1159 903 longitudinibus
1197 826 1304 889 mediis
1342 828 1415 890 fiunt

57 914 238 989 distantiae,
265 933 355 993 quam
379 915 455 977 ratio
479 916 605 996 perfecti
630 917 732 978 circuli
757 914 917 976 ecceutrici
941 915 1045 994 exigit,
1071 916 1285 978 etdiflerentia
1306 935 1414 978 versus

57 1003 238 1083 pangaeum
261 1004 360 1082 major
382 1012 458 1074 est,
447 1024 563 1084 quam
587 1024 693 1066 versus
721 1023 904 1085 apogaeum:
939 1022 1015 1082 quae
1035 1003 1122 1081 justa
1145 1006 1278 1069 definitio
1301 1005 1414 1085 figurae
1493 1056 1497 1061 .

58 1093 157 1153 oralia
180 1101 243 1153 ειι.
290 1092 394 1164 Ροιιο,
418 1112 495 1173 quae
518 1094 598 1157 ratio
622 1106 670 1155 est
693 1105 791 1156 motus
816 1101 850 1167 ὀ,
876 1092 981 1154 eadem
1009 1093 1238 1156 accelerationis
1260 1095 1365 1174 punctu
1388 1097 1414 1156 B

59 1198 154 1244 ausa
176 1190 303 1243 nostrae
327 1182 556 1262 intelligentiae.
603 1182 637 1245 Si
660 1184 708 1245 vis
732 1183 828 1257 scire,
858 1181 886 1242 in
911 1200 968 1262 quo
997 1182 1092 1261 gradu
1123 1178 1289 1246 celeritatis
1313 1183 1355 1243 sit
1378 1192 1413 1258 ό,

59 1289 172 1352 quaere
204 1289 258 1351 per
287 1273 466 1334 anomaliam
499 1272 663 1354 simplicem
696 1274 762 1352 ejus
786 1293 804 1332 a
829 1268 1080 1348 Q‘distantiam.
1127 1274 1172 1335 Αι
1200 1273 1224 1333 ei
1249 1273 1294 1332 vis
1319 1273 1415 1335 locum

58 1361 151 1436 scire,
176 1367 299 1440 oportet
321 1361 412 1437 scire,
445 1370 589 1442 quantum
613 1363 819 1424 accumulatae
850 1379 953 1421 omnes
977 1359 1015 1422 ab
1039 1379 1174 1442 apogaeo
1199 1361 1362 1424 distantiae
1385 1361 1416 1424 iu

61 1449 99 1512 iis
121 1450 331 1530 temporibus,
364 1451 394 1512 in
417 1471 494 1532 quae
518 1452 653 1531 singulae
687 1451 869 1523 inciderunt,
900 1449 929 1510 iu
953 1456 1036 1511 motu
1068 1451 1230 1514 effecerint.
1277 1452 1323 1513 At
1350 1469 1416 1515 cum

62 1537 200 1601 infinitae
224 1539 286 1601 sint
309 1540 495 1613 distantiae,
529 1541 598 1621 quia
621 1541 794 1612 infinitaF,
820 1538 861 1612 G,
884 1539 922 1612 Η,
946 1540 973 1614 I,
999 1537 1178 1641 Opuncta,
1210 1541 1334 1602 stillae
1357 1558 1416 1601 non

63 1629 235 1731 aequaliter
257 1647 383 1708 sparsae
405 1648 459 1708 per
482 1629 636 1692 circuitum
660 1631 742 1692 circa
757 1626 809 1705 Θ,
833 1627 1031 1689 confertiores
1055 1629 1133 1690 enim
1153 1648 1229 1709 quae
1252 1628 1415 1710 longiores,

59 1718 133 1799 quia
155 1717 199 1779 ibi
223 1725 249 1787 ό
273 1719 396 1792 tardus,
421 1719 588 1799 sparsiores
612 1739 688 1799 quae
713 1719 884 1790 breviores,
913 1716 962 1778 hic
985 1717 1070 1778 vides
1099 1718 1309 1781 difficultatem
1331 1737 1415 1815 conr-

63 1807 190 1886 pntandi
214 1806 271 1868 loci
295 1808 455 1870 ecceutrici
479 1828 516 1869 ει
538 1809 706 1890 hypothesi
724 1828 796 1869 vera
820 1814 850 1866 et
874 1805 1009 1909 physica.

149 1897 261 1958 Modus
285 1905 387 1959 tamen
417 1897 476 1960 iste
510 1910 570 1959 est:
605 1898 704 1959 divido
737 1896 892 1958 circuitum
921 1895 952 1957 in
983 1891 1066 1958 3600
1093 1902 1125 1956 ει
1151 1896 1229 1975 fingo
1260 1898 1414 1978 planetam

61 1984 176 2048 moveri
200 1986 368 2065 aequaliter
390 1986 560 2067 quamdin
553 2007 584 2047 ιι
606 2006 663 2048 ιιι
687 1995 744 2048 est.
782 1985 831 2046 lta
847 1984 949 2045 ordine
969 1985 1008 2046 ab
1031 2002 1166 2063 apogaeo
1190 1988 1319 2051 omnium
1342 2005 1414 2065 gra·
1484 1984 1488 1997 '

60 2075 148 2137 duum
171 2094 275 2136 morae
298 2084 490 2154 computatae
514 2077 588 2137 dant
610 2077 751 2157 cujusque
771 2073 962 2135 anomaliam.
1000 2074 1083 2135 Idem
1098 2074 1233 2154 intellige
1247 2095 1301 2156 per
1315 2077 1414 2139 omnia

60 2162 104 2244 (in
128 2164 252 2244 depicto
275 2166 427 2226 schemate
450 2165 587 2238 Terrae).
633 2166 717 2226 Haec
740 2183 812 2243 ergo
842 2163 938 2224 omnis
966 2163 1144 2245 hypothesis
1170 2180 1207 2242 0¹·
1254 2165 1412 2246 Proportio

60 2253 139 2316 orbis
165 2258 191 2330 ὅ
217 2253 256 2316 ad
289 2254 392 2315 orbem
415 2270 440 2332 0¹
463 2278 502 2308 =
530 2251 658 2318 100000
677 2276 684 2316 :
706 2249 848 2326 152518,
882 2253 993 2314 circelli
1022 2254 1048 2326 ὁ
1080 2253 1304 2316 semidiameter
1338 2252 1411 2328 180,

61 2343 139 2419 &in
164 2337 206 2405 60
228 2357 271 2418 et,
297 2342 370 2420 din
396 2338 456 2406 29⁰
479 2349 512 2420 il.
559 2343 735 2422 Nodigin
764 2339 822 2404 160
844 2340 897 2404 20¹
921 2342 958 2416 ὅ,
982 2352 1027 2418 ιιι.

146 2432 219 2495 Jarn
243 2433 354 2505 dicam,
389 2432 458 2513 quid
486 2433 558 2494 mihi
580 2433 658 2494 inter
681 2432 869 2495 scribendum
899 2431 1002 2492 incidit
1032 2438 1064 2493 et
1087 2432 1233 2510 quomodo
1256 2433 1412 2514 physicam

61 2521 136 2584 banc
161 2521 322 2595 rationem,
346 2522 440 2583 salvis
467 2521 603 2586 omnibus
632 2541 707 2602 quae
732 2521 816 2583 nobis
840 2529 981 2600 prostant
1003 2519 1169 2594 efficienda,
1194 2522 1414 2585 concinniorem

61 2610 267 2692 imaginemur.
315 2611 395 2673 Nam
418 2611 536 2674 videtur
559 2613 680 2687 durum,
704 2613 857 2690 planetam
885 2608 959 2671 eniti
983 2629 999 2671 e
1022 2609 1133 2671 virtute
1167 2607 1224 2687 Θ,
1255 2612 1332 2693 quod
1364 2622 1414 2677 ost

61 2701 209 2765 naturalis
232 2700 401 2775 facultatis,
434 2709 465 2762 et
492 2701 610 2763 interim
640 2702 669 2762 iu
694 2700 816 2761 nitendo
840 2699 1002 2772 remittere,
1028 2698 1193 2773 intendere,
1217 2718 1270 2779 pro
1294 2701 1412 2764 ratione

59 2790 230 2870 exigentiae
253 2789 371 2864 circuli,
404 2790 578 2871 aequalibus
602 2789 787 2870 temporibus
811 2788 949 2869 aequalia
971 2788 1073 2867 spatia
1096 2789 1299 2867 describendi,
1333 2791 1412 2871 quod

63 2890 106 2942 est
126 2878 271 2941 animalis
291 2879 457 2941 facultatis.
496 2878 679 2941 concinnius
694 2887 777 2940 esset
792 2885 825 2938 ut
839 2897 955 2940 omnem
976 2878 1152 2940 facultatem
1166 2881 1333 2942 naturalem
1347 2879 1414 2943 Soli

61 2967 307 3042 transscriberes,
332 2968 378 3030 cui
401 2968 563 3030 maximam
592 2979 709 3048 partem
741 2967 998 3040 transscribimus3
1031 2967 1173 3047 planetae
1197 2988 1268 3031 vero
1295 2978 1413 3032 tantum

62 3057 296 3120 intellectualem
311 3058 480 3138 quampiam
501 3058 677 3120 facultatem
697 3057 904 3131 tribueremus,
929 3057 976 3117 cui
992 3075 1049 3116 non
1065 3056 1176 3119 viribus
1191 3059 1244 3119 sed
1259 3058 1324 3120 solo
1339 3066 1412 3120 nutu

62 3166 130 3228 opus
154 3155 251 3208 esset.
298 3148 373 3207 Item
397 3149 426 3208 in
449 3147 540 3227 priori
564 3148 652 3210 modo
676 3146 828 3208 obscurior
850 3146 968 3207 videtur
990 3145 1070 3208 ratio
1094 3147 1213 3209 virtutis
1231 3167 1247 3208 c
1264 3146 1304 3224 Θ
1321 3164 1411 3227 egre·

62 3236 178 3308 dientis,
204 3244 344 3315 optamus
367 3235 579 3299 dilucidiorem.
618 3236 784 3315 Utrumque
800 3254 887 3316 spero
902 3254 948 3296 me
974 3234 1091 3296 efficere
1105 3254 1195 3317 posse
1213 3256 1268 3317 per
1290 3235 1412 3298 modum

63 3325 106 3404 qui
131 3325 280 3405 sequitur.
328 3325 390 3385 Via
411 3326 552 3404 planetae
576 3344 630 3406 per
652 3344 685 3386 se
708 3325 737 3385 in
766 3325 876 3386 circulo
909 3343 1017 3404 magno
1046 3333 1107 3386 est:
1139 3345 1206 3387 narn
1237 3325 1411 3405 parallaaes

61 3416 130 3476 nihil
155 3415 196 3475 ad
220 3414 332 3495 ipsum3
356 3415 459 3476 demus
482 3433 554 3495 ergo
579 3425 611 3476 ut
634 3414 778 3475 inclinata
801 3415 842 3474 sit
864 3413 902 3475 ad
926 3414 1134 3494 imaginariam
1150 3416 1298 3494 quandam
1314 3415 1410 3494 eclip-

62 3504 159 3579 ticam,
196 3523 216 3564 a
239 3523 297 3583 qna
321 3503 507 3583 digrediatur
529 3504 666 3585 utrinque
690 3523 743 3585 per
766 3499 806 3566 5⁰
831 3499 890 3578 15⁴,
920 3513 1034 3606 quanta
1067 3513 1114 3564 est
1137 3498 1281 3583 aeqiratio‘
1299 3503 1411 3566 circelli

65 3589 159 3658 9165.
209 3592 369 3654 Moventur
390 3592 543 3672 planeta
536 3613 564 3654 ιι
589 3593 717 3665 circello,
742 3593 781 3653 ad
801 3592 912 3653 illam'
905 3592 1110 3673 imaginariam
1134 3592 1260 3656 orbitam
1281 3593 1411 3655 mediam

63 3691 158 3745 erecto
183 3682 225 3744 ad
247 3682 374 3785 angulos
398 3690 508 3756 rectos,
532 3681 576 3743 sic
598 3690 632 3744 ut
654 3682 801 3762 proprius
813 3682 964 3762 planetae
960 3692 1075 3744 motus
1099 3690 1289 3744 transversus
1313 3683 1354 3745 sit
1372 3683 1411 3744 ad

63 3781 171 3836 notum
197 3771 395 3834 adventitium
418 3791 456 3833 ex
475 3771 556 3835 Sole.
591 3773 657 3833 Ηοε
681 3771 767 3833 modo
790 3773 936 3833 ascendet
959 3779 991 3834 et
1013 3770 1174 3840 descendet
1197 3771 1265 3834 hinc
1288 3772 1388 3835 inde
1380 3792 1410 3834 ιι

65 3881 114 3924 ruo
138 3861 273 3935 circello,
296 3860 402 3922 nihil
394 3879 458 3940 ipse
481 3879 591 3923 nocens
607 3861 656 3921 vel
675 3859 843 3940 expediens
855 3861 1039 3940 promotione
1054 3879 1109 3920 sua
1122 3860 1202 3922 circa
1218 3855 1269 3938 Q.
1308 3860 1412 3923 Antea

64 3970 128 4014 rero
153 3950 310 4013 dimidiam
332 3950 540 4029 aequationem
564 3949 699 4012 circellns
722 3950 782 4011 iste
801 3952 981 4013 confecerat.
1017 3949 1082 4012 Nec
1092 3951 1156 4030 jam
1176 3950 1289 4014 nitetur
1304 3957 1411 4014 contra

65 4048 172 4104 notum
198 4035 250 4117 Q,
276 4039 345 4120 quia
366 4039 394 4102 is
417 4049 465 4101 est
487 4059 545 4101 non
569 4059 687 4103 sursum
708 4039 758 4102 vel
781 4039 928 4114 deorsum,
952 4058 1009 4101 non
1034 4037 1072 4101 ad
1094 4039 1190 4118 polos,
1214 4040 1269 4103 sed
1292 4048 1409 4104 tautum
1469 4048 1471 4052 “

65 4129 87 4192 1ι
110 4130 227 4193 orbem.
273 4128 403 4191 Planeta
424 4147 496 4191 vero
518 4128 574 4190 ibit
597 4137 630 4191 et
651 4148 742 4211 supra
769 4147 874 4192 versus
906 4128 1004 4207 polum
1033 4126 1190 4208 eclipticae
1223 4129 1408 4194 descendens

67 4220 98 4281 ad
122 4216 164 4296 Q
190 4227 224 4280 ει
245 4217 324 4280 infra
347 4237 450 4279 versus
474 4219 599 4281 alterum
632 4219 732 4298 polum
761 4218 868 4279 iterum
896 4216 1071 4279 ascendens.
1120 4215 1268 4281 Conficiat
1296 4219 1407 4300 gradm

67 4309 204 4391 aequales
228 4306 403 4388 aequalibus
427 4307 619 4388 temporibus,
643 4307 784 4369 metiatur
800 4298 975 4368 descerisum
989 4313 1021 4367 et
1035 4325 1192 4370 ascensum
1208 4328 1292 4371 suum
1308 4306 1407 4388 specie

69 4395 303 4476 rocurente3
333 4414 403 4457 nam
434 4397 513 4460 infra
535 4396 590 4459 sub
620 4397 726 4478 maiori
750 4396 858 4476 angulo
882 4395 1018 4458 occurrit.
1065 4395 1251 4460 Diamctrnm
1274 4416 1346 4468 vero
1369 4395 1408 4459 ad

69 4487 161 4551 latera
181 4486 327 4550 metiatur
350 4494 488 4566 respectu
519 4486 654 4549 fixarum.
700 4486 785 4548 Haec
815 4483 915 4547 omnia
942 4484 1006 4546 sina
1032 4485 1146 4549 viribus
1174 4487 1273 4549 facere
1304 4476 1408 4567 po'test

69 4577 125 4640 tolo
148 4576 305 4638 intellectu
328 4583 361 4637 et
381 4585 464 4650 nutu,
494 4576 564 4656 quia
586 4576 667 4655 globi
690 4576 838 4639 coelestes
860 4592 964 4636 versus
988 4572 1091 4637 Solem
1113 4593 1221 4656 graves
1244 4594 1302 4636 non
1326 4582 1405 4638 sunt.

69 4663 118 4728 llic
141 4665 233 4728 ctiam
256 4665 345 4733 ι1ιιιι1
367 4665 562 4744 pulcherrime
585 4664 657 4727 mihi
686 4663 820 4727 nascitur
842 4664 989 4745 promotio
1019 4665 1177 4749 nodorum,
1209 4664 1286 4744 quod
1316 4671 1407 4727 autea

73 4756 147 4820 nulla
169 4754 316 4831 concinna
337 4754 497 4837 hypothesi
519 4762 663 4835 poteram.
701 4754 747 4815 De
771 4772 830 4847 quo
852 4754 937 4817 alias
972 4752 1042 4817 Ja'rn
1065 4742 1209 4835 quomodo
1234 4753 1408 4820 conficiatur

73 4850 132 4911 tota
152 4843 293 4929 aequabo
314 4837 425 4911 dicam.
470 4844 539 4909 Non
566 4836 637 4928 quia
665 4842 729 4908 Soli
759 4836 857 4916 tota'm
888 4843 1072 4922 transcribo,
1103 4842 1191 4907 modo
1222 4861 1292 4909 vero
1322 4842 1408 4929 prius
