3354 5504
162 304 225 372 700
698 296 965 365 Lamentata

160 503 255 547 maeo.
301 483 380 546 Nam
403 483 542 564 aequatio
565 484 716 565 Tychonis
740 483 783 547 20
797 487 932 547 manime
961 484 1082 546 minutis
1110 485 1206 546 minor
1237 494 1284 546 εει
1307 485 1499 549 Ptolemaica.

160 574 201 725 ξι
232 582 330 722 motqs
358 571 482 652 apogaei
509 572 672 654 Tychonici
695 573 875 650 diminutus,
908 575 983 636 adeo
1015 584 1049 636 ut
1079 575 1251 639 retrocedat
1282 575 1338 637 suh
1362 574 1430 636 lixis
1451 594 1501 656 per

130 828 131 831 Ἴ
206 682 303 811 amii.a
319 680 435 810 quq-cum
458 750 561 811 Lunae
586 768 687 811 verum
710 759 882 831 computare
905 770 965 812 non
988 759 1090 831 potest
1112 751 1283 832 quisquam,
1315 751 1374 814 nisi
1397 751 1445 832 qni
1466 752 1501 812 de

161 838 292 901 maxima
314 838 395 900 Solis
425 838 602 919 aequatione
631 839 678 899 vel
708 840 774 901 loco
807 840 932 919 apogaei
961 850 1062 901 certus
1090 848 1147 901 est.
1194 839 1283 913 Quod
1312 840 1416 921 accipe
1439 859 1502 902 curn

162 929 217 990 hac
239 926 450 988 distinctione:
474 926 534 987 tria
552 927 758 1007 requiruntur,
783 936 881 990 motus
905 928 1032 1009 simplex
1054 930 1080 1000 b
1108 935 1139 990 et
1162 925 1213 1005 Θ,
1237 930 1450 1002 anomalia),
1474 938 1504 990 et

161 1016 265 1079 tabula
287 1015 505 1097 aequationum.
550 1014 638 1087 Quod
663 1015 876 1097 simplicem)
902 1017 1021 1091 attinet,
1045 1036 1111 1095 eum
1134 1017 1237 1099 Tycho
1261 1017 1436 1099 expiscatus
1457 1027 1503 1079 est

161 1125 198 1167 ex
220 1104 413 1167 Ptolemaicis
437 1112 468 1165 et
491 1104 553 1165 suis
581 1104 761 1185 eclipsibus,
795 1114 968 1185 comparato
1001 1105 1156 1186 inteuy'ecto
1186 1106 1294 1187 spatio.
1340 1106 1503 1171 Methodns

44 1265 45 1268 Ἴ
162 1196 235 1256 haec
257 1205 320 1256 est:
357 1193 387 1255 in
409 1201 520 1273 puncto
543 1193 665 1273 eclipsis
688 1194 835 1256 maximae
858 1194 945 1256 Luna
967 1202 1015 1256 εει
1037 1195 1068 1256 in
1091 1195 1230 1276 opposito
1253 1196 1318 1258 loco
1338 1195 1434 1272 Solis,
1457 1196 1505 1277 qni

162 1292 236 1365 quot
256 1280 408 1344 contineat
429 1281 541 1362 gradm
564 1281 614 1343 vel
637 1281 750 1345 minuta
772 1283 837 1363 ejus
861 1282 950 1364 signi,
975 1284 1013 1350 ad
1027 1284 1131 1346 Lunae
1155 1283 1288 1370 rationes
1311 1285 1388 1346 nihil
1411 1284 1506 1347 inter·

152 1370 219 1435 ἐει.
267 1370 407 1457 Ceterum
427 1370 485 1432 hoc
509 1370 635 1433 interest
657 1372 696 1433 ad
719 1372 852 1434 rationes
875 1373 994 1447 Lunae,
1023 1372 1103 1454 quod
1131 1372 1160 1434 in
1179 1371 1307 1443 ‚tabulas
1331 1375 1506 1436 referendus

163 1469 212 1524 est
233 1472 333 1523 motus
347 1459 412 1540 ejus
435 1460 550 1522 medius
573 1481 593 1522 a
615 1461 713 1523 medio
737 1460 802 1523 loco
819 1456 908 1525 Solis.
945 1462 991 1524 At
1013 1462 1128 1524 medius
1151 1469 1182 1524 et
1204 1481 1293 1524 verus
1314 1461 1402 1526 locus
1425 1462 1507 1526 Solis

81 1537 87 1551 ⁹
162 1570 221 1613 non
245 1549 423 1612 coincidunt.
465 1549 547 1628 Ergo
571 1550 595 1610 si
618 1550 811 1612 Ptolemaeus
835 1558 866 1612 ει
889 1570 926 1612 ex
949 1570 984 1612 eo
1008 1550 1110 1633 Tycho
1133 1551 1162 1612 in
1185 1551 1278 1631 priori
1302 1551 1411 1633 eclipsi
1433 1552 1506 1615 hora

165 1639 201 1703 11
214 1635 260 1716 Ἃ,
283 1657 340 1720 qno
364 1646 513 1699 momento
537 1637 595 1699 fuit
609 1637 739 1703 medium
759 1638 891 1720 deliquii,
915 1638 1018 1701 dicant
1033 1639 1240 1721 aequationem
1255 1639 1338 1703 Solis
1362 1660 1432 1704 esse
1456 1640 1505 1706 55⁴

162 1747 200 1807 ex
222 1728 328 1790 tabula
342 1727 550 1808 aequationum
566 1726 761 1802 Ptolemaiou,
785 1727 839 1789 illa
859 1746 929 1791 vero
953 1726 995 1789 sit
1016 1728 1112 1790 minor
1132 1746 1186 1808 per
1213 1725 1251 1790 12
1275 1749 1329 1805 sc,
1353 1731 1506 1811 putabitur

86 1850 94 1865 ·
162 1817 262 1899 ntique
285 1835 374 1878 verus
397 1824 495 1877 motus
518 1815 622 1877 Lunae
646 1835 681 1877 eo
705 1824 896 1879 momentus
919 1815 1001 1879 Solis
1023 1817 1121 1878 medio
1145 1837 1186 1880 sc.
1211 1816 1269 1892 55,
1290 1819 1342 1899 qni
1366 1828 1417 1882 est
1439 1830 1502 1882 tan-

165 1916 229 1969 tum
252 1925 294 1968 sc.
319 1900 383 1968 43⁴.
418 1904 524 1984 Itaque
548 1904 606 1965 etsi
630 1905 708 1967 alter
730 1904 874 1969 terminus
896 1924 989 1985 penes
1012 1924 1066 1968 nos
1089 1906 1146 1968 rite
1169 1907 1381 1985 constituatur,
1408 1917 1504 1972 tamen

162 1997 201 2059 ad
216 1992 384 2058 Ptolemaei
404 1999 541 2074 tempora
563 1993 716 2074 quantitas
733 1993 846 2057 mensis
860 1992 988 2057 Lunaris
1013 1994 1132 2057 falleret
1153 2014 1207 2075 per
1232 1993 1282 2066 12,
1305 2003 1339 2058 et
1361 1997 1394 2059 in
1418 1999 1502 2080 duplo

161 2094 294 2165 tempore
319 2082 374 2145 snb
397 2081 519 2162 Trojam
547 2092 666 2163 captam
693 2102 748 2164 per
776 2079 819 2145 Μ
850 2091 881 2145 ει
910 2083 953 2145 sic
975 2092 1201 2165 consequenter.
1250 2082 1516 2167 compensaretur

162 2176 193 2237 id
216 2172 334 2256 quidem
356 2190 409 2252 per
431 2172 638 2253 aequationem
661 2172 784 2247 Lunae,
815 2171 932 2253 quoties
955 2172 1229 2235 eadem-anomalia
1256 2175 1391 2253 rediret,
1423 2178 1502 2239 atio

164 2263 273 2327 ceteris
297 2261 432 2324 omnibus
455 2259 622 2322 anomaliae
645 2261 719 2323 locis
742 2268 828 2323 tanto
849 2259 970 2342 grauius
993 2271 1175 2341 peccaretur.

250 2351 320 2432 Jam
342 2350 420 2430 quod
441 2349 621 2412 anomaliam
636 2350 755 2425 attinet,
777 2348 910 2412 indidem
931 2349 986 2412 illa
1007 2351 1127 2431 petitur,
1153 2351 1229 2413 unde
1253 2359 1284 2412 et
1307 2362 1410 2416 motus
1433 2355 1500 2417 sim·

161 2443 241 2524 plex.
279 2440 327 2501 Ad
352 2446 487 2518 tempora
500 2437 667 2501 Ptolemaei
688 2458 726 2501 ex
748 2438 842 2501 tribus
866 2438 1027 2520 eclipsibus
1043 2440 1234 2502 constituitur
1252 2443 1428 2507 anomaliae
1442 2463 1500 2507 mo·

162 2544 221 2594 tus.
259 2531 392 2609 itemque
415 2526 454 2588 ad
476 2536 581 2589 nostra
600 2536 735 2608 ternpore
753 2527 797 2590 ita
810 2528 1033 2613 comparatione
1045 2527 1189 2610 temporis
1204 2529 1323 2592 medius
1337 2532 1500 2595 anomaliae

164 2629 263 2684 motus
286 2616 412 2679 elicitur.
449 2615 580 2678 Rursum
603 2617 715 2698 itaque,
739 2617 765 2679 si
780 2616 834 2680 Sol
853 2618 908 2679 snb
931 2626 1110 2680 momentum
1132 2617 1333 2698 oppositionis
1356 2616 1500 2685 statuatur

167 2704 226 2773 13·
250 2706 301 2769 15‘
324 2706 351 2782 ὅ
377 2724 431 2786 per
454 2705 708 2768 eccentricitatem
731 2704 920 2781 diminutam,
950 2717 1020 2769 tnnc
1044 2726 1116 2769 sane
1142 2703 1193 2770 12‘
1214 2706 1286 2781 illa,
1318 2710 1428 2791 quibus
1450 2712 1498 2773 ab·

164 2795 258 2860 errari
274 2795 443 2869 statuimus,
467 2793 708 2857 adscriberentur
721 2794 892 2876 aequationi
907 2796 1020 2858 Lunae.
1056 2796 1099 2858 Et
1119 2795 1190 2877 qnia
1212 2796 1400 2862 alteraretur
1420 2820 1497 2863 verus

158 2888 231 2968 ¹ejus
257 2893 357 2947 motus
387 2902 586 2964 excessusque
616 2884 680 2965 ejus
713 2902 804 2965 supra
835 2884 984 2959 medium,
1014 2903 1137 2948 necesse
1169 2892 1253 2947 esset
1284 2887 1387 2968 ipsam
1419 2888 1497 2952 etiam

164 2975 417 3039 eccantricitatem
439 2972 488 3035 vel
512 2991 678 3053 apogaeum
699 2973 832 3035 alterari.
870 2973 971 3055 Atque
995 2974 1050 3037 hoc
1074 2993 1146 3036 sane
1168 2974 1287 3037 nomine
1311 2979 1432 3057 gratias
1452 2977 1496 3041 tubi

165 3085 240 3147 ago,
269 3063 348 3145 quod
374 3081 422 3124 me
445 3061 474 3124 in
497 3062 573 3123 hanc
596 3060 863 3124 considerationem
886 3062 1012 3125 inducis.
1057 3056 1177 3126 Etenim
1204 3082 1259 3144 per
1283 3067 1380 3129 otium
1403 3067 1495 3150 explo-

166 3156 249 3228 rabo,
272 3172 310 3215 an
334 3150 465 3213 notabile
481 3149 593 3232 aliquid
615 3158 754 3231 peccetur
772 3149 803 3212 iu
818 3152 999 3234 aequatione
1009 3151 1260 3233 Lunaemaxima
1284 3156 1494 3229 constituenda

166 3244 191 3306 si
215 3240 325 3305 alicubi
350 3237 401 3303 12‘
423 3247 542 3320 practer
560 3240 675 3321 justum
702 3239 836 3301 accedat.
882 3240 919 3302 Id
941 3239 991 3302 ubi
1019 3240 1064 3304 sic
1093 3240 1203 3303 habere
1226 3241 1453 3324 deprehendero
1471 3254 1494 3304 et

165 3332 216 3395 ubi
231 3329 324 3393 nihilo
341 3330 437 3391 minus
452 3347 489 3390 ex
502 3327 667 3391 Ptolemaei
684 3326 844 3408 eclipsibus
866 3328 991 3392 eandem
1013 3329 1189 3411 hypothesin
1214 3341 1398 3398 exstruxero
1420 3351 1492 3420 quam

51 3429 53 3432 ’
165 3440 202 3484 ex
224 3418 393 3482 recentibus
417 3418 509 3499 (quod
533 3417 634 3499 Tycho
659 3436 730 3479 sane
755 3416 852 3492 lecit),
874 3436 928 3498 pro
952 3426 1034 3480 certo
1058 3419 1224 3492 affirmabo,
1248 3424 1492 3487 eccentricitaten

164 3520 196 3573 ει
218 3509 288 3571 anni
312 3506 544 3587 magnitudinem
568 3513 601 3568 et
622 3505 841 3586 aequinoctium
863 3506 893 3569 id
916 3506 1009 3571 fuisse
1031 3515 1163 3595 tempore
1175 3508 1358 3589 Ptolemaei,
1382 3514 1455 3595 qnod
1473 3511 1493 3571 is

91 3646 104 3657 .
163 3599 250 3662 nobis
273 3596 461 3677 assignatum
483 3593 614 3676 reliquit.
659 3594 742 3658 Nihil
765 3603 817 3657 aut
838 3613 942 3674 parum
965 3595 1013 3659 hic
1035 3596 1159 3680 impedit
1183 3617 1260 3673 nos,
1296 3600 1322 3662 si
1354 3602 1386 3664 in
1415 3603 1491 3664 horae

164 3688 264 3769 aliqua
286 3693 371 3766 parte
394 3685 585 3748 aberremus:
616 3690 756 3766 quantum
779 3683 856 3745 enirn
880 3684 909 3746 in
933 3685 985 3746 illo
1009 3685 1138 3766 spatiolo
1161 3687 1255 3749 motui
1279 3689 1387 3758 Lunae
1408 3688 1492 3753 medio

164 3775 291 3851 accedit,
314 3774 490 3853 tantundem
505 3775 567 3836 lere
582 3772 700 3836 accedit
723 3778 754 3834 et
775 3791 855 3834 uero.
893 3772 955 3836 Sed
977 3774 1054 3837 haec
1075 3774 1233 3855 interjicio.
1273 3779 1374 3842 tunes
1396 3789 1492 3851 autem,

164 3864 243 3948 quod
265 3872 363 3927 motus
392 3860 557 3926 anomaliae
589 3882 647 3924 una
669 3881 735 3924 curn
763 3869 845 3924 motu
868 3863 971 3924 Lunae
999 3863 1126 3944 simplici
1153 3865 1192 3926 ad
1215 3873 1356 3947 tempora
1378 3891 1407 3934 a.
1430 3867 1492 3933 Chr.

163 3974 238 4036 pene
261 3962 342 4016 totus
365 3953 396 4015 in
418 3951 585 4015 Ptolemaei
607 3950 730 4013 arbitrio
754 3950 910 4014 consistat.

250 4044 306 4106 111.
340 4041 428 4113 Quod
452 4041 540 4104 tertio
563 4041 696 4103 tabulam
719 4039 929 4121 aequationum
951 4039 1070 4117 attinet,
1094 4043 1290 4125 aequationes
1313 4046 1493 4128 Tychouicae

164 4132 311 4195 maximae
334 4130 509 4193 Protenicas
531 4139 649 4192 tantum
675 4125 707 4192 21
735 4138 891 4210 superant,
923 4148 964 4192 sc.
992 4129 1023 4191 iu
1046 4125 1107 4195 90·
1128 4140 1161 4194 et
1180 4126 1274 4196 270⁰.
1320 4135 1368 4198 At
1389 4136 1420 4198 in
1442 4129 1494 4197 db'

164 4220 333 4285 differentia
355 4227 403 4282 est
428 4216 494 4293 10‘,
518 4219 605 4300 idque
628 4225 751 4299 propter
774 4217 972 4315 differentiam
995 4218 1203 4301 hypotheseos.
1250 4220 1329 4287 Cum
1352 4224 1444 4304 igitur
1462 4239 1494 4285 ex

163 4309 413 4393 disputationibus
436 4308 510 4370 meis
540 4308 576 4369 de
604 4307 703 4368 causis
735 4306 942 4386 aequationum
970 4304 1102 4389 physicis
1134 4308 1342 4390 appariturum
1373 4314 1433 4388 sit,
1461 4329 1493 4373 ne

163 4399 363 4483 Tychonicam
386 4396 503 4478 quidem
532 4396 746 4458 ordinationem
772 4396 975 4478 hypotheseos
1002 4415 1055 4458 seu
1082 4397 1316 4478 applicationem
1345 4401 1493 4485 aequantia

163 4509 200 4551 ex
225 4489 302 4551 omni
325 4496 410 4568 parte
433 4494 513 4548 recte
536 4485 665 4547 habere:
698 4485 756 4547 erit
787 4494 818 4545 et
847 4485 922 4547 haec
948 4485 1125 4561 revidendo,
1158 4507 1214 4550 nec
1243 4488 1288 4550 illi
1315 4490 1348 4553 in
1373 4490 1493 4573 antiquis

163 4578 326 4658 eclipsibus
348 4575 541 4656 pertinaciter
562 4574 720 4636 fidendum.
989 4653 997 4657 ..

249 4667 435 4730 Putoautem
447 4663 612 4737 (nunccine
623 4663 746 4738 calculo,
762 4681 800 4723 ex
811 4661 1045 4739 aestimatione),
1058 4665 1184 4726 medium
1193 4667 1416 4745 quodammodo
1425 4669 1493 4730 iuter

162 4756 338 4819 Protenicas
361 4761 393 4814 et
405 4751 591 4835 Tychonicas
613 4752 807 4834 aequationes
831 4770 898 4815 esse
920 4752 1110 4832 sequendum.
1145 4755 1180 4815 In
1204 4756 1380 4822 universnm
1401 4759 1493 4820 uideor

159 4842 236 4909 milei
257 4843 322 4921 siue
337 4839 475 4917 ,sumans
497 4839 615 4923 injurm
637 4841 696 4904 imo
713 4841 845 4904 munda
867 4841 932 4921 eius
948 4840 1108 4930 uoluntate
1122 4843 1344 4926 (quantumst
1363 4847 1433 4913 lolio
1444 4843 1492 4911 bt.
