3354 5504
172 291 241 363 308
657 305 697 359 Do
715 303 823 358 Motibus
842 307 935 363 stallae
953 308 1041 362 Mutis

172 469 204 536 20
227 469 302 537 3000.
348 474 417 578 Erit
438 476 530 557 igitur
552 487 583 542 et
605 481 635 543 in
659 485 827 562 posteriore
851 495 956 551 nostra
979 487 1188 551 observatione
1211 485 1366 552 inclinatio
1396 481 1431 551 20
1458 483 1523 550 3000

171 561 318 644 pauloque
343 582 453 641 mmor,
479 570 556 648 qnod
580 568 612 633 80
636 573 727 633 simus
750 577 827 637 nodo
851 579 1016 659 propiores.
1062 577 1211 641 Assumta
1234 595 1304 641 vero
1326 575 1522 639 inclinatione

171 648 203 712 2⁴
227 647 301 725 30¹⁴,
327 673 392 714 cum
416 656 463 718 hic
487 659 613 738 angulus
637 662 675 722 ad
700 659 739 738 Θ
764 664 806 725 eit
829 662 897 743 61⁰,
923 669 963 731 ad
986 668 1109 729 Terram
1132 664 1202 737 380,
1226 685 1350 730 necesse
1373 665 1524 748 estsaqui

118 787 121 792 ,
161 724 362 805 bunonem
388 743 417 807 10
440 743 506 810 5000
535 758 612 828 sept.
644 751 780 829 circiter3
816 753 911 817 indice
944 764 1050 819 nostra
1077 756 1182 819 tabula
1204 755 1414 836 parallactica.
1460 753 1523 818 Sed

170 827 364 910 usurpatione
395 836 586 899 retractionis
615 841 740 901 finarum
768 843 895 908 latitudo
924 846 1010 908 nobie
1034 845 1257 928 relinquebatur
1280 840 1311 909 3¹
1335 841 1403 908 2900
1426 851 1522 924 sept:

158 914 290 1005 ‚Soletis
311 936 383 984 vero
408 927 601 1006 usurpatione
625 929 832 1008 redigebamur
854 954 908 1014 per
930 933 961 998 00
986 932 1049 998 3300
1073 935 1103 997 in
1127 943 1271 999 austrum.
1317 936 1428 1016 Itaque
1454 932 1523 995 binc

164 1005 251 1088 lutto
272 1007 342 1088 plus
365 1012 424 1074 init
446 1015 477 1076 in
500 1026 605 1078 nostra
628 1019 807 1082 refractione
831 1032 982 1105 suscepta,
1008 1025 1077 1086 inde
1101 1024 1207 1087 minus.
1253 1022 1439 1087 Intermedia
1461 1021 1523 1085 ita-

34 1136 37 1143 ·
142 1112 228 1177 -qrro
255 1094 397 1163 retractio
424 1105 511 1185 justa
539 1106 643 1180 luerit,
678 1106 850 1230 scilicetoii'
875 1107 950 1233 3¹6st
997 1112 1122 1177 Scilicet
1144 1113 1229 1176 Mars
1251 1112 1339 1175 nobis
1360 1119 1524 1192 reponetur

67 1203 72 1213 .
730 1200 736 1212 .
932 1205 941 1237 ,
1075 1204 1082 1218 .

382 1261 435 1328 rig.
456 1260 516 1314 000·
728 1197 1016 1368 50005940011503,
1048 1203 1098 1356 {lt
1109 1200 1523 1370 135880110θέ0015000300

725 1378 945 1455 observatione,
968 1381 995 1442 Β
1015 1382 1044 1443 in
1060 1381 1238 1462 posteriore,
1257 1380 1291 1442 M
1305 1382 1405 1444 Mars.
1439 1374 1520 1442 Oun-

724 1476 885 1530 nectantur
922 1470 1029 1533 lineae.
1089 1471 1130 1533 Et
1167 1468 1303 1552 quamvis
1338 1469 1427 1549 Mare
1463 1486 1520 1531 nou

675 1561 680 1597 ²
724 1556 860 1637 praecise
884 1560 1009 1622 redierit
1024 1558 1055 1621 in
1070 1560 1195 1622 eundem
1216 1561 1323 1633 locum,
1347 1556 1381 1620 in
1397 1565 1519 1636 utroque

726 1655 826 1706 tamen
850 1648 911 1709 situ
934 1656 1176 1729 repraesentetur
1199 1669 1217 1709 a
1244 1647 1325 1709 linea
1348 1646 1423 1711 OM.
1465 1644 1521 1708 Est

726 1734 817 1813 igitur
848 1735 942 1799 AMO
975 1732 1035 1801 280
1057 1734 1111 1801 410
1138 1732 1199 1799 1400
1230 1745 1262 1798 et
1289 1736 1348 1800 AO
1383 1729 1520 1799 101305.

726 1823 909 1888 Assumatur
927 1825 989 1888 ΜΟ
1010 1825 1156 1888 distantia
1177 1827 1288 1888 Martis
1300 1846 1321 1886 a
1335 1824 1409 1889 Sole
1432 1826 1521 1904 (quae

727 1912 776 1973 hic
800 1914 967 1994 quaeritur)
991 1917 1077 1996 quasi
1101 1915 1233 1995 cognita,
1256 1915 1355 1996 sitque
1383 1909 1519 1978 154200.

730 2000 828 2064 Cedet
850 2004 941 2084 igitur
965 2003 1028 2066 OM
1051 2006 1080 2066 in
1105 2000 1166 2068 150
1189 2002 1242 2068 310
1266 2000 1308 2067 300
1330 2014 1377 2083 tlt.
1417 2000 1521 2074 Quod·

728 2091 755 2151 si
787 2090 849 2155 OM
880 2094 910 2155 in
939 2095 1032 2174 priori
1069 2093 1280 2156 observatione
1312 2100 1361 2155 eet
1394 2086 1520 2157 154200

727 2190 872 2257 assumta,
896 2183 926 2243 in
948 2183 1112 2263 posteriori
1136 2182 1226 2245 debet
1253 2181 1369 2244 assumi
1392 2180 1519 2245 brevior.

730 2269 814 2332 Unus
853 2271 972 2352 quidem
1013 2272 1125 2352 gradus
1161 2272 1218 2333 hoc
1259 2268 1423 2354 eccentrici
1459 2269 1521 2333 loeo

173 2367 274 2424 mutat
297 2358 475 2423 distantiam
497 2353 563 2422 240
595 2357 769 2438 particulis,
800 2361 996 2441 qualicunque
1030 2363 1126 2423 forma
1158 2360 1320 2436 distantiae
1350 2355 1521 2422 exstruendi

173 2449 279 2515 utaris.
318 2450 402 2530 Ergo
426 2467 492 2510 curn
511 2448 559 2509 bic
575 2447 714 2508 differant
736 2447 940 2528 longitudines
959 2451 1074 2512 mediae
1093 2447 1154 2524 130,
1178 2457 1210 2511 et
1227 2449 1384 2512 subtracto
1402 2447 1520 2512 modulo

173 2539 395 2621 praecessionis
429 2545 547 2600 tantum
574 2533 615 2611 8;
652 2555 724 2615 pars
755 2539 991 2619 proportionalia
1021 2539 1058 2600 de
1088 2536 1155 2602 240
1187 2546 1235 2600 est
1261 2535 1313 2602 32.
1362 2537 1468 2610 Quare
1494 2535 1521 2598 in

175 2628 307 2691 secunda
329 2626 541 2691 observatione
564 2625 762 2690 assumsimus
782 2625 844 2688 OM
866 2622 1003 2692 154168.
1043 2628 1103 2692 Sed
1124 2636 1156 2689 et
1171 2625 1261 2689 OBM
1280 2627 1386 2703 scitur,
1408 2624 1522 2689 scilicet

75 2750 81 2765 ·
174 2714 235 2782 380
255 2716 289 2782 00
311 2714 389 2792 4000,
413 2724 445 2778 et
467 2714 522 2779 OB
547 2723 595 2776 est
619 2711 737 2779 98232.
784 2717 866 2796 Ergo
891 2719 979 2780 datur
1002 2715 1092 2779 OMB
1116 2712 1176 2780 230
1196 2713 1227 2780 60
1247 2714 1319 2791 1100,
1343 2734 1440 2798 quare
1463 2712 1521 2779 051

174 2806 394 2871 εεοιιιιάωνίοθ
417 2806 447 2867 in
474 2800 601 2867 150400
620 2799 662 2866 900
680 2815 725 2881 τη,
750 2805 890 2868 differens
913 2807 1042 2886 apriori
1067 2807 1133 2869 loco
1157 2805 1324 2867 eccentrico
1346 2823 1403 2886 per
1426 2800 1472 2871 90.
1482 2797 1522 2875 00)

172 2896 287 2961 Debuit
310 2896 428 2957 differre
451 2895 542 2976 paulo
561 2892 701 2972 amplius.
738 2895 816 2957 Nam
834 2895 1001 2957 anomaliae
1017 2895 1134 2958 mediae
1158 2895 1337 2957 differebant
1354 2913 1411 2976 per
1423 2888 1458 2958 80
1473 2888 1521 2968 300,

68 3065 70 3070 Ι
173 2986 280 3068 quibus
303 2985 334 3047 in
358 2984 489 3046 accentui
523 2990 690 3063 coaequata
721 2983 873 3045 anomalia
900 2986 955 3047 hoc
986 2985 1052 3046 loco
1085 2984 1268 3065 respondent
1291 2980 1322 3046 70
1344 2979 1423 3049 4900.
1469 2980 1520 3046 nu

172 3075 250 3138 adde
272 3072 516 3156 praecessionem
539 3071 795 3151 aequinoctiorum
817 3073 1023 3135 intermediam
1039 3069 1071 3137 40
1085 3068 1160 3147 4800,
1185 3072 1412 3135 accumulantur
1435 3071 1521 3152 igitur

175 3162 226 3227 120
250 3160 334 3238 3700,
368 3161 473 3223 debuit
501 3160 592 3239 igitur
624 3159 654 3220 in
688 3157 745 3223 150
773 3158 827 3225 430
854 3157 921 3225 4000
953 3173 988 3241 1η
1020 3162 1138 3227 cadere.
1184 3161 1280 3223 Paulo
1318 3160 1413 3242 igitur
1447 3159 1519 3223 aliae

173 3261 244 3316 sunt
266 3252 353 3316 nobis
378 3250 587 3329 suscipiendae
617 3249 781 3312 distantiae
806 3248 884 3323 OM,
909 3252 1081 3332 etquidem
1105 3252 1148 3314 sic
1171 3250 1368 3325 alterandae,
1390 3257 1427 3313 ut
1448 3243 1519 3334 ²⁸i⁸⁴

173 3341 297 3405 circiter
327 3342 397 3423 plus
426 3339 463 3401 ab
494 3339 621 3399 invicem
651 3338 810 3401 discedant
840 3339 936 3402 lineae
966 3340 1004 3402 ab
1033 3338 1096 3402 OM
1128 3346 1385 3420 repraesentatae.
1433 3340 1521 3412 Terra

138 3499 144 3512 ‚
173 3430 252 3494 enim
274 3432 305 3494 in
327 3432 358 3493 A
382 3436 523 3490 versante
547 3426 638 3487 debet
664 3424 727 3489 OM
750 3428 780 3493 in
804 3429 1014 3491 antecedentia
1036 3429 1167 3504 moveri;
1191 3428 1273 3490 etin
1298 3428 1519 3509 consequentia.

174 3522 269 3582 Terra
291 3518 322 3581 in
345 3519 382 3581 B.
428 3517 465 3579 Id
497 3523 598 3577 autem
624 3517 676 3591 fit,
709 3518 735 3579 si
760 3515 822 3578 OM
852 3518 990 3581 auxeris:
1022 3526 1057 3580 ut
1086 3518 1183 3600 primo
1215 3517 1282 3579 loco
1316 3516 1359 3580 sit
1384 3512 1519 3592 154400,

174 3609 308 3672 secunda
329 3607 396 3670 vice
425 3601 562 3670 154308.
609 3606 692 3666 Tunc
722 3605 801 3669 enim
832 3607 914 3669 cadit
935 3605 998 3670 OM
1025 3607 1152 3688 primum
1175 3606 1206 3669 in
1231 3602 1368 3671 150290
1390 3601 1459 3671 3400
1479 3616 1518 3685 tt,

174 3698 306 3760 secundo
330 3697 359 3759 in
386 3691 445 3759 150
467 3691 522 3758 420
548 3691 610 3757 1800
634 3703 678 3771 m.

260 3785 320 3848 Est
355 3792 456 3847 autem
492 3782 643 3846 anomalia
675 3782 775 3845 media
806 3782 900 3861 primo
933 3792 1065 3866 tempore
1097 3779 1159 3848 870
1190 3780 1221 3847 90
1253 3778 1340 3853 2400,
1388 3780 1518 3867 sequenti
1549 3807 1558 3817 ·

172 3870 233 3941 870
258 3871 310 3940 160
334 3871 409 3938 3000.
457 3872 557 3952 Atque
581 3872 654 3934 haec
678 3873 706 3933 in
732 3873 915 3953 longitudine
938 3873 1038 3936 media
1063 3874 1173 3953 priore.

261 3964 320 4027 Pro
344 3962 531 4042 longitudine
553 3962 654 4023 media
677 3963 774 4023 altera
789 3962 902 4023 serviet
924 3961 1010 4024 nobis
1025 3962 1195 4025 observatio
1215 3961 1284 4023 anui
1305 3957 1403 4027 1595.
1420 3977 1517 4027 meuse

87 4091 95 4106 κ
171 4052 345 4127 Decembri,
376 4051 452 4113 bene
481 4051 597 4112 munita
620 4069 767 4112 consensu
790 4050 906 4131 aliquot
928 4052 1041 4114 dierum
1063 4053 1318 4124 continuatorum
1347 4058 1382 4113 et
1403 4050 1448 4115 ibi
1468 4047 1519 4115 loci

171 4144 264 4207 etiam
294 4140 408 4204 vicaria
438 4139 613 4222 hypothesis
641 4140 680 4200 ad
709 4158 837 4218 unguem
869 4141 1109 4221 repraesentavit
1140 4141 1237 4203 locum
1258 4139 1370 4203 Martie
1394 4158 1518 4223 acrouy·

172 4232 270 4297 obium
300 4230 426 4293 Octobri
454 4229 663 4309 praecedente.
717 4229 924 4308 Adjnngemus
961 4247 1123 4292 consensus
1167 4249 1258 4291 causa
1295 4237 1328 4291 et
1360 4226 1518 4293 Octobrem

79 4365 81 4369 ,
125 4383 131 4396 ,
172 4320 243 4386 anni
268 4318 363 4385 1597.
408 4318 545 4400 Reliquis
569 4319 655 4381 annis
679 4318 856 4379 observatus
880 4337 936 4381 non
961 4326 1009 4379 est
1031 4319 1087 4380 boc
1111 4319 1240 4381 eccentri
1255 4319 1332 4380 loco.
1369 4317 1454 4383 Mam
1470 4337 1517 4383 ct·

171 4410 217 4474 dit
257 4411 341 4473 locus
381 4408 565 4470 eceentricus
595 4407 624 4469 in
662 4404 719 4470 100
747 4411 793 4479 Π,
845 4408 946 4488 itaque
978 4409 1062 4469 Mars
1095 4408 1151 4469 hoc
1182 4408 1248 4469 loco
1284 4425 1415 4471 versans
1446 4422 1518 4477 auno

178 4496 272 4564 1580.
297 4499 376 4561 Nov.
400 4497 458 4559 fuit
481 4497 657 4558 observatus
682 4495 794 4565 ultimo.
827 4497 916 4559 Anno
944 4494 1028 4560 1582
1051 4496 1079 4557 in
1103 4494 1266 4558 Octobrem
1289 4495 1398 4563 incidit
1413 4494 1516 4578 sinsin

173 4589 251 4652 bunc
273 4589 372 4651 locum
395 4589 552 4660 adventus,
576 4604 640 4646 cum
665 4586 793 4647 nondum
816 4585 947 4647 ferveret
969 4586 1148 4648 observandi
1171 4585 1317 4659 studium3
1341 4604 1424 4649 auno
1440 4577 1517 4650 1584

173 4678 204 4738 in
227 4675 450 4760 Septembrem,
476 4670 561 4751 1586
585 4672 764 4745 inlutum,
791 4671 1079 4750 reserarentur,
1105 4670 1190 4738 1590
1213 4672 1242 4736 iu
1263 4674 1415 4754 Aprilem.
1439 4666 1517 4741 1592

174 4766 206 4828 iu
228 4765 386 4839 Martium,
417 4765 524 4847 quibus
546 4762 745 4841 temporibus,
777 4761 841 4826 Soli
872 4763 987 4826 moinus
1019 4763 1058 4824 ob
1090 4762 1271 4826 breuitatem
1297 4771 1331 4826 et
1353 4763 1517 4829 claritatem

172 4853 304 4921 noctium
325 4853 356 4917 iu
377 4853 491 4930 Dauia,
515 4852 670 4933 neglectus
694 4852 764 4929 tuit,
788 4871 854 4917 cum
875 4853 974 4917 stellis
995 4851 1072 4930 fixis,
1095 4852 1200 4916 Lunae
1225 4852 1418 4938 planetisque
1446 4850 1516 4919 reli·
