3354 5504
671 299 703 336 ·⁸
719 284 828 351 belm
845 283 986 337 emm*
1445 283 1508 351 711

151 428 245 522 illam
273 460 413 523 incedere
441 461 556 542 fingas:
588 461 681 525 toties
709 462 874 525 intenditur
900 470 1000 526 motus
1030 462 1096 542 ejus
1124 462 1274 525 celeritas.
1320 464 1426 547 Itaque
1447 462 1512 529 vim
1557 488 1560 493 ·

159 549 310 630 quandam
334 551 472 615 movendi
497 549 611 627 obtinet
633 559 749 614 tractus
773 553 834 614 ille.
882 549 970 624 Quod
997 552 1103 614 mirum
1131 571 1199 614 esee
1223 552 1344 616 minime
1366 552 1458 617 debet
1478 552 1512 617 in

159 639 337 718 corporibus
360 638 551 715 coelestibus,
576 660 652 723 quae
675 660 734 703 non
750 649 874 704 externa
888 641 918 703 vi
937 640 1078 717 vectium,
1102 649 1258 703 ventorum
1281 650 1336 704 ant
1356 660 1511 725 equarum

160 728 230 793 sed'
247 729 369 792 nuthus
400 729 688 807 perfectissimarum
717 732 859 795 mentium
887 722 919 792 et
948 730 1132 811 geometriae
1163 730 1378 812 imaginatione
1409 731 1513 814 topica

159 817 287 880 cientur.
333 817 386 880 Sic
414 818 506 898 igitur
532 818 628 881 habe:
661 820 720 882 nisi
751 820 866 882 inesset
894 820 925 880 in
955 820 1008 883 illo
1037 827 1137 882 tractu
1165 820 1213 882 vis
1242 821 1319 883 haec
1341 814 1517 885 adventitia·

159 907 355 987 promovendi
377 925 486 988 corpus
508 908 631 983 Lunae,
662 917 779 971 tantum
806 910 937 971 futurum
961 910 1024 988 ejus
1047 917 1158 972 motum
1188 909 1338 985 medium,
1369 917 1513 991 qnantum

160 1014 232 1058 esse
256 996 336 1058 solet
358 995 388 1058 in
411 998 602 1078 quadraturis
627 997 751 1071 (ceteris
774 999 932 1078 paribus):
963 1000 1064 1079 plures
1085 1017 1159 1060 vero
1183 998 1213 1060 in
1235 1019 1296 1060 una
1318 997 1513 1062 restitutione
1622 1058 1625 1063 .

159 1084 254 1149 horas
277 1085 356 1159 fore,
386 1106 476 1168 qnam
502 1087 569 1166 jam
596 1087 721 1150 obtinet
767 1088 812 1150 At
834 1087 986 1168 quiajam
1010 1088 1129 1150 accedit
1150 1087 1204 1149 illa
1231 1087 1323 1150 motio
1347 1094 1511 1164 menstrua,
1614 1138 1619 1147 .

159 1173 264 1255 colligi
286 1173 371 1237 illam
393 1194 519 1238 necesse
544 1185 591 1239 est
614 1184 646 1238 et
667 1177 782 1239 intendi
805 1176 891 1238 initio
911 1176 1008 1250 tarde,
1034 1196 1101 1239 cum
1114 1177 1202 1238 Luna
1217 1177 1298 1239 circa
1312 1178 1518 1259 quadraturae

158 1262 304 1326 brevibus
325 1265 466 1345 passibus
488 1265 528 1326 ad
551 1264 659 1327 lineam
677 1264 737 1327 ΑΚ
754 1267 993 1346 appropinquat3
1016 1266 1066 1328 ubi
1087 1266 1221 1347 proxime
1244 1266 1372 1341 venerit,
1395 1266 1514 1346 majora

159 1352 250 1433 hujus
272 1351 459 1416 incitationis
481 1355 666 1417 incrementa
689 1363 774 1429 sunt,
806 1355 885 1436 quod
907 1354 993 1416 Luna
1016 1375 1033 1417 e
1061 1355 1176 1418 directo
1199 1357 1231 1418 in
1254 1356 1365 1418 lineam
1387 1355 1513 1425 involet,

159 1460 220 1503 non
243 1449 280 1505 ut
299 1442 384 1523 prius
407 1463 447 1506 ex
475 1443 605 1523 obliquo.
651 1444 797 1525 Adeoque
826 1462 902 1525 quae
935 1452 984 1505 est
1013 1444 1168 1525 proportio
1201 1445 1319 1507 sinuum
1349 1445 1514 1508 distantiae

159 1531 269 1593 Lunae
288 1530 396 1593 aSole
418 1532 468 1593 vel
491 1533 557 1612 ejus
580 1533 729 1613 opposito,
754 1533 829 1595 haec
852 1541 901 1594 est
921 1534 1077 1614 proportio
1102 1534 1372 1598 incitamentorum.
1411 1531 1513 1605 Quare

160 1620 190 1683 si
211 1638 424 1700 usurparemus
447 1623 551 1684 Lunae
574 1630 685 1684 motum
708 1642 762 1704 pro
785 1622 892 1696 medio,
918 1631 1048 1703 quantus
1072 1624 1101 1684 in
1125 1624 1316 1703 quadraturis
1339 1632 1406 1685 est:
1431 1642 1514 1685 sem·

159 1728 217 1791 per
232 1709 410 1773 adderemus
426 1710 472 1773 illi
487 1711 670 1773 incitationis
690 1704 813 1792 aliquid}
836 1711 992 1774 minimum
1014 1721 1116 1775 tamen
1139 1712 1168 1772 in
1192 1712 1393 1794 quadraturis,
1417 1712 1514 1793 pluri-

161 1818 245 1861 mum
267 1799 299 1861 iu
322 1800 463 1882 syzygiis.
500 1804 545 1863 At
568 1801 639 1880 quia
661 1800 827 1881 antiquitus
850 1801 929 1863 hune
951 1820 1005 1881 pro
1028 1802 1126 1864 medio
1149 1809 1231 1863 motu
1254 1802 1440 1874 adhibemus,
1464 1801 1514 1882 qni

162 1888 271 1951 existit
291 1889 388 1952 diviso
411 1889 521 1952 circulo
544 1890 573 1951 ln
597 1890 662 1951 dies
682 1891 767 1952 unius
788 1890 1002 1965 restitutionis,
1023 1890 1119 1953 ubivis
1137 1890 1191 1952 illa
1208 1891 1312 1983 altera
1333 1893 1512 1955 commisce-

162 1986 224 2052 tur,
248 1977 318 2041 hinc
341 1979 447 2041 existit
469 1986 572 2041 tantus
594 1987 703 2053 motus,
728 1987 856 2060 quantus
879 1988 928 2042 est
950 1979 1059 2041 ceteris
1082 1978 1203 2060 paribus
1225 1980 1324 2042 medio
1347 1980 1414 2041 loco
1437 1981 1515 2042 inter
1575 2048 1579 2055 ,

162 2067 381 2149 quadraturam
405 2076 437 2128 et
459 2068 613 2148 copulam,
642 2068 691 2130 ubi
714 2079 746 2130 et
769 2068 844 2130 haec
867 2069 955 2130 modo
978 2070 1131 2149 descripta
1152 2068 1332 2131 acceleratio
1355 2068 1520 2132 mediocris-

164 2164 224 2218 est.
270 2157 301 2218 ls
325 2156 417 2237 igitur
439 2165 538 2219 motus
568 2157 639 2238 quia
667 2158 697 2218 in
728 2157 842 2238 copulis
871 2176 982 2238 parvus
1013 2165 1079 2229 est,
1111 2157 1141 2218 in
1173 2158 1363 2240 quadraturis
1395 2159 1513 2233 nimius,

165 2264 356 2328 consequens
380 2255 443 2322 est,
468 2255 502 2308 ut
524 2245 585 2308 illic
609 2254 756 2326 augeatur
778 2247 826 2309 hic
850 2247 1017 2310 minuatur:
1041 2246 1120 2309 unde
1144 2266 1233 2330 quam
1255 2247 1337 2328 prius
1361 2248 1514 2310 accelera-

162 2336 279 2398 tionem
307 2335 356 2397 vel
381 2334 589 2409 incitationem
621 2334 702 2410 dixi,
736 2335 913 2398 variationis
944 2355 1051 2398 nomen
1080 2336 1160 2417 apdd
1188 2336 1360 2419 Tychonem
1388 2337 1512 2399 obtinet.

162 2425 251 2487 Haec
274 2424 311 2485 de
334 2425 390 2486 hac
413 2424 579 2488 variatione
603 2425 701 2486 dicere
724 2425 822 2499 volni,
853 2426 963 2504 partim
986 2445 1022 2486 ne
1053 2425 1206 2488 circellum
1230 2426 1295 2505 ejus
1319 2426 1437 2489 viderer
1459 2445 1514 2488 ne-

163 2513 318 2594 glexisse,
350 2514 401 2595 qui
423 2523 472 2577 est
492 2521 611 2575 tantum
633 2515 673 2575 ad
703 2532 875 2576 mensuram
899 2523 1075 2595 susceptus,
1109 2535 1167 2577 non
1192 2516 1230 2577 ad
1254 2523 1353 2577 motus
1377 2516 1512 2588 sormam,

163 2603 278 2685 partim
300 2610 335 2664 ut
357 2602 500 2665 lectorem
519 2622 632 2664 mecum
648 2602 793 2682 paulatim
810 2604 841 2664 in
857 2603 1140 2683 contemplationem
1157 2604 1315 2685 physicam
1334 2603 1514 2667 inducerem.

164 2693 247 2754 Nam
269 2692 349 2754 idem
376 2693 465 2773 plane
496 2692 666 2773 (physicum
693 2695 814 2773 nempe)
841 2692 984 2772 judicium
1012 2693 1167 2755 ferendum
1194 2693 1316 2755 taudem
1345 2694 1402 2755 erit
1425 2703 1456 2756 et
1479 2692 1515 2755 de

165 2781 225 2843 hoc
247 2781 368 2843 residuo
392 2781 524 2863 epicyclo
546 2780 614 2857 ΓΕ,
647 2800 734 2861 quern
762 2781 933 2862 parallaxes
956 2782 1093 2844 Lunares
1122 2782 1304 2862 aTychone
1335 2785 1515 2844 observatae

165 2876 313 2949 respuunt
344 2889 399 2931 nec
427 2869 599 2950 patiuntur,
628 2870 745 2932 Lunam
772 2888 824 2951 per
855 2871 936 2932 illum
968 2871 1060 2933 etiam
1087 2871 1186 2932 attolli
1218 2871 1267 2931 vel
1300 2870 1433 2951 deprimi.
1480 2872 1516 2939 In

166 2959 306 3021 examine
330 2960 408 3021 enim
431 2958 639 3040 parallaxium‚
664 2979 740 3039 quas
756 2959 843 3021 Luna
865 2960 895 3021 in
918 2960 1109 3040 quadraturis
1132 2967 1297 3038 pateretur,
1321 2960 1516 3021 discursitare

165 3048 375 3111 inveniebatur
398 3069 417 3110 a
439 3045 482 3111 54
507 3048 737 3110 semidiametris
756 3050 867 3110 Terrae
891 3049 920 3111 in
945 3045 988 3111 60
1011 3050 1138 3111 circiter.
1177 3048 1261 3120 Quos
1284 3048 1389 3130 Tycho
1411 3048 1516 3111 termi-

164 3157 224 3199 nos
246 3136 407 3218 hypothesi
434 3138 569 3199 serviens
600 3138 776 3219 prorogavit
803 3159 822 3198 a
849 3134 892 3200 52
916 3136 945 3198 in
970 3135 1030 3214 61,
1064 3138 1141 3221 quod
1174 3138 1237 3216 ipse
1264 3138 1295 3199 in
1323 3138 1455 3220 capitulo
1478 3137 1516 3199 do

164 3218 273 3288 Lun'ae
295 3227 502 3307 parallaxibus
528 3227 631 3288 innuit.
679 3226 809 3288 Dubium
832 3246 891 3289 non
915 3234 979 3300 est,
1004 3227 1074 3309 qniu
1099 3227 1276 3307 simpliciter
1300 3227 1416 3289 tamin
1440 3247 1517 3309 qua-

164 3316 300 3379 draturis
323 3336 413 3398 quarn
436 3318 465 3376 in
495 3316 609 3395 copulis
638 3316 716 3377 idern
748 3316 881 3395 spatium
907 3312 927 3378 6
952 3317 1072 3378 circiter
1094 3316 1382 3378 semidiametrorum
1405 3317 1517 3379 Terrae

165 3424 296 3467 ascensu
320 3406 524 3486 descensuque
554 3415 697 3485 occupet,
726 3404 815 3487 idque
843 3423 897 3486 per
926 3405 1180 3469 eecentricitatem
1202 3406 1261 3469 AB
1289 3425 1342 3468 seu
1373 3406 1519 3467 latentem

166 3495 197 3556 in
225 3496 392 3558 eecentrico
416 3494 580 3575 epicyelum
605 3502 709 3557 tantae
734 3493 961 3556 semidiametri.

216 3760 437 3841 Explicatio
468 3768 505 3822 et
534 3759 1072 3911 accommodptiohtabularum
1101 3762 1466 3826 transformatarum

725 3869 744 3910 a
797 3868 837 3910 sc
870 3869 957 3912 ema

258 4028 334 4091 'l'res
357 4036 428 4091 sunt
448 4026 637 4109 potissimum
659 4026 800 4101 tabulae;
825 4027 853 4088 in
878 4027 987 4106 prioris
1005 4027 1103 4108 prima
1118 4028 1255 4089 columna
1274 4034 1417 4090 notantur
1439 4036 1518 4091 tem-

164 4138 255 4201 pora,
279 4118 385 4198 quibus
409 4127 479 4178 ante
502 4116 590 4179 finem
609 4115 755 4196 adscripti
778 4117 806 4178 in
830 4115 963 4196 margine
992 4118 1062 4179 anni
1086 4124 1220 4180 centrum
1243 4116 1369 4198 epicycli
1394 4117 1518 4191 (ceteris

163 4207 307 4291 paribus)
330 4206 362 4269 in
384 4225 519 4286 apogaeo
551 4226 604 4269 sen
634 4213 745 4288 puncto
768 4206 797 4266 H
820 4204 911 4267 fuerit
933 4224 1097 4288 novamque
1121 4206 1277 4285 periodum
1299 4205 1391 4268 fuerit
1413 4206 1517 4288 auspi-

165 4306 281 4361 catum.
326 4297 363 4359 In
393 4296 525 4358 secunda
555 4296 693 4358 columna
724 4302 846 4356 notatur
878 4295 961 4356 locus
991 4297 1052 4357 ΑΗ
1085 4296 1139 4357 sub
1173 4294 1332 4376 ecliptica,
1364 4294 1395 4358 in
1426 4296 1519 4358 tertia

167 4389 256 4450 locus
279 4385 360 4449 nodi.
1206 4429 1210 4437 .

260 4476 292 4539 ln
320 4474 469 4537 secundae
497 4473 618 4535 tabulae
646 4472 781 4551 margine
810 4470 930 4532 sinistro
963 4477 1034 4532 sunt
1065 4471 1178 4550 gradrm
1210 4472 1320 4552 integri
1350 4472 1517 4535 anomaliae

166 4571 356 4646 coaequatae
380 4564 474 4625 centri
498 4562 623 4644 epicyoli
646 4582 700 4625 eeu
722 4559 810 4623 ΗΑΒ
836 4559 947 4640 anguli,
972 4559 1009 4621 ab
1028 4560 1089 4623 ΑΗ
1111 4579 1204 4639 usque
1229 4561 1268 4621 ad
1283 4562 1329 4622 AI
1352 4562 1400 4624 vel
1427 4557 1515 4626 180⁰.

165 4658 205 4719 In
228 4653 326 4733 prima
348 4653 486 4715 columna
508 4660 579 4714 sunt
600 4659 735 4731 tempora
759 4649 806 4710 his
834 4647 978 4728 gradibus
1007 4649 1239 4729 respondentia,
1271 4668 1337 4711 cum
1367 4650 1518 4730 adjunctis

164 4743 347 4808 differentiis
381 4750 547 4823 temporum
579 4741 703 4803 cuilibet
734 4738 851 4816 integro
879 4737 984 4818 gradui
1013 4738 1274 4820 respondentibus.
1321 4739 1355 4800 ln
1386 4739 1518 4802 secunda

166 4842 221 4901 est
242 4839 343 4897 motus
365 4830 494 4914 apogaei
515 4830 588 4905 ΑΗ,
611 4829 795 4910 temporibus
818 4825 981 4908 adscriptis
1004 4828 1198 4908 respondens.
1245 4828 1282 4890 ln
1304 4829 1396 4892 tertia
1418 4838 1517 4892 motus
