3354 5504
634 299 1114 366 mmmm·
1437 299 1501 372 w

162 481 262 543 subito
276 481 401 561 pltneta
414 499 532 560 proram
547 486 720 541 convertere
735 478 899 554 diceretur;
915 482 994 561 quod
1004 481 1122 561 quidem
1134 478 1261 544 diximus
1276 500 1340 562 cap.
1348 478 1498 544 XXXIX.

163 570 255 632 etiam
278 569 491 650 experimentis
518 569 759 631 observationum
788 588 952 649 repugnare
980 569 1154 635 clarissime.
1202 570 1277 634 Cum
1301 570 1392 650 igitur
1413 588 1499 631 men·
1547 628 1550 633 ,
1668 566 1672 576 ”

164 662 233 722 sura
257 658 426 721 librationis
448 658 537 738 hujus
560 659 685 737 digitum
709 658 866 720 admodum
895 660 1064 722 naturalem
1092 658 1245 736 intendat,
1271 679 1362 722 causa
1384 678 1499 740 quoque

161 748 310 811 naturalis
333 748 409 821 erit;
433 766 538 827 nempe
561 767 618 809 non
643 766 725 808 mens
748 747 898 826 planetae,
923 749 977 810 sed
1000 748 1144 812 naturalis
1168 756 1221 811 aut
1239 749 1314 811 forte
1338 747 1501 829 corporalis

161 838 262 920 aliqua
283 837 424 898 facultas.

248 927 296 988 Ac
320 945 386 987 cum
409 925 449 986 sit
472 923 558 986 nobis
581 941 645 1002 cap.
669 922 822 989 XXXIX.
848 944 885 985 ex
915 925 1036 1005 optimis
1068 925 1234 989 rationibus
1256 926 1287 987 in
1310 942 1499 1009 praesuppo-

163 1015 239 1089 sitis,
262 1035 321 1077 non
344 1034 432 1096 posse
456 1013 608 1093 planetam
631 1012 840 1075 transitionem
872 1014 971 1076 fecere
995 1015 1031 1077 de
1055 1016 1120 1078 loco
1142 1015 1173 1077 in
1197 1015 1302 1090 locum,
1326 1014 1406 1077 nuda
1428 1032 1501 1075 con-

161 1104 294 1169 tentibne
314 1104 419 1166 virium
434 1102 599 1176 insitarum,
624 1101 681 1164 nisi
696 1102 874 1181 adjuventur
896 1112 949 1165 aut
967 1103 1161 1168 informentur
1174 1104 1246 1166 illae
1262 1125 1282 1166 a
1295 1102 1324 1164 vi
1340 1110 1497 1165 extranea:

164 1194 356 1274 cogitandum
389 1192 495 1272 igitur,
526 1191 551 1252 si
575 1210 632 1270 quo
659 1199 747 1271 pacto
778 1191 836 1270 ipsi
868 1191 959 1254 etiam
990 1194 1095 1256 virtuti
1118 1193 1217 1256 Solari
1250 1191 1499 1255 transscribamus

161 1283 236 1345 banc
268 1282 456 1344 librationem
485 1300 522 1340 ex
553 1288 647 1358 parte.
702 1281 739 1341 Id
775 1280 932 1343 molientes
965 1282 1004 1343 ad
1033 1302 1130 1345 remos
1162 1291 1281 1346 nostros
1313 1281 1378 1361 jam
1409 1299 1500 1360 snpra

162 1391 227 1453 cap.
251 1371 402 1434 XXXIX.
428 1370 613 1431 introductos
637 1369 843 1447 relegabimur.
891 1368 940 1431 Sit
962 1372 1040 1433 enim
1069 1375 1176 1435 flumen
1204 1371 1325 1452 aliquod
1353 1368 1498 1433 circulare

163 1459 349 1535 CDEFGH,
374 1460 403 1520 in
427 1478 461 1520 eo
486 1459 527 1520 sit
549 1466 658 1533 nauta,
692 1458 741 1539 qui
770 1477 882 1520 remum
909 1459 998 1540 duplo

164 1550 305 1630 temporis
329 1548 470 1628 periodici
502 1546 642 1625 planetae
675 1548 767 1608 semel
790 1555 946 1610 convertat
969 1548 999 1610 vi

165 1639 257 1700 insita
280 1646 312 1698 et
334 1635 587 1718 aequabilissima,
612 1636 654 1697 sic
669 1645 702 1697 ut
724 1637 754 1698 in
778 1633 803 1698 C
826 1636 901 1698 remi
922 1637 1005 1698 linea
1075 1647 1103 1688 E*

163 1728 198 1789 ad
220 1727 331 1789 lineam
347 1747 384 1787 ex
398 1725 469 1787 Sole
490 1725 529 1786 stt
544 1732 637 1800 recta,
661 1724 784 1786 alternis
807 1723 1002 1789 reditionibus

162 1836 235 1879 nunc
277 1835 413 1896 proram,
453 1833 529 1876 nunc
569 1813 691 1895 puppim
722 1813 753 1874 in
788 1816 1002 1896 consequentia
1137 1862 1186 1899 d„

162 1905 314 1985 dirigens;
336 1905 366 1966 in
389 1907 414 1966 F
437 1923 508 1964 vero
533 1902 574 1964 sit
597 1903 676 1964 linea
705 1901 779 1965 remi
809 1922 880 1983 pars
904 1904 1000 1966 lineae
1109 1901 1145 1922 ''

162 2015 196 2056 ex
211 1993 295 2070 Sole,
319 1995 349 2054 in
374 1993 447 2054 locis
462 1993 570 2054 ceteris
585 1991 647 2053 sint
664 1991 889 2054 inclinationum
903 1993 1001 2055 inter-

161 2083 266 2145 media.
311 2083 436 2143 Flumen
469 2082 560 2160 igitur
592 2080 622 2141 in
645 2080 737 2155 D,E
768 2100 856 2161 super
889 2101 1002 2144 remum

164 2173 289 2235 influens
313 2172 461 2251 deprimet
483 2189 589 2232 navem
614 2188 720 2231 versus
742 2171 783 2245 A,
807 2191 826 2230 a
849 2168 874 2232 C
897 2190 1003 2251 parum
1062 2214 1076 2249 r
1099 2208 1102 2213 ·

163 2261 329 2334 admodum,
354 2261 425 2340 quia
446 2278 551 2339 parum
576 2265 608 2319 et
627 2257 786 2320 inclinatur
808 2258 863 2320 illa
871 2278 880 2334 ;
904 2259 947 2321 sic
971 2267 1003 2322 et
1133 2272 1135 2279 ’

162 2350 257 2424 inF,
289 2349 358 2430 quia
380 2350 410 2410 in
443 2348 499 2409 huc
530 2346 656 2409 articulo
689 2349 797 2409 flumen
829 2347 858 2409 in
888 2367 1001 2411 remum

164 2439 274 2501 directe
300 2438 455 2519 impingit:
480 2438 509 2499 in
532 2437 611 2511 D,E
635 2455 705 2498 vero
721 2435 838 2511 fortius,
863 2437 932 2516 quia
954 2437 1002 2501 hic

162 2548 258 2591 remus
283 2529 406 2589 multum
429 2527 467 2587 ad
490 2526 566 2587 hunc
591 2543 744 2586 accessum
767 2524 931 2606 dispositus
954 2536 1003 2589 est

162 2616 353 2680 inclinatione
384 2636 447 2677 sua.
503 2614 692 2678 Contrarium
721 2614 821 2676 evenit
851 2615 881 2676 in
915 2614 1100 2704 semicirculo
1131 2617 1321 2680 ascendente.
1375 2617 1500 2680 Flumen

161 2706 238 2768 enim
270 2705 324 2768 sub
356 2724 469 2767 remum
501 2703 617 2765 illatum
639 2703 670 2765 in
694 2701 741 2778 G,
766 2703 795 2764 H
825 2704 957 2784 expellet
987 2704 1070 2768 illum
1092 2725 1111 2765 a
1133 2704 1214 2768 Sole.
1266 2706 1363 2770 Simul
1390 2713 1422 2768 et
1442 2705 1500 2768 hoc

161 2795 226 2869 erit,
249 2802 285 2855 ut
298 2795 406 2855 ceteris
429 2793 549 2873 paribus
573 2791 642 2855 inc
666 2790 837 2855 lentior-sit
854 2792 1000 2873 impulsus
1023 2813 1112 2875 quam
1133 2793 1165 2855 in
1180 2795 1214 2870 F,
1237 2814 1272 2857 eo
1288 2795 1367 2877 quod
1389 2794 1497 2858 flumen

161 2892 296 2945 nostrum
319 2883 349 2944 iu
374 2881 398 2944 G
423 2890 471 2944 est
493 2880 600 2955 debile,
625 2880 653 2942 iu
676 2882 702 2942 F
723 2880 811 2943 forte.
856 2881 957 2962 Atque
979 2881 1010 2945 id
1039 2881 1191 2944 etiamad
1218 2891 1322 2947 votnm
1351 2889 1498 2954 nostrum,
1542 2946 1544 2950 ,

161 2972 231 3053 quia
252 2971 373 3034 libratio
397 2979 501 3034 nostra
531 2970 661 3032 eccentri
693 2971 830 3052 aequalia
853 2970 952 3051 spatia
978 2970 1173 3053 sequebatur,
1207 2992 1330 3055 quorum
1352 2971 1383 3039 in
1404 2991 1497 3054 aupe-

162 3059 290 3124 rioribus
315 3062 438 3141 planeta
460 3067 596 3121 versatur
619 3058 729 3122 diutius
753 3078 841 3141 qnam
863 3060 893 3122 in
918 3059 1115 3124 inferioribus.

247 3146 426 3230 Exemplum
458 3148 514 3209 hoc
544 3148 639 3209 solam
669 3146 714 3209 rei
749 3148 981 3229 possibilitatem
1013 3149 1110 3212 docet.
1172 3147 1212 3213 Se
1245 3148 1309 3230 ipso
1342 3147 1420 3212 enim
1451 3157 1500 3213 est

161 3237 305 3301 alienius:
335 3238 405 3320 quia
430 3235 635 3300 restitutiones
663 3237 734 3300 remi
764 3244 797 3299 et
818 3238 947 3302 fluminis
969 3259 1027 3302 non
1050 3238 1155 3301 eodem
1178 3239 1231 3303 sed
1253 3237 1342 3318 duplo
1364 3245 1498 3319 tempore

161 3327 292 3409 perficit;
324 3335 355 3390 et
377 3327 447 3409 quia
471 3325 562 3388 facies
586 3327 774 3406 planetamm
797 3346 834 3388 cx
856 3328 951 3390 Terra
974 3326 1208 3410 adspicientibus
1230 3327 1368 3390 videntur
1388 3328 1498 3392 mutari

162 3417 290 3490 debere;
314 3417 416 3479 Lunae
441 3434 510 3477 vero
536 3414 638 3490 facies,
661 3424 695 3477 ut
717 3435 792 3497 quae
816 3435 882 3478 cum
903 3417 1033 3498 planetis
1056 3417 1143 3479 ineo
1166 3423 1248 3479 motu
1265 3415 1435 3498 participat,
1460 3418 1497 3480 de

161 3527 216 3587 quo
239 3505 291 3568 hic
313 3505 517 3586 disputamus,
542 3524 601 3565 non
622 3512 754 3566 mutatur
777 3503 901 3568 circuitu
924 3513 1091 3583 menstruo,
1122 3506 1175 3568 sed
1197 3506 1235 3568 ad
1257 3506 1397 3581 Terram,
1420 3508 1498 3569 unde

161 3602 350 3676 computatur
377 3594 442 3675 ejus
471 3593 698 3667 eccentricitas‚
726 3602 869 3673 perpetuo
892 3595 1083 3658 convertitur.
1129 3594 1235 3669 Adde,
1263 3594 1342 3676 quod
1364 3613 1432 3658 cum
1452 3596 1499 3659 vie

160 3682 289 3747 fluminis
317 3684 358 3745 sit
387 3681 552 3745 materialis
581 3684 674 3762 (aqua
703 3680 785 3745 enim
810 3681 851 3744 ibi
880 3684 944 3764 agit
969 3685 1099 3765 pondere
1127 3691 1159 3745 et
1180 3682 1291 3763 impetu
1314 3684 1499 3761 materiato),
1543 3746 1549 3758 ,

160 3774 204 3835 vis
228 3771 311 3835 Solis
335 3771 545 3834 immateriata.
591 3771 692 3833 Aliter
710 3762 801 3850 igitur
823 3790 889 3833 cnm
910 3773 1041 3852 planetis
1060 3779 1263 3855 comparatum
1282 3791 1349 3837 esse
1370 3782 1498 3855 oportet,

160 3882 212 3925 nec
242 3880 334 3936 remo,
371 3861 566 3923 instrumento
598 3860 762 3940 corporali,
790 3859 965 3941 indigebunt
986 3861 1025 3924 ad
1048 3862 1108 3924 vim
1128 3862 1290 3944 pondemm
1323 3863 1372 3938 (nt
1394 3863 1498 3944 quibus

161 3959 245 4015 caret
266 3948 349 4012 Solis
379 3949 432 4011 illa
462 3949 577 4029 species
600 3950 724 4031 mutrix)
753 3949 966 4029 excipiendam.
1016 3949 1097 4014 Sane
1124 3969 1220 4032 neque
1244 3951 1392 4032 corporali
1414 3971 1496 4014 remo
1516 3946 1546 4039 ι’

160 4041 317 4121 dignamur
340 4037 454 4114 sidera,
487 4038 658 4119 quantisper
680 4037 734 4100 illa
756 4038 914 4102 statuimus
936 4040 1072 4104 rotunda
1118 4037 1181 4102 Sed
1212 4039 1346 4104 naeeitur
1375 4060 1413 4103 ex
1439 4041 1498 4105 bac

159 4129 225 4211 ipsa
248 4128 430 4191 refutatione
454 4127 619 4207 exemplum
642 4127 740 4203 aliud,
764 4128 842 4209 quod
864 4128 1003 4192 fortassis
1026 4129 1084 4192 erit
1105 4128 1366 4192 accommodatius.
1400 4130 1497 4204 Quale

1183 1512 1236 1577 rig.
1257 1508 1315 1560 11³.

161 4220 277 4292 flumen,
303 4216 374 4278 talis
391 4232 505 4281 ¹nemus.
551 4217 675 4278 Flumen
695 4224 743 4279 est
762 4217 877 4297 species
891 4217 1091 4281 immateriata
1103 4218 1224 4281 virtutis
1238 4217 1268 4281 in
1281 4216 1354 4281 Sole
1371 4237 1497 4301 magne-
1605 4262 1610 4269 -

159 4307 247 4372 ticae.
294 4303 375 4376 Quin
406 4305 498 4386 igitur
521 4313 554 4368 et
575 4325 674 4368 remus
697 4307 734 4368 de
757 4314 895 4387 magnete
924 4307 1075 4390 quippiam
1101 4307 1233 4371 habeat?
1274 4305 1401 4389 Quidsi
1423 4305 1494 4389 ergo

160 4414 286 4479 corpora
315 4394 504 4476 planetarum
535 4395 634 4459 omnia
663 4402 733 4457 sunt
761 4395 897 4476 ingentes
928 4395 1050 4478 qnidam
1077 4397 1197 4460 rotundi
1228 4397 1406 4479 magnetes?
1448 4399 1495 4462 De

160 4486 277 4549 ferra
313 4483 385 4557 (unu
426 4503 464 4545 ex
500 4482 644 4564 planetis,
692 4482 883 4566 Cepernico)
909 4504 969 4549 non
1008 4492 1056 4549 est
1086 4485 1215 4550 dubium.
1282 4485 1429 4550 Probavit
1463 4486 1495 4550 id

160 4573 369 4639 Guilelmus
394 4570 606 4636 Gilbertus.
1490 4614 1495 4621 -

246 4662 311 4727 Sed
337 4661 533 4725 describenda
562 4662 636 4724 haec
663 4660 758 4723 virtus
787 4662 935 4740 pressios;
968 4681 1073 4745 nempe
1111 4669 1145 4726 ut
1174 4662 1249 4738 duos
1270 4663 1383 4727 habeat
1407 4663 1494 4746 polos

158 4754 298 4834 planetae
327 4751 452 4831 globus,
483 4770 606 4832 quorum
638 4744 732 4814 altero
762 4748 863 4815 Solem
893 4759 1102 4835 persequetur,
1125 4751 1230 4837 ,altero
1253 4773 1273 4816 a
1294 4750 1366 4817 Sole
1389 4751 1493 4834 fugiet.

159 4842 217 4910 Sit-
231 4849 331 4906 autem
352 4841 420 4906 axis
440 4838 609 4923 hujusmodi
631 4839 717 4905 nobie
739 4838 874 4921 depictus
895 4841 1010 4926 lingula
1030 4841 1215 4925 magnetica,
1248 4842 1370 4928 ejusque
1392 4832 1495 4906 mucio

1005 4948 1021 4987 ἐ
1224 4946 1283 5002 w
