3354 5504
736 272 901 353 mppmhur.
1286 394 1291 406 ι
1423 260 1488 351 bid

149 478 246 526 corum
274 458 450 538 virtutibus,
480 458 507 526 is
535 462 625 544 igitur
655 473 771 527 statuat
794 465 872 526 intra
894 463 1073 525 exteriorem
1096 460 1224 524 Lunaris
1248 460 1329 541 globi
1352 471 1487 527 crustam

149 553 240 615 latere
270 554 404 616 abditam
437 554 594 634 sphaeram
626 554 717 616 aliem
749 553 971 616 convertibilem
1005 554 1104 624 intus,
1136 571 1211 634 quae
1234 553 1322 631 polos
1348 563 1379 615 et
1401 572 1488 615 axem

148 643 350 705 conversionis
382 663 454 705 suae
486 644 598 705 habeat
621 644 648 704 in
673 645 752 705 linea
774 664 827 724 per
850 642 952 705 Solem
976 651 1006 702 et
1029 642 1169 715 Terram,
1201 642 1279 722 quod
1301 650 1403 722 potest
1426 643 1490 704 fieri

150 750 202 811 per
224 732 391 794 naturalem
415 728 508 810 ροπην
529 732 589 812 poli
613 733 642 793 in
666 732 784 807 Solem,
814 740 1061 811 convertaturque
1086 732 1144 807 sic,
1178 740 1211 791 ut
1233 731 1350 812 quoties
1373 732 1428 794 Sol
1452 732 1489 793 ab

150 840 283 901 apogaeo
307 823 411 883 Lunae
442 821 576 883 venitin
605 823 776 902 perigaeum
808 820 957 900 ejusdem,
991 818 1081 880 toties
1104 819 1185 881 illius
1207 827 1310 899 partes
1334 821 1485 883 dextimae

149 912 221 973 haut
245 911 426 972 sinistimae:
457 919 489 971 et
511 918 582 972 tunc
604 913 753 991 positione
778 912 874 991 magis
896 909 1022 991 physica
1045 908 1134 987 plane
1158 909 1237 971 idem
1261 909 1453 973 obtinebitur.

237 1352 268 1403 Iu
285 1352 324 1405 bin
341 1351 444 1418 gradum
463 1352 529 1401 sistit
540 1352 663 1417 Keplerus
681 1359 706 1402 et
723 1352 780 1404 binc
798 1354 856 1404 inde
873 1354 946 1419 plane
964 1354 1113 1418 interruptus
1132 1359 1170 1402 eat
1187 1351 1246 1402 ordo
1264 1358 1290 1402 et
1306 1351 1383 1402 sedec
1401 1349 1489 1417 disqui-

150 1426 263 1476 sitiouuvu
281 1424 423 1474 Lucanum.
448 1422 519 1485 Quae
537 1425 588 1473 alia
605 1426 690 1474 insunt
706 1426 829 1475 codicibus
838 1425 1036 1488 Patropolitauia
1054 1425 1201 1475 documento
1219 1424 1316 1489 quidem
1334 1430 1400 1480 suut.
1418 1424 1488 1488 Kep·
1557 1468 1565 1488 ,

149 1496 227 1548 larum
246 1510 298 1545 rem
317 1495 351 1545 ad
367 1495 441 1551 maun
458 1495 591 1558 perducere
609 1496 691 1545 studio
709 1511 832 1561 uunquam
850 1499 987 1547 intermisso
1012 1497 1137 1553 statuisse,
1156 1509 1236 1561 neque
1253 1508 1310 1545 vero
1328 1509 1359 1545 ex
1375 1494 1414 1545 bis
1425 1497 1491 1560 hag·

148 1568 238 1617 mentia
260 1568 360 1632 integra
384 1565 471 1615 deduci
496 1572 578 1630 potest
601 1574 626 1617 at
649 1568 773 1631 compilari
791 1567 879 1618 Lunae
902 1568 1010 1627 macria,
1040 1568 1088 1616 uisi
1106 1568 1159 1632 quie
1178 1573 1280 1616 conatur
1301 1566 1375 1630 plane
1402 1580 1492 1616 uorum

150 1640 298 1689 cencmuare
311 1653 380 1702 opus,
394 1640 463 1700 cujus
476 1638 569 1688 nullum
581 1638 691 1688 videmus
703 1654 773 1688 usum
785 1652 864 1703 neque
877 1640 1042 1689 astronomiae
1055 1653 1133 1703 neque
1145 1638 1262 1687 historiae
1274 1637 1346 1701 hujus
1364 1638 1492 1688 scientiae.
1575 1683 1580 1693 ,

151 1710 266 1761 &terum
283 1711 348 1759 iuter
365 1710 533 1772 manuscripta
557 1725 656 1769 eorum,
685 1725 747 1774 quae
767 1711 953 1774 „Hipparcbw
973 1711 1073 1775 Kepleri
1093 1709 1309 1773 comprehensurus
1328 1716 1389 1766 arat,
1410 1715 1492 1759 exstat

151 1781 238 1839 index,
258 1787 284 1830 et
301 1780 422 1829 volumine
440 1779 495 1828 XV.
515 1779 574 1830 Mas.
593 1781 701 1844 Petrop,
720 1783 784 1846 quod
803 1789 881 1831 totum
900 1783 1024 1846 eclipaium
1044 1780 1143 1831 calculis
1161 1781 1276 1835 refertum
1295 1788 1342 1836 est,
1361 1780 1488 1845 eclipsium

150 1852 240 1920 ianuae
258 1847 293 1900 tt
313 1851 357 1910 (ab
375 1865 399 1901 a
421 1849 497 1900 1⁵72.
517 1852 551 1901 ad
568 1866 592 1902 a
610 1849 688 1913 1425)
707 1854 826 1903 acclinata
843 1855 977 1919 inquisitio,
996 1868 1069 1918 qnam
1087 1852 1150 1903 lorte
1168 1851 1291 1916 Keplerus
1309 1851 1493 1917 adiungendam

151 1925 248 1974 amauit
266 1922 448 1987 „Hipparcho“.
486 1921 631 1987 Conscripta
648 1931 715 1973 certe
733 1932 792 1974 sunt
808 1923 872 1974 baec
890 1925 948 1974 lolia
965 1924 1065 1988 Kepleri
1088 1938 1163 1973 mauu
1182 1924 1215 1973 ad
1232 1930 1316 1987 typum
1334 1929 1492 1986 praeparata,

150 1995 258 2060 loquitur
275 2002 362 2044 auctor
378 2001 407 2043 ut
426 1994 472 2052 ,de
489 1994 566 2044 libro“
585 1994 709 2058 perfecto,
738 1995 901 2059 admonetque
931 1992 1077 2053 „lectorem“
1098 1996 1167 2059 quasi
1185 2000 1348 2058 praesentem.
1385 1993 1493 2043 Ratione

151 2067 241 2117 calculi
259 2066 336 2114 utitur
354 2065 457 2124 eadem,
481 2080 554 2131 wana
572 2077 650 2126 supra
667 2064 703 2130 (p.
723 2063 789 2127 oto)
808 2069 933 2131 proponit,
961 2081 1064 2132 eamque
1082 2066 1108 2115 iu
1126 2067 1237 2116 omuibus
1255 2065 1293 2114 his
1312 2061 1345 2114 48
1365 2065 1494 2129 eclipsibus

152 2152 207 2188 cum
225 2137 350 2200 Tychouis
369 2136 465 2186 calculo
485 2144 620 2200 comparat

241 2216 351 2275 „Indax“
372 2224 456 2266 autam
472 2216 536 2269 haec
554 2217 642 2268 babet:
667 2210 797 2270 Posseut
824 2209 886 2271 fieri
917 2208 1061 2271 distincta
1090 2209 1191 2290 capita
1223 2216 1344 2288 utpote:
1385 2207 1417 2281 1)
1447 2209 1493 2269 De

153 2296 307 2359 diametria
338 2297 525 2360 luminarium
553 2298 766 2373 observandis,
805 2298 930 2379 indeque
959 2307 991 2359 et
1018 2298 1054 2359 de
1082 2297 1304 2387 ecceutricitate
1334 2297 1438 2359 Lunae
1461 2297 1495 2358 iu

153 2386 410 2467 conjunctionibus
434 2394 465 2448 et
488 2387 737 2468 oppositionibus.

240 2473 277 2551 2)
301 2475 347 2536 De
370 2485 453 2537 motu
476 2477 580 2539 diurno
604 2485 637 2538 et
658 2476 778 2541 horario
794 2478 897 2539 Lunae
922 2475 951 2537 in
976 2475 1233 2556 conjunctionibus
1254 2483 1285 2537 et
1298 2472 1498 2557 oppositioni-

154 2563 205 2629 bua
231 2564 429 2627 observando.

242 2650 280 2728 3)
303 2653 351 2715 De
373 2662 455 2715 motu
478 2661 509 2714 et
532 2655 641 2734 angulo
666 2654 842 2729 latitudinis,
866 2655 895 2715 h.
919 2672 944 2714 e.
969 2653 1005 2715 de
1029 2652 1187 2719 latitudine
1202 2653 1341 2726 maxima,
1361 2671 1499 2715 unacum

154 2743 259 2807 Lunae
283 2742 432 2823 parallaxi
454 2742 651 2807 observanda.
698 2743 741 2805 Et
764 2743 927 2804 admonitio
951 2761 1039 2822 super
1062 2742 1264 2803 inconstantia
1286 2742 1372 2821 hujus
1388 2740 1499 2820 auguli.

154 2832 251 2913 Igitur
280 2832 370 2893 etiam
393 2832 430 2893 de
455 2832 664 2894 observatione
686 2833 776 2911 hujus
800 2832 893 2913 ipsius
917 2830 1032 2909 anguli,
1063 2832 1138 2909 citra
1162 2829 1309 2891 maximae
1334 2829 1501 2891 latitudiuis

156 2920 434 2995 considerationem,
458 2940 552 3002 eaque
575 2920 695 3001 duplici,
719 2921 768 2982 vel
792 2941 829 2983 ex
853 2921 1013 3001 eclipsibus
1037 2920 1220 2999 simpliciter,
1246 2918 1293 2979 vel
1317 2937 1381 2980 cum
1395 2917 1501 2999 paral-

157 3010 223 3084 laxi,
252 3030 290 3071 ex
312 3009 395 3072 Solis
419 3010 538 3090 eclipsi,
562 3029 617 3090 per
639 3010 799 3073 horarium.
879 3052 882 3059 -

241 3095 280 3173 4)
325 3098 511 3161 Sciametria.
559 3096 594 3174 5)
618 3099 840 3162 semidiametri
864 3099 984 3161 umbrae
1002 3097 1116 3159 variae.
1149 3093 1185 3171 6)
1209 3096 1313 3157 Lunae
1327 3093 1500 3176 parallaxes

156 3188 265 3251 variae.
315 3187 349 3260 7)
374 3187 464 3279 Solis¹
478 3188 658 3268 percellaris,
683 3188 809 3251 altitudo
834 3199 866 3250 et
888 3206 1043 3267 corporum
1065 3186 1227 3268 proportio.

243 3270 425 3357 Eclipaium
443 3292 575 3346 funiculus
592 3293 658 3346 hauc
676 3310 736 3359 prae
754 3309 781 3345 sc
799 3295 847 3346 test
863 3296 1062 3359 inscriptionem:
