3354 5504
173 246 235 315 166
696 255 849 319 Argumenta
871 249 992 317 Cupitum.

170 430 304 480 distantiae
334 427 430 478 elicitur
456 442 515 478 vera
543 429 714 478 ccoeutricitas
740 434 766 476 et
788 428 908 491 proportio
927 428 1019 477 orbium
1038 427 1125 478 IIIartis
1144 435 1169 478 et
1186 428 1286 482 Terrae.
1324 430 1525 489 Eceeutrieitate

170 501 302 550 eccentrici
321 499 455 549 certissime
473 499 545 557 (licat
562 514 611 548 non
630 498 727 548 omnino
746 495 913 559 subtilissime)
932 500 1067 549 constituta
1085 513 1114 548 ox
1127 496 1191 549 Solia
1208 500 1428 560 observationibus,
1448 502 1524 557 danai

168 572 285 635 patescit,
310 569 435 619 dimidiam
454 584 507 620 esse
538 570 569 619 de
592 570 778 619 eccontricitate
806 571 935 633 aequantia
958 570 1015 620 alibi
1033 571 1140 620 inuenta
1187 570 1277 638 Itaque
1295 572 1373 624 etIam
1390 572 1419 625 Iu
1436 572 1525 627 Mus·

168 642 252 695 valera
269 641 450 705 speculationes
467 641 615 704 praemissas
634 654 650 691 ι
668 653 723 703 cap.
742 637 842 689 XXXII.

258 711 330 776 Cap.
350 710 440 761 XLIII.
476 711 579 761 Ponitur
600 710 753 760 fundamenti
777 709 831 761 loco
850 710 914 774 quod
931 709 1051 760 hactenus
1077 717 1131 761 erat
1150 710 1347 783 demonstratum
1363 728 1421 781 cap.
1435 714 1523 769 asni

169 785 367 835 eccoutrieitates
387 796 440 832 asse
458 783 523 832 inter
540 797 567 831 se
586 783 610 830 in
629 783 782 846 proportione
801 781 882 845 dupla
920 781 1021 831 Ponitur
1031 782 1147 841 secundo,
1165 783 1269 834 orbitam
1280 785 1400 850 planetae
1410 787 1525 839 ordisaarl

168 857 194 904 in
212 854 304 905 clrequ
322 854 438 918 perlecto.
463 853 565 903 Ponitur
582 854 664 910 tertio.
683 853 747 917 quod
766 867 820 917 cap.
832 851 943 902 XXXIII.
964 858 1018 903 arat
1035 853 1237 913 demonstratum,
1255 871 1338 907 moras
1356 857 1479 923 planetae
1495 861 1524 911 In

172 927 316 991 aequalibus
335 925 429 974 orbitae
447 925 553 974 arcubus
571 938 625 973 esse
642 925 667 973 in
686 925 839 988 proportione
858 922 1030 973 distantiarum
1048 924 1141 974 illorum
1160 939 1262 978 arcuum
1280 943 1298 979 a
1309 927 1376 981 Sola.
1414 929 1463 981 Hit
1475 946 1523 996 po·

168 1000 223 1047 sitia
242 997 404 1061 aequationes
422 994 552 1046 eIIeIuntur
569 996 680 1050 vitiosae.
701 995 872 1044 dissentientes
891 996 922 1045 ab
941 996 1099 1059 experientia.
1127 995 1198 1048 uma
1215 997 1245 1048 rit
1256 999 1402 1059 admonitio.
1414 1002 1458 1053 ubl
1471 1016 1525 1053 uon

168 1068 248 1118 lateat
265 1066 309 1116 illa
326 1066 432 1115 falsitas.
464 1066 528 1116 Huic
547 1067 581 1116 rei
600 1068 742 1115 necessaria
753 1072 792 1115 est
803 1068 953 1115 memoratio
969 1068 1042 1130 spatii
1054 1067 1118 1117 luter
1130 1068 1192 1119 duaa
1206 1070 1354 1122 couchuidea
1367 1072 1522 1138 uapiIIaXL

167 1153 232 1204 quac
250 1152 306 1189 cum
323 1136 417 1187 babeat
434 1137 576 1187 nonnullam
595 1126 733 1202 ἇτεχνιαν,
751 1146 892 1203 geometrae
911 1145 1079 1201 provocentur.

258 1208 300 1259 Sit
318 1209 393 1274 Igitur
411 1214 518 1263 constat,
537 1208 616 1257 ialsae
635 1208 798 1258 conclusionis
816 1208 913 1258 omnino
932 1209 1120 1271 praemissarum
1138 1210 1248 1276 aliquam
1267 1226 1322 1263 esse
1340 1213 1440 1265 iaIaam.

256 1280 333 1344 Gap.
351 1279 442 1329 XLIV.
480 1278 582 1329 Duobus
607 1279 759 1344 argumentis
777 1279 970 1336 demonstratur,
996 1280 1100 1330 orbitam
1118 1281 1236 1345 planetae
1253 1298 1304 1335 non
1323 1299 1379 1336 esse
1399 1286 1523 1341 dudum

167 1352 211 1403 sed
228 1351 358 1401 oralemii
393 1364 455 1399 ram.

255 1423 284 1472 In
309 1366 392 1486 prlertI²
405 1426 633 1486 praesupponuntur
651 1420 820 1489 demonstrata
837 1420 925 1484 capitis
943 1419 1007 1470 XLI.
1027 1420 1103 1471 XLII.
1141 1422 1209 1472 Aliae
1227 1425 1317 1489 quippe
1335 1426 1472 1480 manau
1484 1430 1522 1483 ef.

166 1496 218 1545 iIclt
234 1494 358 1559 perlectus
377 1491 489 1553 circulus,
509 1495 579 1555 cujus
597 1492 717 1543 diameter
735 1498 789 1542 erat
807 1505 862 1556 esp.
882 1490 959 1541 XLII.
978 1493 1087 1550 inventa,
1107 1493 1168 1544 alias
1187 1501 1214 1545 et
1231 1495 1330 1561 quidem
1349 1497 1476 1552 breviores
1488 1502 1523 1555 ad

165 1568 246 1616 latera
263 1566 389 1631 requIruut
407 1564 589 1614 observationes
608 1578 661 1628 cap.
681 1563 746 1613 XLI.
771 1564 900 1628 repetitae.
936 1561 985 1613 Sed
1004 1563 1080 1614 osalis
1098 1563 1177 1631 ligura
1195 1566 1305 1617 admittit
1322 1569 1397 1620 tales.
1431 1570 1523 1629 Orbita

164 1640 172 1686 i
191 1639 239 1687 'tur
256 1643 296 1686 est
313 1635 397 1685 oralia.

173 1651 197 1703 m
253 1708 283 1758 In
310 1706 419 1756 seeundo
445 1712 590 1771 argumento
616 1711 843 1769 praesupponuntur
865 1704 952 1755 eadem
979 1718 1043 1770 quae
1068 1720 1122 1771 esp.
1148 1706 1240 1759 XLIII.
1276 1707 1361 1761 IIoras
1380 1710 1412 1764 de
1431 1714 1523 1780 qulbus

167 1781 319 1846 experientia
338 1784 453 1834 testatur,
481 1793 530 1826 non
549 1777 657 1826 admittit
676 1777 800 1826 circularis
819 1776 911 1842 figura,
939 1776 1048 1827 admittit
1064 1793 1121 1828 seru
1140 1779 1225 1829 oralia.
1263 1779 1351 1833 Orbita
1368 1785 1448 1852 Igitur
1464 1788 1521 1853 ple.

164 1859 239 1904 netu
258 1851 334 1900 oralia
353 1854 399 1901 est.

254 1921 327 1985 Gap.
347 1918 422 1969 XLV·
449 1918 647 1984 insequentibus
664 1917 742 1968 lector
759 1919 871 1984 ignoscet
888 1932 959 1969 meae
969 1920 1117 1976 credulitati.
1137 1920 1195 1971 dum
1207 1926 1336 1975 omues'ex
1347 1940 1405 1977 meo
1414 1927 1520 1995 ingenio

168 1996 281 2045 murno.
319 1991 415 2056 Quippe
438 1989 497 2039 mihi
522 2005 571 2039 uon
594 1990 670 2039 multo
693 1991 773 2039 minus
797 1990 958 2041 admitandae
982 1992 1096 2042 sidentur
1113 1995 1272 2052 oceniones,
1295 1996 1384 2062 quibus
1402 1997 1520 2052 homines

165 2067 190 2115 in
210 2065 376 2130 cognitionem
394 2076 473 2112 rerum
492 2061 634 2111 eoelestIum
653 2061 793 2120 deveniunt,
812 2077 885 2126 qnam
903 2063 958 2126 ipsa
975 2070 1066 2114 natura
1080 2079 1160 2114 rerum
1172 2065 1323 2116 coelestium.
1362 2066 1520 2124 Ottaaionea

165 2138 241 2202 Igitur
265 2135 312 2184 has
337 2134 467 2199 diligenter
485 2133 595 2196 explico:
624 2148 672 2181 non
692 2133 790 2181 dubium
809 2136 866 2197 quin
886 2147 941 2182 cum
959 2135 1040 2199 aliquo
1058 2134 1156 2199 lectoria
1174 2137 1264 2187 taedio.
1303 2136 1354 2189 Sed
1372 2146 1462 2193 tamen
1477 2146 1519 2209 ju·

165 2207 269 2258 condior
287 2212 326 2256 est
342 2206 453 2258 victoria.
474 2218 537 2268 quae
556 2210 629 2267 parta
647 2210 702 2253 erat
720 2216 774 2253 oum
793 2205 907 2269 perleulo.
928 2212 954 2255 et
971 2206 1069 2256 nitidior
1087 2222 1117 2256 ex
1130 2208 1234 2258 nubibus
1246 2207 1289 2259 Sol
1307 2211 1367 2260 exit
1406 2214 1519 2267 Atteude

166 2280 242 2344 igitur
259 2278 338 2329 lector
355 2277 388 2326 ad
400 2276 510 2341 pericula
521 2282 619 2325 nostrae
632 2276 750 2332 militiae;
771 2276 937 2339 contemplare
950 2272 1027 2327 nubes
1039 2278 1165 2342 nigredine
1178 2278 1327 2339 horrendas:
1347 2286 1520 2349 contemplare

162 2352 272 2415 inquam,
300 2363 358 2398 uam
388 2352 444 2412 post
460 2346 507 2396 has
524 2346 602 2396 nubes
620 2355 687 2396 certo
707 2345 747 2395 Sol
771 2348 881 2396 veritatis
900 2348 962 2397 latet
980 2354 1006 2397 et
1024 2349 1089 2399 breul
1108 2348 1225 2417 emerget
1263 2351 1425 2416 Explicantur
1443 2357 1519 2423 Igitur

163 2422 313 2479 occasiones,
332 2420 396 2485 quae'
414 2433 453 2468 me
472 2419 607 2467 invitarunt
624 2427 653 2467 ut
670 2432 784 2482 ponerem
804 2419 882 2467 denuo
901 2419 997 2471 laisum.
1016 2420 1144 2485 planetam
1161 2422 1184 2470 ri
1199 2423 1275 2473 iusita
1283 2424 1363 2474 moliri
1376 2426 1519 2491 eployclura

163 2493 299 2557 perfectum
322 2495 423 2556 ejusque
448 2497 530 2554 partes
557 2490 673 2553 aequales
699 2490 846 2553 temporibus
871 2490 975 2541 scribere
1000 2491 1155 2556 aequalibus:
1183 2495 1287 2544 eundem
1309 2511 1367 2546 uero
1387 2497 1519 2562 planetam

164 2566 218 2628 rapi
243 2579 260 2614 a
276 2566 300 2612 ri
320 2570 439 2612 extranea
458 2560 521 2610 Solis
540 2561 683 2625 aequalibus
706 2562 855 2625 temporibus
873 2561 1046 2626 inaequaliter,
1078 2571 1106 2612 ut
1123 2562 1253 2615 ddctanua.
1289 2565 1359 2617 Hine
1376 2570 1454 2635 igitur
1473 2572 1516 2625 de.

163 2642 320 2689 monstratur.
340 2635 444 2684 orbitarn
463 2646 506 2682 seu
525 2634 572 2681 iter
590 2647 619 2682 ex
638 2638 742 2697 utraque
761 2647 838 2682 causa
856 2633 1033 2683 conformatum
1051 2634 1156 2685 evadere
1174 2637 1199 2687 ia
1217 2636 1322 2703 figuram
1341 2640 1449 2691 oedem.

251 2724 323 2788 Cap.
342 2722 432 2773 XLVI.
472 2719 498 2781 I)
517 2722 625 2772 Primum
648 2719 712 2770 haec
730 2721 833 2785 physica
850 2720 1006 2785 hypothesis,
1025 2737 1088 2787 quae
1107 2725 1216 2788 epioyelo
1233 2728 1332 2791 propsIe
1350 2736 1397 2787 eea
1417 2746 1516 2796 pm.

164 2804 232 2846 tatur
250 2799 275 2845 in
295 2795 467 2845 ecuentricnm.
506 2790 534 2854 2)
553 2793 623 2842 Tunc
642 2793 744 2842 docetur
761 2808 812 2842 una
830 2795 892 2843 ratio
911 2793 1063 2845 describendi
1082 2795 1172 2845 lineam
1190 2806 1271 2847 mutua
1288 2798 1409 2863 planetae
1428 2803 1518 2855 exhee

160 2871 294 2919 sententia
342 2863 370 2927 3)
401 2864 573 2916 Recensantur
596 2872 701 2929 quatuor
725 2855 890 2931 ἀμναανιαι,
912 2880 975 2929 quaa
994 2866 1060 2917 circa
1080 2866 1147 2916 bunc
1169 2867 1267 2919 modum
1285 2880 1429 2925 occurrunt.
1468 2873 1517 2927 Ubi

160 2941 311 2997 ostenditur,
331 2953 380 2985 non
399 2951 453 3001 esse
477 2936 540 2985 idem
559 2936 666 2986 medium
684 2937 748 2985 inter
766 2937 923 2985 terminorum
941 2952 1063 2992 summas.
1082 2938 1146 3002 quod
1165 2946 1204 2989 eat
1221 2941 1285 2990 iuter
1302 2942 1369 3006 ipaea
1387 2947 1515 3009 ωηιξη,

160 3010 189 3074 1)
217 3011 363 3074 Proponitur
389 3008 512 3057 secundus
534 3007 620 3058 modus
645 3007 797 3057 describendi
822 3007 887 3057 banc
911 3007 1003 3058 lineam
1027 3016 1052 3058 et
1076 3010 1212 3061 ostenditur
1238 3011 1311 3074 lanius
1329 3029 1428 3079 quoqne
1446 3018 1513 3069 modi

159 3073 307 3150 ἇμηχανια.
344 3080 451 3142 Uterque
475 3080 561 3129 modus
585 3079 652 3129 utilis
675 3086 712 3127 est
737 3079 834 3127 interim
868 3080 1048 3142 operationibus
1076 3095 1120 3144 per
1149 3097 1273 3133 numeros.
1309 3082 1338 3146 ὅ)
1365 3084 1514 3151 Ροοροῃιιω

160 3157 247 3205 tertius
276 3152 363 3202 modus
381 3150 534 3201 describendi
554 3151 657 3199 orbitam
675 3150 792 3213 planetae
812 3151 984 3211 conjunctione
1003 3152 1105 3201 duarum
1123 3152 1303 3217 hypothesium.
1340 3153 1370 3219 t)
1389 3157 1513 3222 Regiam:

159 3232 260 3290 quartus
286 3223 380 3279 modus.
404 3236 477 3286 quem
499 3223 552 3286 quis
577 3221 673 3272 tradere
691 3223 775 3286 possit
814 3217 841 3279 7)
859 3220 1057 3280 Demonstratur.
1080 3222 1172 3275 lineam
1193 3227 1229 3277 sie
1248 3234 1361 3279 areauna
1379 3244 1438 3282 rese
1457 3246 1513 3283 esee

158 3296 263 3354 orclem,
280 3312 330 3345 non
353 3292 495 3357 eliipticam.

250 3367 329 3431 Cap.
348 3364 450 3415 XLVII.
472 3363 498 3425 1)
511 3363 593 3412 Posito
606 3378 671 3426 vero,
688 3363 779 3413 lineam
797 3364 890 3413 itineris
909 3364 1025 3429 planetae
1044 3366 1153 3430 perfecte
1172 3381 1226 3417 esse
1245 3367 1389 3433 eliipticam.
1409 3372 1511 3427 demea.

160 3446 263 3499 stratur,
292 3452 378 3488 aream
406 3436 499 3500 ellipsIs
524 3436 641 3484 minorem
661 3449 805 3498 essequam
824 3449 908 3485 aream
927 3436 1009 3485 circuli
1029 3436 1112 3487 areola
1130 3438 1233 3502 epicycli
1252 3455 1296 3491 seu
1314 3442 1401 3494 circuli
1419 3445 1452 3495 ab
1471 3460 1512 3497 ec·

162 3513 318 3571 contricltato
343 3509 474 3559 eccentrici
494 3506 609 3570 descripti
628 3505 687 3556 iere.
724 3504 751 3567 2)
771 3505 902 3570 InquIritur
915 3521 975 3556 area
991 3507 1056 3557 illlus
1074 3509 1159 3559 circuli
1178 3511 1257 3561 etsie
1276 3513 1352 3563 etlam
1371 3514 1441 3580 plani
1460 3518 1512 3567 orl·

165 3584 257 3633 Iomris.
297 3578 325 3643 ³)
345 3579 496 3639 ostenditur,
516 3579 682 3627 necessariam
701 3591 755 3627 esse
774 3579 849 3627 etiam
870 3579 1044 3644 geometrIcam
1063 3580 1198 3631 sectionem
1215 3581 1279 3633 illius
1291 3598 1368 3636 areae
1386 3586 1513 3639 avitam

158 3657 188 3705 in
207 3655 268 3705 data
286 3654 395 3704 rationo:
414 3651 456 3700 ubi
473 3656 636 3715 provocantur
653 3656 803 3714 geometrae.
838 3648 866 3707 t)
885 3648 1018 3712 IIcnIscus,
1036 3666 1083 3716 quo
1102 3650 1184 3703 differt
1201 3653 1278 3715 oralia
1295 3669 1357 3707 area
1374 3672 1393 3708 a
1409 3659 1511 3717 circulo,

162 3728 187 3776 in
211 3733 305 3776 rectum
329 3721 468 3773 extenditur
486 3721 640 3787 geometrice
664 3727 782 3784 quantum
806 3725 895 3785 potest.
924 3718 951 3780 5)
971 3722 1106 3773 Geometris
1125 3725 1267 3788 proponitur
1284 3730 1512 3794 contemplandum.

162 3814 195 3848 an
220 3798 255 3848 sic
274 3803 389 3847 extensus
407 3792 494 3856 duplus
512 3794 545 3843 sit
563 3792 595 3843 ad
614 3806 696 3841 rerum
715 3793 857 3841 meniscum.
895 3789 922 3851 6)
949 3790 1009 3842 Cum
1028 3810 1077 3844 non
1096 3796 1129 3845 ait
1145 3796 1172 3845 iu
1189 3804 1286 3860 promtu
1303 3800 1368 3851 ratio
1386 3801 1511 3855 dividendi

160 3870 255 3935 ellipsin
280 3867 317 3916 vel
337 3865 431 3915 oralem
450 3879 493 3929 per
510 3879 537 3914 se
556 3863 704 3923 solitariam,
725 3863 913 3919 demonstratur,
932 3863 1027 3929 ellipsin
1046 3867 1165 3917 beneficio
1184 3868 1269 3919 cbcuIi
1287 3872 1417 3924 commode
1435 3873 1511 3925 dIsIdi

160 3957 239 4006 posse.
277 3935 305 3997 7)
324 3937 409 3986 Posita
435 3937 509 4001 igitur
527 3935 604 4000 ellipsi
623 3942 649 3984 et
666 3934 755 3984 circulo
774 3935 868 3996 disIsa,
888 3936 1024 3986 ostenditur
1042 3936 1128 3989 modus
1146 3940 1305 4004 computandi
1319 3948 1346 3993 et
1363 3942 1511 3997 &enum

160 4020 187 4063 et
204 4010 385 4075 aequationem.
422 4004 450 4068 8)
470 4009 592 4072 aequatio
618 4002 761 4069 computata
786 4007 819 4057 ad
836 4007 986 4057 anomaliam
1005 4003 1066 4057 90⁰:
1085 4011 1127 4060 ubi
1144 4024 1206 4061 area
1222 4013 1249 4061 in
1266 4015 1374 4064 numerIa
1393 4016 1511 4082 quadrati

159 4081 310 4133 diametralis
328 4080 476 4143 exprimitur.
513 4076 542 4141 9)
560 4077 649 4128 Modus
668 4093 698 4127 ex
715 4078 811 4128 ratione
829 4076 945 4142 physIcae
964 4080 1118 4145 aequatiouis
1137 4083 1273 4148 corrigandi
1285 4086 1508 4141 ecceutricitatem.

163 4153 207 4213 10)
226 4153 348 4217 Aequatio
362 4158 504 4214 computata
523 4150 555 4199 ad
574 4157 686 4199 octantcs
705 4149 854 4206 anomaliae,
874 4150 914 4198 ubl
933 4164 993 4200 area
1010 4152 1127 4217 trianguli
1147 4157 1282 4218 aequaturii
1300 4159 1445 4222 exprimitur
1462 4174 1507 4213 aa.

157 4227 229 4275 meris
248 4223 358 4274 secunda
376 4223 491 4285 scrupula
509 4222 710 4286 significantibus.
751 4220 795 4276 11)
820 4221 863 4269 His
888 4223 964 4270 etlam
988 4222 1056 4271 ialsis
1076 4227 1262 4289 aequatiouibus
1280 4226 1441 4292 deprebensis
1458 4247 1508 4282 noe

158 4299 236 4346 miuus
254 4310 328 4361 quam
346 4295 412 4357 prins
430 4308 484 4357 cap.
504 4292 592 4342 XLIII.
613 4294 847 4354 cimumspectantm
865 4306 956 4343 causae
975 4295 1070 4343 erroris.

246 4386 325 4449 Gap.
344 4381 460 4432 XLVIII.
498 4381 588 4430 Omnia
612 4379 767 4430 incommoda
792 4380 879 4443 capitis
896 4378 986 4428 XLVI.
1012 4395 1056 4430 seu
1073 4381 1271 4446 imperfectiones
1289 4389 1443 4452 geometriae
1462 4392 1505 4443 eli·

159 4458 253 4509 tulnare
271 4472 326 4506 sum
345 4462 448 4504 conatus
467 4452 628 4517 confugiendo
647 4453 678 4502 ab
698 4452 761 4501 areis
781 4450 813 4500 ad
832 4451 908 4500 ooidis
926 4450 1138 4503 circumferendae
1151 4457 1273 4507 sectiones
1284 4461 1434 4515 numerales.

250 4526 277 4589 1)
295 4528 415 4582 nocetur,
434 4522 554 4590 quomodo
571 4522 618 4573 bac
635 4524 676 4573 sia
695 4537 725 4572 ex
744 4522 874 4582 dIstantiis‚
894 4535 957 4586 quae
975 4523 1132 4574 iuvenIuntur
1144 4527 1176 4577 ad
1190 4529 1306 4595 aequales
1319 4533 1438 4597 temporis
1448 4548 1504 4601 par-

159 4602 255 4660 ticulas,
274 4597 423 4666 geometrica
441 4595 576 4662 inquiratur
594 4595 784 4659 correspondens
801 4595 879 4659 portio
897 4595 952 4675 piae
971 4593 1046 4642 osella
1059 4609 1089 4644 ex
1102 4599 1190 4661 capitis
1203 4598 1314 4651 XXXIII.
1330 4602 1505 4658 demonattatla

159 4679 184 4720 et
202 4673 328 4737 supposita
340 4670 479 4733 cognitione
491 4667 565 4715 totius
578 4666 653 4714 oralia
671 4665 838 4731 longitudinis.
858 4661 886 4725 2)
901 4664 1043 4729 Ατεχνιας.
1062 4681 1127 4731 quae
1139 4685 1181 4734 pro
1195 4671 1289 4722 duabus
1302 4672 1427 4726 distantia
1440 4676 1504 4727 initii

159 4752 185 4791 gt
211 4745 266 4793 finjg
294 4744 397 4803 ancujus
416 4752 487 4788 arcus
514 4738 612 4787 unicam
635 4738 779 4787 distantiam
797 4738 881 4801 puncti
899 4735 973 4785 medii
989 4745 1108 4801 mnrpat.
1136 4742 1199 4792 ratio
1216 4744 1326 4794 redditur
1342 4748 1502 4811 geometrica

160 4813 187 4879 3)
202 4807 323 4884 litigem
341 4812 400 4869 alia,
419 4824 483 4879 quae
501 4819 584 4859 minen
603 4811 642 4858 via
660 4810 811 4887 gousuctricu
828 4807 928 4866 incedit,
948 4808 1127 4862 demonstratur
1145 4815 1316 4874 terminorum,
1336 4816 1362 4866 ln
1380 4833 1442 4885 quoa
1460 4819 1501 4871 de·
