3354 5504
754 301 912 369 rmum.
953 330 1047 403 -··.··-··
1131 274 1135 285 ’
1442 284 1537 375 ιιι

238 480 366 557 Denique
386 484 473 557 igitur
493 483 614 540 aedilicio
635 482 776 554 fastigium
796 485 849 538 hoo
869 482 923 538 mio
941 480 1097 555 impom‘tum
1116 489 1146 539 et
1166 485 1378 542 demonstratum
1394 503 1505 559 gaeum-

160 560 246 629 trioa,
266 562 444 621 libationem
462 565 616 636 hujusmodi
645 563 715 618 effioi
739 565 869 619 soleres
888 563 1047 636 magnetius
1072 581 1205 634 oorporsa
1224 565 1367 622 ineuitate.
1407 567 1506 639 ltaque

159 649 280 699 motores
299 642 330 699 bi
350 645 526 716 planetarum
546 643 650 716 proprii
669 644 889 715 probabilissime
909 644 1013 699 ostensi
1033 640 1185 700 suntnihil
1213 646 1288 701 aliud
1318 663 1393 711 esse,
1424 664 1505 719 quam

159 723 320 779 οἱοοιιοιιοι
349 724 470 797 ipsorum
499 723 716 798 planetariorum
745 742 888 796 eorporum
916 723 1002 788 tales,
1037 724 1127 797 qualis
1158 732 1202 780 est
1231 726 1259 780 in
1288 732 1418 798 magneta
1447 728 1522 799 poli.

159 811 296 875 oppetsns
316 805 472 878 ferrumque
492 806 621 877 rapiens:
642 811 674 859 ut
693 805 735 859 ita
755 813 817 861 tota
829 805 902 865 ratio
915 811 1036 859 motuum
1050 805 1208 876 coelestium
1229 805 1411 862 facultatibus
1431 824 1505 863 mere

159 884 306 954 oorporois,
327 885 381 940 hoo
400 893 446 941 est
464 885 688 959 magnetiois,
709 885 930 950 administretur,
952 893 1073 956 exeepta
1092 885 1154 940 sola
1173 878 1361 942 turbinatiorie
1382 886 1513 967 eorporis·
1595 906 1601 917 ·

158 962 261 1019 soloris
283 965 312 1019 iu
332 982 382 1021 suo
402 967 494 1038 spatio
514 965 714 1037 permanentis¹
746 965 789 1020 oui
818 965 898 1021 vitali
927 964 1062 1021 facultate
1097 982 1166 1036 opus
1195 982 1257 1021 esse
1277 967 1393 1022 videtur}
1435 969 1505 1023 Nom

159 1050 239 1114 porto
259 1043 358 1116 quinta
384 1043 610 1111 demonstrotum‚
641 1053 750 1101 nostras
774 1045 835 1116 jam
864 1045 1032 1100 introduotas
1061 1045 1232 1119 hypotheses
1258 1046 1390 1119 physioas
1421 1047 1531 1121 etiam·

159 1123 350 1180 latitudinibus
379 1127 551 1183 sotisiaoere
589 1126 693 1181 Datum
720 1134 814 1181 tamen
842 1125 895 1181 fuis
924 1125 1026 1197 aliquid
1054 1126 1182 1197 partibus
1211 1126 1258 1182 ΙΙΙ.
1290 1134 1319 1181 et
1347 1128 1394 1184 IV.
1421 1128 1504 1185 stiam
1572 1152 1580 1173 ⁴

158 1204 275 1271 monti,
307 1212 339 1261 nt
358 1215 446 1262 motor
465 1208 598 1301 planatae
618 1206 745 1277 proprius
765 1206 825 1261 'oum
846 1206 957 1261 animali
979 1206 1114 1263 facultate
1135 1205 1257 1261 morendi
1279 1205 1321 1261 sui
1341 1207 1420 1279 globi
1441 1226 1504 1264 oon·

159 1284 261 1367 jungat
288 1286 436 1352 rationem,
471 1287 495 1342 si
526 1286 585 1359 quis
615 1286 817 1356 objeesionibus
846 1286 983 1353 nonnullis
1012 1284 1156 1341 extraneis
1189 1288 1223 1340 ad
1254 1287 1372 1357 speeiem
1407 1274 1504 1343 ralislis

159 1358 286 1430 territus,
308 1374 427 1422 naturae
448 1384 590 1439 corporum
611 1366 732 1422 diffidere
752 1367 833 1422 velit:
856 1368 934 1421 modo
954 1366 1020 1422 talis
1041 1365 1140 1437 aliquis
1160 1366 1213 1421 boo
1231 1367 1364 1438 recipiat,
1384 1375 1504 1424 mentem

159 1444 234 1500 ium
253 1446 296 1499 uti
316 1448 463 1519 apparenti
483 1446 617 1502 diametro
631 1447 703 1502 Solis
719 1465 770 1518 pro
791 1463 920 1502 mensura
932 1446 1096 1512 librationis,
1112 1463 1276 1519 sensumque
1296 1448 1401 1503 babere
1414 1464 1502 1521 angu-
1528 1508 1533 1519 ‚

160 1525 253 1589 lorum,
276 1542 344 1598 quos
364 1529 514 1601 exquirunt
533 1528 691 1583 astronomi.

232 1606 352 1663 Tantum
372 1608 459 1681 igitur
478 1608 507 1664 in
526 1608 646 1681 gratiam
667 1600 841 1681 physioorum
861 1608 960 1662 dietum
981 1614 1057 1662 esto,
1079 1613 1174 1664 oetsrs
1193 1607 1334 1664 inveniant
1352 1608 1503 1665 astronomi

159 1691 187 1740 et
203 1695 365 1759 gsomeme
385 1706 435 1743 sno
456 1689 598 1760 quaelibet
617 1689 710 1743 ordine
730 1706 768 1743 ex
788 1688 965 1759 sequentibus
985 1687 1155 1760 singulorum
1177 1686 1296 1760 capitum
1321 1688 1500 1762 argumentis.

159 1783 226 1838 quse
247 1768 341 1837 poulo
366 1768 523 1840 prolixiora
551 1786 613 1824 esse
642 1769 729 1834 volui,
760 1785 819 1823 oum
852 1777 882 1823 ut
907 1774 1002 1823 essent
1021 1769 1081 1822 loeo
1111 1769 1252 1835 indicis,
1284 1776 1342 1824 tum
1361 1776 1395 1825 ut
1413 1771 1517 1835 leesor,
1638 1790 1644 1801 ·

119 1868 122 1879 ·
159 1845 256 1919 passim
276 1848 396 1904 haerens
416 1850 443 1904 in
465 1849 633 1905 obseuritats
654 1850 712 1904 sire
731 1848 868 1905 materiae
894 1866 943 1903 seu
970 1847 1051 1920 styli,
1072 1851 1224 1912 ,seeundum
1245 1851 1379 1905 Tabulom
1400 1866 1512 1922 synope
1591 1842 1594 1847 ’

159 1926 235 1982 tiosm
269 1929 306 1983 ab
336 1929 379 1985 bis
409 1930 495 1986 etiam
532 1930 703 2003 argumentis
742 1929 863 2001 aliqnom
892 1930 981 1983 luosm
1009 1934 1091 2000 petat
1118 1930 1307 2002 rationemque
1341 1929 1441 1985 ordinis
1472 1936 1503 1986 et
1595 1964 1608 1979 ω

161 2007 470 2065 mummolinum
490 2011 517 2064 in
537 2009 608 2065 idem
628 2016 934 2082 eupatoongestarum,
956 2007 1087 2064 siminus
1108 2010 1262 2066 fortassis'
1253 2029 1281 2065 ιι
1295 2011 1354 2081 ipso
1368 2017 1502 2073 oontaxtu
1580 2040 1585 2079 ·.
1628 2034 1632 2043 ·

162 2089 196 2143 'sit
222 2089 387 2161 oonspirua,
417 2090 554 2162 percipiat
582 2090 735 2181 evidentips
764 2090 837 2145 inter
866 2094 1032 2167 argumento
1060 2089 1088 2143 in
1114 2091 1309 2164 paragrapho„
1330 2108 1393 2147 mo,
1413 2096 1500 2149 mu·

161 2169 248 2234 ΟΜ
268 2171 358 2261 leetor
378 2170 443 2226 boui
463 2171 597 2237 oonsulat,
617 2188 696 2243 rogo
1580 2206 1586 2215 Ι
1624 2200 1628 2209 Ι
