3354 5504
492 1276 995 1466 nnoosuruu

684 1542 808 1554 -n

152 1611 251 1749 Quae
275 1661 306 1722 in
329 1662 386 1722 hoc
411 1679 498 1740 opere
513 1660 649 1740 Kepleri‚
674 1661 753 1742 quod
769 1648 1080 1725 exhibet'studiornm
1103 1660 1324 1742 septennalium
1345 1664 1433 1741 pro-¹
1544 1722 1547 1729 ,

67 1752 313 1813 fundissimorum
346 1751 540 1824 documenta,
565 1751 770 1825 continentur,
801 1751 866 1831 ipse
889 1753 1031 1832 proponit
1057 1759 1163 1814 auctor
1186 1770 1252 1815 cum
1275 1749 1305 1811 in
1328 1770 1419 1830 prae-

68 1842 177 1902 latione
203 1858 277 1913 sna,
301 1848 364 1901 tum
389 1839 419 1899 in
441 1839 539 1900 indice
569 1859 656 1920 quem
677 1840 836 1920 praemisit
865 1840 1111 1921 locupletissimo.
1159 1841 1366 1905 Fundamenta
1389 1841 1420 1903 in

67 1950 97 1991 co
124 1931 204 2010 jecit
234 1928 437 1990 astronomiae
471 1947 540 1989 vere
575 1931 726 2002 ,novae,“
763 1929 971 2009 legislatorem
1000 1951 1034 1992 se
1063 1929 1204 2009 praebuit
1233 1948 1287 2009 per
1316 1947 1420 1993 ornnes

67 2029 226 2100 sequentes
250 2027 370 2079 aetates
393 2017 513 2096 ingenio
537 2037 592 2080 suo
611 2019 794 2081 astronomis
816 2010 1047 2099 praelucentem.
1086 2021 1183 2082 Nemo
1206 2037 1344 2098 unquam,
1369 2019 1420 2099 qui

66 2108 234 2189 penetralia
256 2108 345 2186 hujus
371 2107 514 2168 scientiae
544 2107 735 2187 ingressurus
760 2117 824 2183 est,
854 2129 913 2170 non
945 2107 1140 2189 perlustrabit
1168 2109 1225 2170 hoc
1249 2107 1419 2169 immortale

69 2219 150 2278 opus,
184 2195 391 2258 testimonium
420 2197 599 2275 sagacitatis
624 2205 662 2258 et
683 2197 848 2260 industriae
878 2199 1009 2261 humana
1036 2197 1169 2276 majoris.
1217 2196 1421 2277 Quodcunque

68 2288 183 2348 adimus
215 2305 291 2365 opus
325 2286 524 2365 posteriorum
556 2294 814 2371 astronomorum,
848 2288 961 2350 nullum
995 2286 1260 2366 deprehendimus,
1300 2286 1332 2347 in
1360 2306 1419 2367 quo

67 2375 282 2456 praetermissa
311 2375 351 2436 sit
378 2375 490 2436 mentio
521 2374 746 2450 inventionum,
776 2397 852 2457 quas
879 2377 981 2455 prodit
1003 2377 1154 2456 Keplerus
1179 2375 1209 2437 in
1234 2371 1419 2449 ,Commen-

68 2466 152 2527 tariis
182 2464 314 2526 Martis“
349 2464 502 2544 ipsiusque
533 2465 715 2545 procedendi
747 2466 882 2528 rationis.
931 2465 1045 2529 Omnes
1073 2466 1103 2526 in
1133 2464 1196 2526 illis
1229 2465 1423 2527 consentiunt

67 2554 357 2634 laudandis‚.neque
379 2572 451 2614 vero
471 2571 574 2615 omnes
597 2573 692 2634 aeque
714 2555 882 2635 ponderant
904 2556 982 2616 hanc
998 2554 1096 2635 ipsam
1119 2552 1267 2615 rationem
1290 2560 1321 2614 et
1343 2574 1419 2616 con-

67 2644 210 2705 ditionem
232 2650 400 2722 temporum
423 2662 589 2724 mmmmm,
614 2663 689 2724 quae
712 2645 846 2725 Keplero
869 2645 900 2706 in
922 2644 1102 2724 perficiendo
1125 2643 1183 2704 hoc
1205 2661 1296 2723 opere
1319 2642 1418 2725 impe·

67 2734 197 2793 dimento
228 2730 358 2792 fuerunt.
385 2732 552 2807 Quidam,
582 2752 688 2813 parum
711 2742 937 2813 cognoscentes
960 2733 1018 2796 viri
1041 2731 1203 2812 ingenium,
1226 2732 1304 2794 forte
1327 2734 1420 2797 etiam

66 2824 162 2883 ninus
184 2820 292 2881 imbuti
323 2821 418 2901 ipsius
443 2822 575 2901 scriptis,
608 2822 799 2885 inventiones
828 2822 953 2904 Kepleri
983 2822 1070 2903 quasi
1102 2821 1241 2883 fortunae
1270 2821 1422 2884 tribuunt.⁴

66 2912 137 2984 Alii,
162 2929 341 2992 quamquam
366 2919 551 2990 cognoscunt
572 2912 769 2975 excellentem
784 2912 894 2989 ingenii
912 2912 1077 2973 bonitatem
1095 2930 1220 2992 eamque
1236 2911 1317 2972 haud
1331 2913 1419 2991 parvi
1493 2939 1496 2943 ·

66 3001 186 3073 habent,
210 3013 311 3060 tamen
334 3000 432 3062 minus
456 3019 544 3083 quam
563 3021 619 3081 par
638 3010 686 3064 est
703 3002 869 3082 respiciunt
891 3002 1046 3064 literarum
1071 3000 1180 3075 studia,
1205 3000 1312 3082 quibus
1330 3000 1417 3062 initio

68 3089 158 3150 seculi
187 3088 292 3151 XVII.
323 3098 514 3152 astronomus
544 3091 631 3153 inniti
662 3092 771 3172 potuit.
817 3093 852 3153 ln
880 3089 1114 3164 mathematicis,
1138 3098 1171 3152 nt
1203 3089 1324 3169 saepius
1352 3090 1418 3168 jam

68 3180 176 3240 dictum
209 3186 274 3250 est,
308 3180 438 3257 cognitio
470 3188 502 3240 et
533 3181 660 3242 scientia
698 3200 802 3261 parurn
837 3180 1025 3242 excedebant
1064 3196 1119 3253 ea,
1155 3198 1230 3260 quae
1260 3177 1415 3253 Euclides,
1459 3168 1470 3191 ‘

67 3268 284 3342 Archimedes,
316 3269 499 3348 Apollonius
529 3270 782 3363 suppeditabant,
814 3268 1011 3350 compendia;
1042 3288 1120 3349 quae
1152 3269 1208 3330 sub
1234 3268 1321 3330 finem
1351 3268 1417 3346 ejus

69 3356 157 3419 seculi
181 3355 344 3437 cuicunque
368 3360 542 3421 matheseos
564 3361 668 3439 generi
681 3360 826 3422 *subsidio
849 3361 987 3432 fuerunt,
1012 3358 1112 3421 amnia
1134 3366 1198 3420 tum
1221 3358 1354 3430 deerant,
1378 3375 1420 3426 ne¹

68 3446 261 3525 logarithmos
293 3446 412 3528 quidem
435 3468 471 3509 eo
495 3468 561 3529 quo·
577 3469 650 3530 opus
675 3469 761 3511 sunm
783 3448 914 3511 confecit
944 3456 1079 3528 ternpore
1102 3446 1253 3527 Keplerns
1276 3445 1418 3509 suumin

70 3555 150 3596 nsum
172 3544 291 3598 vertere
314 3537 420 3616 potuit
469 3537 571 3609 Quare
595 3539 705 3613 omnia,
729 3558 805 3618 quae
828 3539 859 3600 'm
882 3538 936 3600 illo
958 3537 1039 3600 haud
1061 3554 1158 3618 panca
1180 3553 1234 3614 per
1257 3533 1423 3601 scientiam.

70 3625 309 3687 mathematicam
331 3627 519 3689 absolvenda
541 3636 636 3703 erant,
660 3629 831 3690 revocanda
852 3635 940 3690 erant
957 3628 997 3688 ad
1015 3626 1210 3708 geometriam
1230 3629 1262 3685 et
1275 3623 1416 3703 trigono-

70 3715 201 3776 metriam
225 3714 453 3792 elementarem,
478 3718 521 3778 ita
543 3726 577 3780 ut
600 3718 652 3780 vix
673 3717 721 3779 bis
744 3726 828 3779 terve
850 3717 1001 3797 Keplerus
1031 3736 1122 3778 ansus
1152 3713 1244 3775 fuerit
1272 3713 1416 3776 adhibere

73 3803 211 3864 caleulum
234 3804 437 3883 algebraieum
460 3808 722 3888 aequationesqne.
763 3806 1001 3870 Observationes
1024 3802 1255 3876 astronomicae,
1279 3803 1416 3884 quamvis
1486 3881 1489 3887 Δ

74 3893 247 3972 aTychone
271 3903 412 3975 qnantum
436 3884 499 3958 tum
522 3898 588 3959 heri
607 3897 707 3976 potuit
728 3896 876 3971 excultae,
900 3897 990 3976 longe
1012 3903 1113 3957 tamen
1136 3891 1296 3954 abfuerunt
1317 3893 1355 3955 ab
1378 3911 1415 3955 eo
1466 3886 1474 3901 ’

76 3982 160 4059 gasin
181 3983 395 4062 perfectionis,
421 4004 509 4066 quem
531 3986 580 4048 hic
603 3986 668 4066 ipse
692 4004 802 4066 scopus
829 3986 985 4065 exigebat,
1017 4000 1105 4063 quern
1127 3981 1160 4044 in
1182 3979 1417 4045 Commentariis

76 4070 108 4129 de
127 4087 207 4134 motu
229 4071 341 4136 Martis
364 4075 523 4154 spectabat
543 4075 703 4156 Keplerus.
751 4076 853 4137 Tubns
877 4075 994 4156 opticus
1017 4072 1147 4134 nondum
1175 4072 1315 4134 inventas
1338 4078 1414 4147 erat,

76 4160 238 4223 mechanica
260 4162 525 4228 instmmentorum
543 4164 812 4228 astronomicorum
833 4165 978 4245 perfectio
994 4161 1083 4240 longe
1102 4160 1202 4224 abluit
1215 4161 1252 4223 ab
1269 4180 1314 4236 ea,
1338 4180 1416 4243 quae

78 4248 111 4308 in·
123 4250 260 4326 minimis,
283 4251 314 4312 in
337 4253 444 4334 quibus
466 4255 645 4317 versabatur
666 4255 816 4335 Keplerus
844 4254 997 4335 inquirens
1024 4259 1138 4314 motum
1161 4251 1268 4314 stellae
1291 4246 1413 4324 Martis,

79 4339 185 4400 omnino
217 4343 392 4405 necessaria
413 4342 481 4404 fuit.
526 4342 630 4415 Quare
652 4345 875 4424 comparatione
894 4347 1011 4402 tantum
1034 4340 1211 4404 difficillima
1236 4346 1269 4403 et
1293 4338 1414 4402 taedio-

78 4426 195 4504 sissime,
220 4439 252 4491 et
274 4430 325 4492 via
346 4433 519 4514 plerumque
541 4433 633 4513 plane
655 4454 734 4496 nova
757 4442 788 4496 et
809 4433 925 4495 intacta
949 4430 1129 4510 explendum
1151 4437 1233 4506 erat,
1255 4428 1337 4511 qued
1357 4427 1415 4493 de-

78 4517 184 4580 iciebat
206 4520 334 4599 singulis
358 4522 629 4585 observationibus.
668 4523 804 4603 Denique
827 4519 947 4583 minime
971 4521 1153 4602 negligenda
1174 4525 1246 4582 sunt
1267 4534 1313 4595 ea,
1336 4536 1414 4598 quae

79 4604 109 4664 de
128 4608 339 4673 asmonomicis
368 4611 584 4694 hypothesibus
615 4611 677 4674 illis
700 4611 893 4691 temporibus
924 4618 1077 4674 constant
1124 4606 1285 4690 Copernioi
1314 4605 1415 4689 hypo-s

79 4693 161 4760 thesis
183 4700 266 4760 viam
292 4701 411 4782 quidem
434 4701 553 4782 aperuit
575 4702 615 4762 ad
637 4720 739 4764 verum
762 4701 1011 4779 cognoscendum,
1037 4707 1068 4764 at
1093 4700 1158 4780 ipse
1180 4696 1333 4778 mptum
1354 4714 1415 4779 qua

79 4789 164 4862 potuit
193 4791 387 4852 veneratione
419 4791 664 4873 prosequebatur.
688 4790 796 4853 merita
820 4788 979 4872 Ceperniei
1002 4790 1033 4854 in
1055 4784 1251 4852 emendandis
1280 4785 1415 4873 ramum

1160 4888 1202 4945 t·
1233 4944 1236 4949 .
