3354 5504
165 463 235 542 Nn,
257 466 335 532 RK:
360 468 414 530 sed
436 469 514 550 qnod
537 466 592 529 sub
612 464 676 537 SR,
690 465 757 542 Ru,
781 466 878 530 minus
901 470 950 529 est
971 483 1006 526 eo
1029 463 1108 544 quod
1129 462 1184 525 sub
1198 460 1262 533 SN,
1285 461 1358 538 RH,
1380 461 1497 544 quanti-

165 563 230 618 tete
253 548 418 637 reetauguli
441 558 521 639 quod
543 556 596 618 snb
618 555 687 629 NR,
709 554 777 619 RH.
820 553 982 619 Commune
1005 552 1130 616 accedat
1153 551 1230 632 quod
1251 551 1310 615 sub
1332 550 1411 625 NR,
1431 550 1497 618 RB.

165 642 255 717 Quod
283 664 354 726 ergo
382 645 437 708 sub
464 646 538 721 SN,
565 644 633 719 RH,
656 646 781 725 aequale
804 644 862 707 erit
883 644 924 718 ei,
955 642 1034 725 quod
1061 642 1116 704 sub
1137 639 1199 706 NB
1220 647 1252 703 et
1274 639 1445 722 oomposita
1464 659 1499 703 ex

165 734 241 810 RK,
267 734 340 809 RH,
373 734 403 797 h.
427 754 454 798 e.
477 735 546 798 ΚΗ.
591 734 722 798 Rursum
750 742 864 811 autem
896 733 974 815 quod
997 732 1052 794 sub
1075 729 1139 806 SN,
1161 728 1235 804 RH,
1258 729 1360 811 majus
1382 737 1433 794 eat
1454 747 1499 804 eo,

165 822 243 907 quod
266 823 320 887 sub
334 820 396 898 SN,
416 823 476 889 NH
496 825 527 887 iu
545 823 745 904 propositione
760 823 921 898 nominato,
935 820 1104 905 quantitate
1118 817 1181 895 SN,
1203 816 1278 882 NR:
1303 828 1337 883 et
1350 816 1499 894 similiter,

126 926 128 931 ·
166 911 244 994 quod
267 913 321 976 sub
343 911 411 988 NR,
424 912 494 989 KH,
517 913 614 994 majus
637 919 685 974 est
707 931 752 988 eo,
777 912 855 994 quod
878 912 932 976 sub
954 910 1024 985 NR,
1042 909 1097 973 KZ
1121 909 1151 970 in
1173 907 1382 990 propositione
1402 906 1499 971 nomi·

164 1010 245 1076 nato,
269 1000 438 1082 quantitate
453 1003 529 1077 NR,
552 1001 614 1076 ΖΗ,
640 1000 668 1064 h‘.
692 1019 718 1063 e.
743 1000 796 1065 SN
817 1021 855 1064 ex
876 999 1107 1065 construetione.
1152 997 1303 1080 Aequalis
1329 997 1425 1079 igitur
1445 1016 1500 1059 ae·

168 1090 249 1171 quali
272 1091 371 1173 aliquo
394 1092 509 1171 majora
531 1097 610 1162 sunt,
633 1091 766 1174 quodque
790 1110 843 1153 suo
866 1089 1060 1171 respondenti
1073 1089 1102 1151 in
1117 1086 1323 1172 propositione
1336 1087 1499 1151 nominato.

166 1178 263 1259 Igitur
286 1187 319 1243 et
339 1179 491 1246 nominata
513 1181 592 1245 inter
613 1198 646 1243 se
669 1186 739 1243 eunt
760 1179 906 1264 aequalia.
924 1177 949 1254 ¹)

677 1340 875 1405 Problema
895 1339 982 1405 VIII.

168 1446 282 1510 Datis
331 1446 618 1510 semidiametris
666 1447 864 1512 luminaris
909 1456 948 1510 et
986 1444 1156 1518 umbrae,
1200 1449 1242 1507 et
1276 1444 1498 1528 quantitate

165 1554 280 1599 areue
311 1554 398 1599 orae
435 1536 633 1599 luminaris
664 1537 725 1599 vel
755 1537 901 1601 lucidae
932 1536 990 1599 vel
1020 1533 1260 1608 obscuratae,
1301 1533 1497 1615 inquirere

165 1632 294 1703 partes
324 1623 501 1689 diametri
527 1625 591 1687 vel
620 1626 812 1691 luminaris
836 1627 896 1688 vel
923 1626 1072 1688 umbrae
1094 1623 1335 1686 constitutae
1358 1642 1379 1685 a
1401 1623 1497 1685 linea

165 1731 232 1793 per
263 1713 468 1789 sectiones,
500 1734 647 1798 quarum
679 1735 771 1797 qnae
802 1715 915 1779 minor
941 1723 1110 1796 apotome
1140 1711 1204 1776 vel
1226 1711 1373 1792 sagitta
1395 1711 1495 1775 lumi-

517 1805 620 1868 naris
649 1805 710 1869 rel
738 1807 890 1870 umbrae
912 1804 988 1868 diei
1009 1808 1144 1885 potest.

253 1892 336 1955 Data
371 1890 447 1954 euim
475 1892 618 1957 diametro
645 1893 747 1958 circuli
775 1902 806 1958 et
833 1913 919 1970 aren,
955 1893 1045 1956 datur
1071 1898 1103 1955 et
1131 1890 1195 1971 ejus
1218 1907 1307 1953 mous
1329 1890 1448 1971 sagitta
1467 1890 1493 1953 in

91 2027 92 2031 η
166 1981 270 2044 eadem
299 1981 496 2056 dimensione,
533 2000 609 2065 quae
639 1980 838 2067 multiplicata
859 1983 890 2045 in
912 1983 1062 2047 residuum
1084 1979 1221 2044 diametri
1243 1978 1402 2043 luminaria
1426 1998 1492 2043 oen-

166 2070 268 2134 stituit
289 2070 465 2153 quadratum
488 2071 622 2136 semissis
644 2073 681 2135 de
705 2073 785 2136 linea
807 2072 981 2136 sectionum.
1012 2071 1048 2135 Id
1070 2088 1141 2133 vero
1163 2069 1342 2151 quadratum
1365 2069 1492 2133 abietum

167 2180 186 2223 a
208 2159 354 2242 quadrato
377 2159 589 2224 semidiametri
611 2162 748 2239 umbrae,
779 2161 921 2244 relinquit
942 2161 1119 2243 quadratum
1141 2158 1226 2239 ejus,
1248 2158 1327 2241 quod
1350 2167 1424 2240 post
1445 2178 1492 2220 ee-

165 2247 273 2328 gittam
304 2247 436 2310 ablatam
467 2258 516 2312 est
545 2251 695 2315 residuum
726 2271 820 2335 usque
852 2250 891 2313 ad
913 2258 1047 2314 centrum
1067 2248 1199 2312 umbrae.
1245 2246 1349 2321 Quare
1372 2248 1493 2311 radixa

166 2337 386 2400 semidiametro
416 2338 539 2402 umbrae
574 2339 695 2416 ablata,
727 2340 860 2404 ostendit
891 2340 1034 2422 sagittam
1064 2337 1197 2401 umbrae.
1241 2337 1386 2403 Aliter:
1418 2336 1492 2400 Data

166 2425 385 2490 semidiametro
413 2426 564 2490 luminaris
596 2436 629 2492 et
657 2430 778 2494 dImidio
805 2447 892 2493 meus
915 2428 1079 2493 dedeientie
1101 2427 1150 2491 vel
1172 2425 1282 2503 lueidi,
1319 2426 1412 2490 datur
1433 2426 1491 2505 ejus

166 2514 401 2579 siuueineadem
410 2514 1080 2602 dimensione,inquautraquesemidiameter.
1099 2517 1179 2579 Dato
1190 2515 1491 2580 verosinuindimeu-

132 2643 135 2646 «
167 2603 249 2666 sione
272 2604 500 2683 semidiametri,
524 2606 612 2670 datur
635 2608 724 2673 etiam
747 2608 830 2672 siuns
853 2606 1071 2689 complementi,
1095 2606 1145 2688 qui
1168 2606 1289 2669 ablatus
1310 2624 1331 2667 a
1354 2605 1490 2669 semidia-

167 2701 262 2757 metro
285 2693 441 2758 oomtituit
461 2694 616 2778 sagittam,

689 2856 885 2920 Problema
906 2856 963 2920 IX.

165 2957 274 3023 Datis
304 2959 596 3025 semidiametris
626 2961 720 3025 disci
751 2964 887 3026 Terrae
919 2969 955 3024 et
983 2961 1203 3042 penumbrae
1230 2968 1267 3024 et
1294 2959 1489 3025 latitudine

165 3047 320 3112 menieoi
348 3050 389 3112 de
410 3050 612 3132 penumbra
641 3058 748 3114 extra
778 3052 914 3114 diaeum
944 3051 1120 3132 porrecti,
1147 3049 1342 3131 inquirere
1368 3059 1489 3131 partes

307 3137 478 3203 diametri
499 3139 733 3222 penumbrae,
764 3141 888 3203 saetas
911 3160 930 3201 a
951 3147 1053 3203 reeta
1075 3157 1139 3220 per
1161 3139 1365 3204 sectiones.

252 3228 469 3309 Multiplioetur
491 3229 618 3293 latitudo
640 3229 763 3293 menieoi
785 3231 813 3292 iu
837 3228 986 3317 reqiduum
1008 3227 1146 3292 diametri
1160 3229 1360 3310 penumbrae,
1383 3247 1489 3293 summa

166 3315 316 3380 dividetur
337 3335 398 3398 per
412 3317 590 3382 diametrum
612 3318 696 3394 disci,
720 3318 895 3387 diminutam
917 3318 1006 3399 duplo
1029 3318 1095 3397 ejus
1117 3318 1319 3394 differentiae,
1348 3337 1425 3400 quae
1445 3325 1488 3378 eat

163 3404 243 3468 inter
272 3406 458 3470 latitudinem
490 3407 614 3470 menisci
645 3416 677 3470 et
702 3408 953 3472 semidiametmm
978 3407 1157 3489 penumbrae
1179 3408 1341 3489 majorem:
1372 3409 1421 3470 rel
1440 3424 1488 3489 per

164 3494 339 3559 diametrum
362 3495 436 3558 disei
459 3506 577 3559 auctam
600 3496 689 3578 dupio
712 3498 777 3580 ejus
799 3495 1001 3574 differentiae,
1034 3516 1108 3579 quae
1136 3504 1185 3560 est
1206 3497 1283 3561 inter
1306 3497 1486 3560 latitudinem

165 3584 287 3648 menisei
317 3593 348 3647 et
376 3585 629 3649 semidiametmm
664 3587 845 3667 penumbrae
875 3587 1028 3649 minorem.
1075 3583 1123 3661 (si
1146 3587 1294 3649 menisous
1319 3595 1369 3650 est
1391 3582 1486 3649 minori

165 3673 323 3737 latitudine
346 3694 435 3758 quam
465 3674 685 3739 semidiameter
719 3675 918 3756 penumbrae,
947 3675 1068 3756 duplum
1098 3677 1186 3758 hujus
1209 3677 1348 3740 deiectus
1369 3675 1487 3741 aufers

165 3761 314 3826 diametro
337 3762 426 3838 disei;
451 3765 498 3828 siu
519 3765 624 3845 major,
649 3764 769 3846 duplum
792 3783 933 3828 excessua
955 3764 1032 3827 adde
1054 3765 1208 3830 diametro
1222 3764 1316 3842 disei;
1338 3765 1384 3828 ita
1403 3764 1486 3829 hate

163 3850 331 3916 divisorem.
377 3852 437 3916 Vei
459 3852 579 3935 duplica
600 3854 776 3918 denudem
797 3862 974 3932 nentmmm,
996 3853 1091 3920 hebes
1113 3855 1297 3929 divisorem).

691 4006 891 4095 Problfeme
912 4014 954 4080 X.

128 4105 140 4117 '⁴
161 4116 273 4183 Datis
301 4089 514 4182 diametris
538 4119 740 4184 luminaris
768 4129 805 4183 et
830 4122 982 4184 umbrae
1005 4128 1041 4184 et
1063 4120 1283 4203 quantitate
1307 4121 1481 4195 defectus,

203 4205 397 4288 inquirere
418 4214 554 4289 partes
576 4210 752 4273 diametri
773 4210 935 4286 umbrae,
963 4210 1197 4274 eonstitutas
1219 4231 1239 4273 a
1261 4209 1363 4275 linea
1384 4229 1448 4294 per

725 4300 927 4364 sectiones.
1028 4322 1030 4326 ·

246 4383 417 4464 Multiplices
451 4384 638 4451 latitudinem
659 4389 757 4469 partis
778 4389 896 4453 lucidae
919 4390 948 4452 in
971 4387 1157 4451 latitudiuem
1179 4387 1276 4468 partis
1299 4388 1482 4461 tenebrosae,

161 4472 267 4537 deinde
293 4481 325 4536 et
352 4474 495 4538 minorem
517 4495 537 4537 a
559 4477 670 4558 majore
699 4478 856 4550 subtrahe,
889 4478 1104 4550 differentiam,
1136 4475 1163 4540 ei
1190 4476 1287 4557 major
1310 4485 1361 4542 est
1382 4477 1482 4551 lueida

160 4561 237 4625 adde
260 4563 299 4624 ad
321 4563 498 4628 diametrum
520 4566 650 4641 umbrae,
674 4568 719 4631 sin
742 4568 837 4649 major
858 4569 1028 4640 tenebrosa,
1053 4565 1137 4629 aufer
1158 4566 1341 4631 adiametro
1353 4566 1483 4639 umbraet

136 4728 137 4732 Ἰ
160 4658 192 4715 et
218 4670 273 4734 per
298 4652 354 4716 hoe
380 4653 445 4716 sive
475 4665 667 4735 aggregatum
691 4657 754 4719 eive
777 4658 926 4722 residuum
948 4655 1047 4720 divide
1070 4655 1182 4719 iaetum
1205 4675 1243 4720 ex
1264 4657 1365 4738 prima
1384 4655 1480 4721 und·

158 4741 328 4826 plieatione,
351 4743 452 4823 prodit
473 4754 659 4832 segmentum
681 4746 818 4810 diametri
840 4750 960 4818 umbrae
983 4744 1178 4824 eonstituturp
1200 4744 1321 4818 alinea
1337 4744 1493 4837 radens,
