3354 5504
276 285 342 357 524
866 279 1029 355 ΕΜ

280 466 399 550 punctis
413 466 458 543 Μ,
474 466 636 548 Ptotoque
659 465 770 528 circulo
792 483 847 546 per
865 465 922 527 ilia
943 467 1082 529 traducto
1097 462 1152 528 Sol
1167 465 1271 528 ultimo
1292 474 1375 531 totus
1390 469 1487 532 videri
1506 478 1614 553 potest.

279 557 396 621 Exinde
428 555 506 618 enim
530 574 587 636 quo
609 555 707 637 magis
731 555 910 635 ingredimur
933 555 971 616 ad
994 555 1150 630 interiora,
1179 554 1237 618 boo
1259 555 1327 636 plus
1350 559 1388 619 de
1412 557 1485 623 Sole
1511 561 1620 644 tegitur

280 665 301 707 a
321 646 425 719 Luna,
459 643 556 725 quoad
587 653 708 707 ventum
731 644 823 706 fuerit
844 644 883 707 ad
906 644 1047 707 circulum
1069 663 1124 727 per
1145 645 1189 721 N,
1220 642 1383 726 Opuncta
1407 649 1546 726 ductum,
1573 650 1621 712 ubi

281 743 365 799 totus
387 732 441 797 Sol
465 733 528 812 tegi
550 733 663 814 Incipit

368 821 553 887 Definitio
577 822 633 885 111.
678 821 814 884 Discus
843 823 981 884 Terrae
1004 828 1053 884 εει
1073 821 1201 885 circulus
1223 840 1316 904 prope
1339 826 1488 889 maximoe
1512 826 1624 890 illumi-

281 911 412 975 nationis
434 910 573 986 Telluris,
597 931 685 973 axem
707 910 829 972 umbrae
843 911 954 972 Terrae
976 910 1265 992 perpendiculariter
1279 931 1386 976 secans
1403 933 1500 996 prope
1514 917 1624 980 Terrae

281 1011 424 1064 centrum.
458 999 569 1062 Discus
593 999 711 1072 dicitur,
734 999 804 1081 quia
824 998 962 1078 fingimus
987 998 1171 1080 superficiem
1184 1001 1315 1064 Telluris
1337 1002 1541 1068 illuminatam
1555 1025 1626 1088 pro-

278 1091 391 1171 jectam
414 1107 481 1153 ease
503 1087 534 1151 in
557 1089 678 1170 planum
702 1088 789 1168 hujus
813 1086 926 1150 circuli.

796 1247 997 1310 Theorema
1024 1248 1109 1312 VIII.

139 1360 149 1382 ⁰
283 1354 452 1435 Angelus
480 1353 694 1435 apparentis
722 1373 764 1415 ex
792 1361 924 1417 centro
953 1356 1085 1417 Terrae
1116 1328 1385 1420 semidiametri
1412 1357 1567 1421 luminis
1592 1359 1623 1421 iu

283 1445 367 1508 loco
394 1443 579 1506 transitus
602 1442 724 1505 Lunae
748 1448 807 1505 est
828 1442 999 1525 aequalis
1027 1443 1214 1523 parallaxi
1241 1444 1365 1509 Lunae
1398 1446 1624 1510 boniacutali

466 1566 471 1573 -
537 1539 574 1593 et
595 1531 865 1595 semimucroui
888 1531 1032 1593 umbrae
1056 1534 1199 1595 Terrae
1217 1533 1372 1614 junctis.

371 1620 407 1684 Iu
434 1619 587 1683 schemate
616 1618 647 1683 2.
671 1622 713 1682 sit
742 1621 824 1683 locus
848 1620 995 1683 transitus
1018 1621 1123 1684 Lunae
1146 1642 1200 1703 per
1223 1624 1321 1686 lumen
1344 1625 1433 1701 ΗΙΤ,
1466 1625 1514 1688 HI
1536 1625 1622 1691 semi-

281 1711 431 1786 ¹diameter
468 1709 596 1772 luminis.
660 1708 795 1773 Ducatur
821 1708 893 1786 ΗΒ,
925 1709 983 1772 erit
1009 1711 1083 1773 IBH
1109 1711 1236 1792 angulus
1263 1712 1293 1774 iu
1321 1721 1424 1776 centro
1453 1715 1568 1777 Terrae
1589 1714 1621 1778 B.

284 1800 382 1881 Igitur
402 1799 433 1862 iu
456 1802 492 1868 Δ
514 1798 599 1862 ΗΘΒ
623 1807 671 1861 εει
693 1800 765 1862 ΗΒΙ
794 1800 925 1862 exterior
949 1822 989 1854 =
1012 1797 1096 1863 BIIO
1120 1798 1276 1879 -1-ΒοΗ,
1302 1802 1497 1866 interioribus
1520 1812 1553 1866 et
1570 1822 1622 1884 op-

283 1887 409 1969 positIs;
446 1888 500 1951 aed
521 1887 606 1953 BHG
641 1888 670 1951 b.
699 1906 726 1949 e.
756 1887 840 1950 ΒΗΕ
873 1896 922 1950 εει
951 1888 1118 1970 parallaxis
1152 1889 1349 1954 horizontalis
1377 1891 1482 1972 puncti
1512 1893 1542 1955 Η
1576 1911 1622 1955 eeu

290 1978 389 2041 Lunae
411 1977 442 2039 iu
466 1995 511 2046 eo,
535 1987 566 2038 et
587 1974 673 2040 ΒΟΗ
696 1984 746 2039 εει
767 1977 944 2040 semimucro
968 1977 1100 2040 umbrae.
1146 1977 1186 2050 Q.
1208 1978 1246 2041 Ε.
1269 1980 1309 2043 Ι).

708 2128 710 2134 ⁴
819 2136 1016 2200 Problema
1038 2138 1093 2200 111.

287 2243 400 2308 Datis
436 2243 696 2324 parallaxibns
731 2243 963 2306 luminarium
1000 2252 1036 2306 et
1064 2245 1341 2308 semidiametro
1378 2243 1485 2311 Solia
1517 2263 1622 2330 appa·
1658 2280 1664 2299 ·

541 2333 651 2408 renti,
676 2333 845 2395 iuvenire
868 2332 1181 2397 semidiametrum
1207 2334 1372 2396 luminis.

374 2413 425 2483 Ad
450 2421 621 2502 parallaxIn
657 2422 761 2483 Lunae
789 2422 1003 2485 horizontalem
1031 2423 1107 2485 adde
1140 2422 1246 2486 semid.
1270 2422 1353 2487 Solis
1376 2432 1624 2506 apparentem,a

206 2566 216 2588 ,
290 2529 406 2573 summa
428 2510 513 2572 aufer
534 2510 703 2591 parallaxin
727 2509 824 2574 Solis:
847 2511 897 2573 vel
919 2512 996 2592 qood
1019 2512 1098 2574 idem
1121 2520 1179 2583 est,
1202 2512 1318 2593 conjice
1332 2513 1362 2574 in
1380 2532 1471 2576 unam
1487 2528 1623 2577 summam

288 2597 457 2681 parallaxiu
479 2598 584 2662 Lunae
607 2621 627 2661 a
649 2599 720 2663 Sole
745 2608 777 2663 et
800 2598 1054 2663 semidiametrum
1076 2600 1173 2676 Solis,
1202 2602 1303 2683 prodit
1326 2603 1464 2685 utriuque
1488 2603 1624 2667 semidie-

290 2695 384 2753 meter
406 2687 526 2752 luminis
548 2706 706 2770 apparens.
731 2689 817 2763 (Vid.
841 2688 937 2771 probl.
960 2690 1002 2764 Ι.)

814 2849 1022 2912 Theorema
1043 2850 1100 2914 IX.

288 2954 495 3037 Duplicata
526 2954 646 3017 Lunae
674 2951 896 3037 paralla'xis
917 2956 952 3019 iu
979 2963 1086 3018 certa
1108 2956 1296 3019 distantia
1318 2956 1446 3020 Lunae
1470 2978 1491 3021 a
1512 2960 1621 3022 Terra

342 3051 485 3127 aequat
513 3053 744 3125 apparentes
771 3044 806 3107 in
829 3045 958 3107 eadem
982 3045 1172 3110 distantia
1200 3066 1220 3108 a
1241 3047 1366 3109 Terra
1390 3049 1577 3112 semidia-

390 3143 391 3146 ’
585 3142 733 3196 metros
761 3134 911 3195 umbrae
938 3135 1080 3197 Terrae
1111 3142 1142 3198 et
1169 3135 1331 3199 luminis.

378 3220 458 3284 Nam
472 3220 695 3287 semidiameter
708 3221 826 3284 luminis
841 3223 959 3285 excedit
972 3223 1141 3304 parallaxin
1156 3224 1260 3287 Lunae
1276 3225 1494 3288 semimucrone
1503 3225 1622 3288 umbrae.

290 3315 349 3390 (th.
382 3309 489 3390 vm.)
533 3312 578 3373 At
609 3311 829 3373 semidiameter
862 3312 984 3374 umbrae
1011 3313 1106 3376 minor
1132 3321 1181 3376 est
1215 3313 1318 3377 Lunae
1347 3314 1500 3395 parallaxi
1529 3313 1624 3376 eodem

290 3402 507 3471 semimucroue
531 3398 668 3463 umbrae:
688 3400 813 3481 junctae
836 3399 928 3480 igitur
949 3401 1163 3465 semidiametri
1176 3403 1297 3465 luminis
1316 3412 1348 3466 et
1365 3403 1491 3466 umbrae
1506 3408 1625 3485 aequant

235 3550 238 3555 .
291 3493 365 3556 duas
388 3487 563 3574 parallaxes
585 3488 698 3565 Lunae,
722 3508 848 3552 excessu
870 3499 1081 3570 compensante
1105 3492 1253 3555 defectum
1277 3491 1444 3574 aequalem.
1482 3494 1565 3572 Eupo
1578 3488 1623 3553 be.

290 3583 419 3645 Brevius
456 3594 494 3639 ex
526 3576 696 3641 schemate:
742 3578 816 3641 IBH
838 3590 961 3659 superat
982 3581 1066 3643 BHE
1093 3581 1200 3663 angulo
1223 3579 1305 3645 BCE
1347 3600 1415 3644 cum
1437 3581 1534 3659 BHE,
1556 3577 1624 3665 ΒΓΕ

704 3664 788 3729 GBF
810 3676 967 3748 superatur
988 3668 1068 3733 ΒΓΕ
1091 3670 1199 3751 angulo
1221 3667 1303 3733 BGE
1369 3670 1434 3733 sint
1461 3670 1607 3754 aequales

698 3796 705 3814 ο
830 3827 1032 3891 Theorema
1053 3828 1094 3893 Χ,

292 3937 465 4018 Angulus
489 3933 725 4018 apparentis
749 3935 1029 3998 semidiametri
1051 3936 1178 3999 Lunae
1202 3937 1554 4001 excentroTerrae
1575 3941 1626 4000 εει

292 4025 478 4110 aequalia
498 4024 645 4105 junctis
669 4025 975 4100 semidiametris,
998 4023 1104 4088 Solio
1127 4043 1169 4087 ex
1185 4032 1316 4089 centro
1335 4025 1478 4089 Terrae
1501 4028 1574 4090 visi
1596 4032 1627 4088 ct

337 4116 487 4179 umbrae
512 4114 641 4176 Lunae
665 4114 758 4193 apud
780 4124 950 4176 centrum
974 4115 1119 4176 Terrae
1142 4115 1255 4177 velut
1277 4133 1321 4176 ex
1343 4114 1447 4178 Luna
1469 4117 1591 4180 visae.

381 4206 415 4268 ln
447 4203 604 4266 schemate
634 4199 850 4265 connectantur
881 4210 993 4283 puncta
1022 4203 1062 4279 L,
1090 4203 1126 4266 B.
1172 4204 1253 4285 Ergo
1285 4204 1314 4265 in
1338 4207 1374 4273 Δ
1397 4202 1484 4268 LRB
1508 4205 1626 4268 exterior

296 4295 365 4358 LBI
387 4302 436 4357 εει
454 4291 596 4374 aequalis
620 4291 811 4354 interioribus
835 4300 867 4354 et
889 4292 1037 4373 oppositis
1060 4292 1152 4368 BLR,
1175 4291 1269 4355 BRL.
1314 4290 1376 4354 Sed
1390 4292 1462 4358 LBI
1483 4304 1532 4359 εει
1546 4293 1626 4357 semi-

296 4385 442 4447 diameter
473 4382 576 4444 Lunae
612 4400 650 4443 ex
677 4390 780 4444 centro
808 4383 919 4443 Terrae
947 4400 1109 4462 apparens,
1148 4389 1179 4443 et
1200 4381 1298 4456 BLR,
1331 4380 1363 4442 id
1386 4389 1440 4444 εει
1460 4381 1561 4460 BLO,
1588 4389 1627 4444 est

241 4531 246 4547 ,
295 4472 399 4536 semid.
428 4470 550 4535 umbrae
581 4471 749 4533 constituta
778 4469 815 4532 ad
844 4479 975 4533 ceotmm
1006 4472 1117 4533 Terrae
1139 4471 1165 4533 B
1188 4478 1220 4532 et
1246 4487 1395 4550 apparens
1418 4488 1459 4533 ex
1480 4473 1509 4535 L
1530 4478 1626 4553 puncto

297 4548 419 4624 Lunbe:
444 4560 569 4642 demque
592 4559 688 4634 BRL,
711 4559 741 4622 h.
765 4578 792 4623 e.
816 4559 904 4622 ARD
927 4568 976 4622 est
999 4559 1219 4622 semidiameter
1240 4559 1322 4622 Solis
1344 4576 1382 4619 ex
1403 4554 1518 4638 pnubto
1531 4562 1561 4623 R
1580 4578 1627 4640 ap

296 4666 417 4731 pareus,
440 4648 519 4732 quod
541 4667 663 4730 semper
685 4655 733 4709 εει
754 4649 887 4729 proxime
910 4649 937 4711 B
960 4657 1092 4711 ceumom
1115 4649 1236 4721 Terrae.
1283 4648 1364 4727 Ergo
1388 4648 1443 4711 dec.
1475 4670 1506 4734 q.
1524 4670 1550 4713 e.
1563 4635 1591 4711 d.

386 4735 664 4802 corollarium.
706 4735 830 4799 Summa
852 4736 1137 4801 semidiametrorum
1160 4734 1243 4799 Solis
1267 4744 1297 4798 et
1312 4733 1626 4822 Lduaeaequatsum·

293 4845 381 4893 mam
401 4844 441 4888 ex
464 4825 611 4891 diametro
634 4823 720 4894 Solis
741 4826 1013 4890 et-semidiametro
1035 4826 1166 4891 umbrae·
1179 4825 1302 4888 Lunna
1363 4872 1366 4877 .
1432 4866 1435 4871 -
1533 4867 1553 4891 -.
