3354 5504
159 281 224 352 322
300 312 304 320 ·
643 283 683 334 De
701 282 809 334 Motibus
829 281 922 334 Stellae
940 281 1028 334 Martia
1057 308 1060 313 ·

160 465 311 539 eccentri,
346 462 431 543 cujus
465 462 605 542 aequatio
636 463 737 542 optica
769 470 817 526 est
845 463 974 541 angulus
1006 459 1106 525 BGA.
1161 462 1244 542 Ergo
1279 462 1404 525 residua
1435 481 1515 538 area,

161 554 305 633 trianguli
336 552 453 614 scilicet
475 549 583 627 BGA,
615 560 663 613 est
694 571 838 614 excessus
862 551 934 625 (hoc
963 551 1044 625 loco)
1078 552 1247 614 anomaliae
1277 553 1396 614 mediae
1427 571 1517 633 supra

164 642 347 706 anomaliam
372 643 520 715 eccentri3
545 650 576 703 et
599 641 734 721 ejusdem
763 641 905 719 trianguli
938 641 1065 718 angulus
1089 640 1179 703 BGA
1202 650 1250 705 est
1272 661 1419 704 excessus
1441 659 1517 703 ano-

161 733 271 795 maliae
305 731 436 793 eccentri
460 728 546 793 GBG
573 750 665 810 snpra
695 738 891 812 coaequatam
920 727 1018 792 GAG.
1064 729 1208 808 Ejusdem
1240 731 1342 813 itaque
1373 728 1517 810 trianguli

163 821 295 901 cognitio
338 828 495 898 utramque
533 828 652 901 partem
689 819 878 899 aequationis
922 818 1039 898 prodit,
1077 820 1308 898 respondentem
1349 820 1516 883 anomaliae

163 917 349 992 coaequatae
374 906 471 971 GAC.

253 1000 355 1079 Atque
378 998 447 1060 hinc
471 998 563 1060 etiam
586 1017 678 1059 causa
700 1005 798 1077 patet,
832 1017 884 1058 cur
907 1017 997 1077 supra
1020 998 1118 1076 capite
1141 996 1246 1060 XXX
1266 997 1386 1061 XXXI.
1416 1007 1518 1078 partes

165 1087 353 1169 aequationis
378 1087 502 1150 dixerim
534 1087 564 1148 in
600 1087 718 1148 theoria
741 1087 822 1150 Solis
851 1107 940 1166 quam
970 1086 1104 1166 proxime
1137 1087 1289 1167 aequales.
1335 1087 1417 1150 Nam
1449 1088 1519 1167 qnia

164 1177 329 1260 quemlibet
358 1196 460 1238 arcum
493 1177 578 1257 eique
610 1183 834 1256 superstantem
866 1177 1005 1254 angulum
1038 1176 1076 1237 ad
1108 1184 1243 1238 centrum
1266 1177 1315 1250 (nt
1346 1177 1431 1255 prins
1456 1173 1518 1241 GG

165 1277 198 1331 et
221 1264 330 1340 GBG)
354 1265 477 1328 metitur
492 1285 564 1327 area
583 1286 647 1340 sna,
672 1265 721 1346 qui
745 1272 845 1326 sector
861 1265 977 1338 dicitnr,
1002 1273 1035 1326 nt
1053 1285 1125 1326 area
1149 1263 1257 1340 CBG,
1281 1267 1430 1329 collocato
1446 1285 1516 1345 ergo

165 1357 242 1437 pede
266 1355 368 1417 circini
391 1355 422 1416 in
442 1353 518 1417 Get
541 1355 721 1416 diastemate
747 1352 809 1419 GB
834 1374 921 1415 arcus
945 1354 1201 1417 circumferentiae
1226 1355 1383 1429 scribatur,
1410 1374 1517 1418 secam

166 1444 226 1508 GA
253 1444 283 1506 in
308 1443 345 1507 Ο.
392 1444 488 1522 Igitur
520 1451 554 1504 ut
585 1463 658 1504 area
682 1441 775 1505 GBG
804 1443 842 1503 ad
875 1444 1017 1523 angulum
1042 1442 1152 1518 GBC,
1185 1442 1229 1504 sio
1260 1464 1333 1506 area
1355 1442 1458 1506 BGO
1480 1444 1517 1506 ad

31 1543 34 1549 '
165 1535 306 1612 angulum
328 1531 437 1596 BGO.
485 1533 547 1596 Sed
579 1535 705 1612 angulus
733 1530 829 1594 BGO
859 1541 908 1595 est
933 1551 1005 1611 pars
1041 1533 1228 1613 aequationis
1261 1534 1384 1613 opticae‚
1416 1534 1517 1614 itaque

166 1644 237 1686 area
261 1621 360 1685 GOB
382 1642 437 1704 per
465 1621 696 1702 duplicationem
724 1622 912 1702 aequationis
943 1623 1040 1701 partis
1069 1622 1209 1684 metietur
1239 1632 1356 1702 partem
1388 1624 1516 1703 optioam

166 1712 364 1793 aequationis,
389 1732 456 1774 cum
479 1712 509 1772 in
532 1721 635 1773 nostro
659 1712 774 1773 calculo
797 1712 879 1791 prius
904 1711 1054 1790 explicato
1077 1711 1145 1791 ipsa
1167 1730 1239 1772 area
1265 1720 1333 1774 tota
1356 1708 1457 1777 GBA
1480 1712 1518 1775 sit

165 1810 288 1884 propter
311 1809 429 1883 partem
445 1800 634 1880 aequationis
655 1800 810 1882 physicam
825 1801 1017 1862 consulenda.
1054 1800 1125 1861 Etsi
1147 1800 1238 1878 igitur
1260 1799 1365 1876 AGB,
1389 1801 1517 1881 genuina

167 1910 307 1954 mensura
320 1890 417 1969 partis
432 1889 620 1972 aequationis
635 1891 789 1971 physicae,
813 1891 933 1952 excedit
953 1889 1050 1964 OGB,
1073 1890 1208 1951 oblatam
1227 1909 1398 1952 mensuram
1421 1890 1517 1970 partis

171 1979 300 2060 opticae‚
315 1980 445 2059 spatiolo
461 1998 513 2041 seu
529 1998 601 2041 area
619 1977 704 2042 OAB
720 1982 767 2053 (et
781 1999 886 2042 versus
900 1979 1072 2060 perigaeum
1086 1978 1257 2058 hujusmodi
1273 1979 1374 2058 aliquo
1390 1979 1516 2059 spatiolo

168 2069 304 2132 vicissim
319 2069 357 2130 ab
376 2088 412 2130 eo
428 2069 617 2149 superatur):
642 2070 671 2131 in
690 2087 784 2148 parva
806 2077 906 2131 tamen
922 2068 1155 2144 eccentrioitate,
1179 2068 1346 2147 cujusmodi
1370 2078 1419 2130 est
1439 2066 1516 2132 Solia

169 2159 216 2220 vel
232 2158 353 2233 Terrae,
378 2157 407 2219 in
423 2177 481 2238 qna
504 2177 658 2220 versamur
673 2159 730 2219 hac
744 2157 835 2222 tertia
847 2166 944 2238 parte,
962 2158 1017 2220 hoc
1036 2177 1094 2219 non
1108 2163 1156 2219 est
1170 2157 1323 2220 sensibile.
1363 2157 1444 2220 Nam
1464 2174 1515 2240 qno

166 2246 289 2330 propius
305 2246 414 2308 lineam
429 2246 565 2326 apsidum
580 2248 706 2318 venitur,
729 2247 785 2309 hoc
801 2247 908 2309 exilius
922 2247 956 2308 lit
977 2255 1074 2309 totum
1090 2245 1271 2326 triangulum
1293 2245 1404 2320 AGB,
1429 2264 1515 2329 qnare

169 2344 200 2400 et
223 2335 371 2416 particula
393 2336 458 2415 ejus
482 2333 595 2409 AGB,
620 2337 808 2416 quantumvis
832 2343 984 2398 crescente
1008 2344 1078 2397 tunc
1094 2335 1158 2415 ejus
1177 2336 1337 2398 altitudine
1360 2334 1441 2398 AO.
1486 2337 1515 2398 In

169 2423 402 2505 longitudinibus
415 2443 486 2486 vero
505 2425 611 2487 mediis
634 2425 728 2487 ΒΕΑ
751 2426 879 2506 angulus
893 2445 959 2511 curn
982 2434 1098 2487 sectore
1122 2445 1176 2486 sno
1193 2425 1302 2487 alicubi
1324 2425 1416 2504 plane
1435 2445 1515 2487 men-

168 2522 287 2577 suratur
309 2515 347 2575 ab
362 2534 434 2576 area
455 2514 561 2584 ΒΕΑ,
585 2523 617 2575 et
641 2534 871 2577 excessuacum
895 2515 1062 2577 defectibus
1085 2514 1231 2594 incipiunt
1252 2514 1427 2594 permutari.

257 2603 363 2685 Itaque
387 2621 502 2665 summa
516 2603 695 2677 differentia,
721 2623 796 2682 qnae
820 2604 993 2683 contingere
1016 2612 1128 2682 potest,
1151 2603 1181 2665 in
1206 2612 1344 2666 octantes
1369 2624 1425 2666 seu
1455 2605 1516 2667 looa

161 2694 248 2755 inter
270 2693 392 2773 apsides
417 2700 448 2754 et
471 2694 652 2774 quadrantes
677 2693 853 2755 intermedia
877 2693 1096 2755 accumulatur:
1130 2713 1205 2772 quae
1234 2701 1347 2773 quanta
1371 2694 1427 2767 sit,
1458 2695 1515 2773 jam

169 2783 302 2864 patefiet.
349 2781 426 2846 Cum
449 2783 527 2845 enim
549 2782 581 2843 in
603 2782 721 2844 theoria
743 2784 852 2845 Martis
875 2782 1057 2863 aliquamdiu
1081 2783 1186 2843 eadem
1209 2802 1281 2844 usus
1305 2783 1413 2844 fuerim
1435 2802 1513 2845 oom-

172 2872 297 2954 putandi
320 2871 416 2933 forma
438 2890 492 2952 per
515 2891 617 2945 areas,
650 2890 708 2933 non
731 2872 830 2951 potuit
852 2872 927 2933 haec
951 2872 1121 2933 differentia
1143 2872 1255 2951 negligi
1285 2882 1411 2952 propter
1434 2890 1515 2952 mag·

171 2980 241 3023 nam
263 2961 404 3039 planetae
418 2960 682 3023 eccentrioitatem.
720 2962 785 3025 Nec
805 2960 968 3041 duplicatio
990 2961 1086 3041 partis
1101 2961 1289 3041 aequationis
1308 2961 1429 3040 opticae
1445 2962 1516 3024 citra

173 3049 346 3114 sensibilem
370 3069 501 3112 errorem
525 3051 590 3112 fuit.
637 3048 737 3121 Quare
766 3051 950 3131 exploranda
982 3051 1038 3112 luit
1060 3049 1202 3129 planities
1232 3050 1376 3129 trianguli
1407 3070 1515 3132 aequa·

119 3218 125 3232 .
172 3139 250 3203 torii.
296 3138 405 3202 Potest
426 3139 458 3201 id
479 3140 544 3202 fieri
566 3139 658 3202 variis
681 3140 797 3214 mediis,
820 3141 873 3202 sed
897 3140 1221 3219 compendiosissimam
1244 3137 1427 3204 adscribam.

173 3301 307 3364 Notum
340 3308 414 3363 est:
452 3300 649 3381 aequealta
685 3301 877 3381 triangula
909 3321 991 3363 esse
1021 3299 1057 3361 in
1092 3299 1331 3381 proportione
1366 3298 1514 3376 basium,

292 3388 376 3452 dico
400 3395 439 3451 et
461 3390 690 3470 sequebasia
713 3410 795 3452 esse
819 3391 854 3452 in
877 3389 1119 3471 proportione
1147 3388 1402 3453 altitudinum.

264 3495 336 3560 Sim
358 3494 457 3571 AGB,
480 3495 567 3559 ΑΗΒ
596 3518 694 3581 caper
721 3498 831 3562 eadem
863 3500 932 3561 basi
953 3498 1021 3571 AB,
1045 3495 1226 3560 oontiaaata
1254 3497 1292 3561 in
1314 3494 1350 3560 G.
1396 3495 1517 3583 Apate·

116 3586 119 3590 ’
174 3605 214 3650 ea
238 3583 268 3647 G
290 3594 377 3650 recta
401 3583 460 3648 GN
477 3584 657 3668 paralleloe
679 3589 836 3651 communi
858 3588 927 3650 lael
949 3587 1023 3658 AB,
1045 3606 1155 3649 aecum
1176 3585 1233 3647 ΗΒ
1255 3586 1291 3649 in
1311 3585 1359 3662 N,
1391 3594 1423 3651 et
1445 3607 1515 3651 eoa·

44 3700 53 3722 ¹
175 3683 317 3739 motatur
338 3677 370 3738 Ν
392 3696 463 3739 com
482 3675 522 3751 A,
546 3684 575 3740 et
597 3696 637 3740 eor
658 3679 756 3740 triam
776 3674 1009 3759 triangulatam
1029 3676 1196 3740 oaaeiooe
1219 3673 1258 3750 G,
1274 3675 1314 3751 H,
1330 3675 1361 3738 N
1382 3683 1516 3760 agmen·

172 3763 452 3849 perpendiculares
473 3765 509 3827 ire
540 3768 630 3829 basin
654 3764 726 3840 GM,
750 3766 815 3841 HL,
839 3766 904 3840 NP,
928 3766 1167 3828 eminentes
1187 3762 1423 3848 triangulam
1443 3763 1514 3829 alti·

174 3855 311 3921 mainel.
350 3852 430 3917 (lum
451 3875 524 3936 erpo
548 3852 607 3918 GN
628 3864 657 3918 et
674 3857 735 3918 MP
749 3857 812 3919 aiat
827 3853 992 3938 paralleli,
1012 3863 1041 3919 et
1057 3852 1130 3928 GM,
1153 3853 1208 3916 NP
1226 3852 1514 3936 papaveratae,

174 3951 267 4008 mot
289 3944 389 4027 igitar
411 3941 485 4013 GM,
508 3943 563 4017 NP
586 3944 743 4027 aequales.
790 3944 856 4007 Sed
880 3944 944 4006 GM
966 3953 1012 4007 eet
1033 3942 1167 4007 altitudo
1188 3941 1345 4026 trianpiali
1365 3943 1516 4019 Adue

174 4033 230 4097 NP
254 4041 298 4096 eet
320 4032 454 4096 altitudo
477 4033 630 4115 trdaopali
642 4034 738 4097 ANB.
777 4032 957 4117 ilicoqola
972 4032 1180 4115 ipitetrANB,
1197 4031 1285 4095 AGB
1307 4041 1383 4099 msa
1405 4052 1514 4118 aequa

152 4152 153 4157 ¹
176 4120 266 4198 alta,·
289 4129 319 4185 et
340 4123 417 4205 qaia
438 4121 534 4185 etmel
555 4145 651 4208 super
672 4125 782 4186 eadem
804 4124 873 4186 basi
886 4123 953 4197 AB,
976 4130 1050 4186 aaut
1071 4123 1170 4204 igitar
1192 4121 1351 4204 aequalia.
1388 4122 1438 4188 le
1451 4143 1516 4188 caea

175 4210 263 4278 ANB
285 4212 328 4274 eit
344 4230 426 4292 pare
448 4212 487 4274 de
508 4206 605 4289 ΑΗΒ,
628 4222 657 4276 et
679 4215 850 4276 emmonis
872 4209 957 4276 liaeo
979 4214 1102 4275 basiam
1123 4211 1180 4274 ΗΒ
1203 4219 1232 4274 et
1254 4215 1431 4277 commode
1450 4232 1515 4277 oa*-

176 4311 230 4366 eea
251 4300 290 4374 A,
314 4298 479 4380 manpala
500 4303 599 4384 igitur
620 4302 718 4376 NAB,
741 4303 827 4364 HAB
850 4311 923 4365 sera
945 4300 1119 4384 aequealta.
1167 4300 1277 4378 Quare
1298 4310 1334 4365 at
1355 4301 1445 4366 basia
1464 4302 1515 4366 NB

177 4390 223 4453 ad
244 4389 301 4452 BH
328 4391 375 4453 aio
400 4388 488 4453 NAB
512 4392 556 4454 ad
578 4387 674 4453 ΗΑΒ.
719 4390 786 4454 Sed
815 4392 902 4454 NAB
926 4399 954 4455 et
979 4389 1065 4454 GAB
1090 4390 1228 4472 prolata
1256 4399 1330 4454 aare
1358 4389 1514 4473 aequalia

177 4477 401 4562 ErpoalNB
424 4478 725 4543 adBHse'oGAB
749 4481 910 4543 adHAB.
954 4477 1517 4545 UtoeroBNadBHeioNPad

112 4594 126 4645 ς
179 4569 246 4643 HL,
270 4589 305 4630 eo
328 4568 414 4651 qood
434 4567 518 4631 ΝΒΡ
535 4578 564 4632 et
578 4569 662 4632 HBL
684 4569 806 4634 similia
826 4569 998 4652 triangula.
1035 4570 1125 4652 Ergo
1149 4567 1244 4632 aliam
1266 4577 1300 4633 at
1322 4569 1378 4631 NP
1400 4570 1447 4634 aa
1463 4569 1518 4633 HL

180 4658 227 4723 rio
250 4655 335 4722 GAB
359 4658 404 4720 ad
424 4657 522 4720 HAB.
569 4657 635 4721 Sed
664 4659 720 4722 NP
748 4668 778 4724 et
801 4657 865 4722 GM
893 4657 1050 4740 aeqetalea.
1096 4659 1186 4741 Ergo
1217 4667 1254 4723 al
1283 4656 1349 4723 GM
1377 4661 1425 4724 ad
1453 4659 1516 4732 HL,

183 4746 317 4811 altitudo
347 4747 407 4900 a'qld
422 4744 639 4823 altitudime,
670 4751 718 4814 sie
747 4747 834 4814 GAB
866 4768 943 4812 area
972 4748 1017 4812 ad
1045 4747 1131 4813 HAB
1163 4767 1281 4817 aream.
1330 4749 1427 4838 Quod
1452 4754 1519 4816 erat

185 4838 363 4904 denwmtra
406 4857 468 4901 aaa
