3354 5504
549 304 618 357 ,Pars
639 305 731 357 Prima.
769 305 850 371 Caput
868 306 914 359 VI.
1346 305 1411 374 195

58 490 167 564 puncto
191 487 230 558 t·;
255 489 289 545 et
310 483 496 563 respondeat
517 483 591 546 haec
615 485 791 567 hypothesis
815 485 950 547 omnibus
974 484 1050 548 locis
1074 486 1244 548 observatis
1259 488 1314 549 sub
1331 488 1409 550 arti-

59 575 141 637 culos
164 573 369 653 oppositionis
393 572 533 652 planetae
558 594 623 634 cum
647 575 744 636 medio
768 576 834 637 loco
858 574 948 637 Solis.

148 660 230 734 Quid
254 663 348 742 igitur
371 672 433 736 est,
456 663 664 742 Keplere,
702 665 780 745 quod
803 665 852 727 hic
876 664 1029 726 desideres
1051 665 1082 726 in
1107 664 1295 745 Copernico?
1318 656 1407 727 Anne
1499 700 1501 705 ·
1553 665 1555 669 ’
1610 706 1614 713 -

60 752 319 814 observationibus
344 770 397 812 seu
420 760 657 814 astronomorum
682 753 894 834 experimentis
924 773 1018 832 negas
1047 754 1125 815 hauc
1149 746 1330 838 hypothesin
1353 775 1407 834 per

59 842 158 903 omnia
180 841 386 920 respondere?
410 832 467 903 ‘ld
490 841 607 921 quidem
626 843 690 921 jam
714 863 772 904 non
796 843 905 921 agitur.
946 843 1051 929 Neque
1075 863 1141 923 ego,
1166 864 1232 906 cum
1256 844 1334 905 huuc
1356 845 1407 906 la-

58 933 160 993 borem
184 931 369 1011 suspicarer,
393 931 430 991 ab
455 931 715 993 observationibus
739 932 767 992 in
793 932 942 994 diversam
967 934 1149 994 senteutiam
1174 954 1238 995 sum
1249 933 1407 995 adductus.

60 1019 118 1083 Sed
141 1021 199 1081 hoc
222 1029 272 1082 est
295 1020 384 1099 quod,
397 1019 582 1080 desideravi:
611 1021 816 1085 Cautiuuetue
835 1023 877 1098 βᾶ
898 1029 933 1083 ut
951 1029 1030 1084 secet
1053 1024 1259 1085 econamum
1280 1023 1317 1084 iu
1331 1047 1358 1103 χ,
1375 1020 1408 1096 ξ;

59 1119 87 1173 et
107 1111 228 1190 ciraaz
249 1115 396 1172 mutatur
411 1117 567 1192 puuctum
580 1113 751 1185 occentari,
776 1112 860 1192 quod
874 1112 917 1173 sit
929 1134 954 1183 τ,
980 1120 1239 1191 connectatueque
1254 1132 1325 1174 eum
1338 1117 1365 1187 d,
1382 1114 1408 1173 λ.

61 1199 138 1262 Orsua
160 1219 236 1281 erpo
260 1221 302 1279 χτ
323 1199 470 1261 metiatur
491 1199 643 1280 aripertum
664 1203 733 1281 χλτ,
758 1199 896 1282 oupertus
915 1221 988 1262 uero
1010 1207 1073 1282 yde
1099 1203 1202 1286 major
1224 1201 1265 1262 sit
1293 1198 1408 1282 capulo

60 1294 117 1372 χλτ
131 1289 312 1371 mutitate
328 1291 399 1362 ort,
422 1296 452 1350 et
464 1291 506 1350 ait
522 1294 539 1349 d
555 1297 710 1370 puuctum
726 1289 929 1372 aequalitatis
943 1293 1156 1370 temporariae
1162 1312 1176 1362 ;
1199 1311 1271 1371 erqo
1286 1297 1412 1372 tempus

56 1401 113 1461 per
142 1383 209 1459 χᾶτ
238 1377 438 1459 designatum
469 1384 515 1439 est
543 1381 647 1464 majus
676 1387 819 1461 respectu
849 1380 946 1442 totius
975 1380 1102 1458 periodi
1130 1378 1279 1461 temporis
1303 1374 1410 1458 pera

59 1476 156 1531 rectos
178 1466 309 1550 afflati,
340 1487 435 1547 quam
465 1487 559 1530 aruer
588 1488 627 1550 χτ
654 1477 796 1550 respectu
835 1467 1105 1550 circumferentiae
1141 1470 1254 1531 totius:
1293 1467 1409 1531 tardus

59 1560 153 1639 igitar
170 1554 307 1640 planeta
329 1577 399 1617 uere
423 1552 501 1637 (nou
514 1558 587 1641 jam
604 1577 666 1637 per
687 1560 774 1619 visera
792 1551 1014 1639 phantasiam)
1035 1579 1096 1640 per
1118 1578 1228 1620 arcum
1246 1577 1295 1638 τχ,
1318 1556 1408 1618 oetam

59 1649 91 1710 ia
110 1646 255 1729 opposite
280 1665 373 1717 arou,
401 1654 430 1708 et
451 1647 488 1707 in
509 1670 526 1726 χ
549 1646 766 1720 tardissimus,
799 1649 835 1708 e'n
856 1644 873 1718 ξ
895 1645 1116 1710 velocissimus.
1164 1646 1275 1728 Neque
1301 1653 1407 1708 remea

60 1740 128 1817 iaz
150 1734 336 1816 Mothrim
363 1737 482 1798 recedit
508 1755 529 1796 a
551 1758 567 1795 κ
590 1733 681 1809 Sole,
713 1755 811 1815 neque
840 1737 875 1797 in
897 1733 915 1807 ξ
938 1738 1105 1818 proruimus
1130 1737 1171 1817 fit
1202 1737 1266 1818 ipsi
1288 1759 1313 1796 κ.
1359 1735 1405 1796 At

62 1824 194 1889 omuibus
217 1823 384 1884 rationibus
408 1825 531 1904 ipsaque
555 1824 629 1884 adeo
654 1825 854 1907 hypotheseos
883 1825 978 1903 hujus,
1005 1845 1092 1905 quam
1116 1825 1198 1887 circa
1220 1826 1240 1900 β
1262 1832 1403 1910 puuctum

63 1913 170 1989 refello,
197 1912 412 1974 testificatione
428 1923 661 1974 cousentaneum
686 1915 821 1987 efficitur,
847 1914 923 1974 hanc
943 1916 1053 1977 realem
1078 1914 1314 1976 retardationem
1336 1913 1406 1992 pla-

66 2012 149 2065 netae
174 2001 246 2063 oriri
271 2020 309 2061 ex
333 2001 468 2064 discessu
492 2021 653 2081 acorpore
668 2001 759 2076 Solis,
786 2003 1035 2064 accelerationem
1060 2023 1097 2064 ex
1120 2003 1406 2083 appropinquatione

67 2094 99 2154 ad
119 2091 226 2154 Solem
259 2090 356 2170 ipsum
387 2091 417 2152 iu
442 2116 458 2153 κ
480 2092 580 2154 situm.
629 2091 802 2155 Contrane
831 2092 1015 2170 cogitatione
1047 2093 1165 2172 quidem
1197 2091 1408 2170 comprehendi

68 2191 176 2261 potest,
210 2181 312 2242 inesse
344 2180 405 2241 vim
427 2182 457 2242 in
487 2183 640 2261 punctuli
664 2182 758 2259 (quod
790 2168 875 2242 caret
904 2187 1041 2260 corpore)
1074 2182 1192 2261 potius,
1227 2180 1409 2260 quamius

69 2272 176 2333 omniuo
208 2269 346 2350 proximo
370 2270 414 2342 (iu
439 2290 496 2350 quo
520 2269 590 2346 Sol,
623 2289 675 2331 cor
698 2270 824 2343 mundi),
849 2290 924 2351 quae
949 2271 994 2332 vis
1022 2272 1175 2350 planetam
1204 2289 1258 2348 pro
1291 2270 1408 2332 ratione

71 2361 221 2422 abscessus
246 2367 280 2420 et
301 2379 439 2420 recessus
462 2360 509 2421 sui
531 2360 618 2422 tarde
642 2361 691 2420 vel
709 2361 854 2421 velociter
878 2360 1069 2439 circumagat.
1108 2361 1156 2421 Ac
1176 2360 1234 2420 etsi
1258 2360 1323 2440 quis
1343 2360 1409 2437 jam

72 2470 118 2512 neu
139 2448 292 2511 concedat
313 2449 535 2510 retardationes
560 2459 591 2510 et
614 2449 849 2511 accelerationcs
877 2449 1043 2529 hujusmodi
1068 2469 1105 2510 ex
1129 2448 1232 2510 intimo
1256 2449 1407 2510 ecceutri-

10 2556 13 2567 ·
74 2559 160 2601 eorum
192 2538 351 2617 complexu
383 2538 506 2619 physice
539 2538 628 2614 oriri,
662 2547 779 2600 statuat
809 2538 900 2617 igitur
929 2539 983 2599 has
1015 2540 1188 2601 affectiones
1218 2547 1318 2600 motus
1342 2558 1409 2600 esse

10 2674 12 2685 .
75 2628 242 2690 naturaliter
263 2646 356 2707 penes
379 2628 462 2707 ipsas
495 2629 656 2689 facultates
685 2629 824 2688 matrices
848 2628 876 2688 in
901 2647 1023 2707 corpore
1056 2628 1196 2707 planetae
1229 2628 1408 2704 residentes,

10 2762 16 2791 ‚-
76 2737 175 2779 rursum
207 2717 336 2779 eandem
365 2716 652 2779 verisimilitudinem
684 2717 892 2779 obtinebimus.
938 2718 1019 2781 Nam
1050 2738 1125 2797 quae
1156 2737 1248 2778 causa
1270 2717 1326 2785 sit,
1357 2735 1410 2780 cur

77 2816 177 2868 nentes
200 2806 274 2868 illae
306 2806 470 2885 praeterito
503 2815 614 2886 puncto
638 2831 653 2867 κ
678 2807 771 2887 (quod
801 2805 1014 2884 geometricam
1042 2808 1135 2868 habet
1168 2806 1346 2867 affinitatem
1370 2806 1410 2868 ad

10 2894 19 2975 Ξ
78 2906 183 2973 motum,
208 2913 334 2976 corpore
358 2895 436 2956 euim
459 2895 602 2957 vestitum
627 2905 756 2957 estnon
780 2896 905 2974 exiguae
930 2897 1158 2975 magnitudinis)
1177 2896 1215 2956 ad
1230 2897 1249 2972 β
1267 2902 1410 2976 puuctum

80 2986 257 3066 respicerent,
281 2991 408 3065 quatuor
431 2984 616 3047 solummodo
641 2984 871 3046 semidiametris
895 2986 959 3058 (vel
983 2986 1143 3047 secundum
1167 2993 1315 3058 auctores,
1341 2983 1409 3047 dia-

12 3084 19 3153 ξ
82 3069 184 3154 metris)
209 3073 345 3154 corporis
369 3072 486 3135 Solaris
510 3075 548 3135 ab
572 3073 638 3153 ipso
663 3073 733 3135 Sole
758 3084 902 3135 remotum
927 3082 959 3135 et
982 3094 1105 3155 corpore
1132 3094 1245 3135 vacans
1268 3072 1408 3152 nullaque

15 3172 22 3215 Ξ
83 3182 106 3223 re
134 3163 192 3227 nisi
230 3164 320 3226 unica
355 3162 570 3242 imaginatione
608 3163 786 3224 subnixum?
832 3164 919 3224 Adde
958 3165 1035 3244 quod
1074 3162 1258 3243 Copernicus
1293 3161 1344 3224 lib.
1370 3162 1409 3222 V.

15 3248 23 3295 ἕ
84 3271 132 3332 cap.
156 3249 206 3317 16.
232 3253 297 3333 ipse
328 3253 483 3331 agnoscit,
518 3250 620 3314 Solem
648 3253 717 3314 ina
749 3253 837 3333 plane
866 3254 955 3314 fixum
985 3273 1052 3314 esse
1081 3254 1206 3333 ideoque
1231 3251 1408 3313 ecceutrici-

15 3392 23 3427 r
85 3342 158 3406 tatem
179 3347 223 3407 ud
245 3350 443 3414 constantem,
469 3361 534 3404 cum
558 3344 577 3420 β
599 3352 756 3421 puuctum,
781 3342 859 3423 quod
882 3361 935 3421 pro
964 3356 1065 3405 centro
1089 3342 1181 3403 habet
1204 3341 1284 3402 orbis
1309 3336 1408 3409 annui,

16 3430 23 3497 “,
85 3433 229 3495 seculorum
262 3450 405 3493 successu
439 3431 572 3493 luxatum
603 3451 669 3492 esse
702 3432 859 3511 perhibeat
892 3432 991 3510 itaque
1019 3434 1063 3509 βὸ
1094 3432 1258 3493 breviorem
1287 3431 1407 3491 facmru.

16 3546 28 3603 g
86 3517 133 3588 Quo
153 3528 244 3601 pacto
268 3522 288 3599 β
311 3530 363 3582 aut
387 3520 475 3581 hodie
508 3540 566 3581 nou
600 3529 649 3582 est
681 3520 809 3598 amplius
833 3520 861 3579 in
887 3531 990 3583 centro
1024 3522 1143 3594 muudi,
1178 3530 1230 3583 ant
1258 3520 1327 3579 olim
1352 3539 1410 3580 uon

15 3608 25 3657 ἕ
85 3609 192 3673 fuitibi.
240 3612 286 3671 At
307 3617 539 3671 consentaneum
563 3620 619 3684 est,
644 3611 692 3670 vel
720 3609 863 3686 originem
887 3621 985 3672 motus
1010 3631 1047 3671 ex
1075 3619 1177 3672 centro
1209 3609 1309 3669 mundi
1341 3626 1409 3669 esse

15 3698 31 3777 ῥ’
87 3700 118 3759 rel
136 3710 253 3762 mentes
276 3700 418 3760 matrices
438 3700 476 3760 ad
492 3709 626 3761 centrum
649 3699 749 3760 muudi
774 3699 933 3777 respicere,
959 3720 1016 3761 non
1041 3700 1131 3778 igitur
1155 3699 1229 3775 ade
1252 3698 1305 3758 sed
1330 3698 1369 3758 ad
1384 3724 1409 3772 n,

17 3842 23 3869 ¹
85 3792 141 3866 quod
163 3788 352 3870 Copemicus
376 3789 466 3850 fixum
488 3789 642 3869 perhibet;
667 3789 696 3848 id
721 3788 797 3865 quod
822 3798 924 3850 centro
948 3789 1049 3850 muudi
1072 3787 1225 3867 competit.
1272 3787 1329 3869 llis
1353 3787 1410 3847 ad-

14 3876 27 3957 {
84 3877 170 3941 ductus
193 3877 504 3941 verisimilitudinibus
528 3878 674 3952 conclusi,
709 3877 816 3937 lineam
842 3877 987 3956 apsidum,
1016 3897 1092 3956 quae
1116 3896 1169 3956 pro
1193 3877 1410 3957 inaequalitate

17 3976 27 4049 ᾗ
83 3968 157 4043 poma
178 3969 323 4050 planatae
344 3967 505 4028 efficienda
528 3977 696 4046 usurpatur,
722 3987 779 4027 non
805 3967 912 4027 debere
936 3987 990 4046 per
1010 3969 1029 4042 β
1053 3967 1105 4027 sed
1120 3986 1174 4045 per
1197 3966 1412 4046 ipsissimuma
1542 4030 1546 4040 ,

83 4060 201 4121 transire.
252 4057 336 4118 Tunc
360 4065 461 4118 autem
485 4057 514 4118 id
538 4055 751 4128 obtinebimus,
776 4075 841 4115 cum
865 4057 931 4118 loca
958 4058 1097 4136 planetae
1123 4056 1177 4116 sub
1200 4055 1268 4116 fixis
1292 4075 1329 4116 ea
1352 4056 1409 4116 ad·
1427 4059 1447 4133 '‚
1510 4104 1512 4108 .

83 4144 215 4223 bibemus,
252 4165 327 4228 quae
362 4147 487 4225 planeta
518 4146 655 4226 possidet
677 4146 705 4205 in
731 4145 855 4206 articulo
887 4145 1083 4225 oppositionis
1112 4145 1158 4207 sui
1182 4153 1214 4206 ct
1236 4144 1410 4226 apparentis

83 4234 125 4298 loci
143 4237 239 4301 Solis.
286 4236 328 4297 Et
352 4236 469 4315 quidem
493 4255 559 4297 cum
582 4245 695 4314 puncta
718 4261 748 4307 r,
773 4236 792 4311 β
816 4255 880 4296 cum
903 4259 918 4314 y
940 4237 1032 4296 Terra
1054 4234 1085 4294 in
1110 4236 1215 4297 eadem
1239 4244 1310 4297 suut
1331 4234 1411 4295 linea

82 4325 184 4408 ipseque
206 4327 333 4408 planata
355 4344 415 4386 uua
437 4325 467 4385 in
492 4326 616 4386 eandem
651 4324 809 4397 coincidit,
834 4336 867 4385 ut
891 4325 917 4385 si
941 4325 1033 4385 sitin
1057 4348 1091 4400 a,
1116 4332 1187 4386 tuuc
1216 4324 1320 4387 eodem
1343 4342 1409 4384 mo-

24 4442 31 4477 r
82 4429 161 4479 uento
184 4417 312 4498 planeta
336 4425 367 4475 et
380 4415 478 4476 medio·
496 4423 528 4475 et
543 4414 700 4495 apparenti
719 4413 799 4475 Solis
820 4414 885 4474 loeo
909 4414 1066 4493 opponitur
1090 4422 1249 4493 manetque
1268 4413 1296 4474 ei
1316 4412 1409 4490 locus,

81 4503 127 4568 sire
149 4526 203 4589 per
228 4506 270 4584 βτ
294 4505 356 4566 sive
380 4523 433 4583 per
457 4527 496 4565 rr
518 4504 596 4565 iuter
614 4506 690 4565 fixas
714 4512 919 4565 excurrentem
943 4503 1125 4583 designetur,
1150 4521 1277 4581 vereque
1301 4508 1408 4563 exutus

81 4605 116 4655 est
132 4593 352 4677 inaequalitate
386 4592 533 4662 secunda,
567 4593 629 4654 sive
659 4594 696 4654 ab
730 4600 893 4671 apparente
925 4593 988 4653 sive
1017 4615 1035 4654 a
1063 4591 1159 4654 medio
1186 4599 1275 4653 motu
1298 4591 1409 4652 Terrae

80 4687 202 4759 pendeat
251 4685 297 4745 At
327 4703 393 4745 cum
416 4683 510 4743 Terra
533 4683 571 4743 ad
601 4682 647 4744 sui
677 4682 835 4742 ecceutrici
868 4682 948 4744 latus
977 4703 1029 4743 seu
1061 4678 1262 4760 longitudines
1293 4677 1410 4741 medias

81 4777 156 4850 veuit,
183 4774 355 4837 differentia
378 4771 455 4834 satis
478 4776 587 4853 magna
611 4770 781 4833 intervenit.
829 4771 922 4833 Iverit
951 4773 1027 4833 euim
1052 4772 1146 4831 Terra
1168 4789 1187 4830 a
1209 4791 1224 4848 y
1244 4768 1275 4831 iu
1298 4791 1316 4830 υ
1340 4766 1411 4842 (Sol

18 4834 26 4955 i
78 4880 168 4947 nempe
193 4885 209 4927 e
233 4864 356 4943 regione
378 4885 398 4924 a
420 4861 562 4943 perigaao
586 4870 618 4924 et
641 4859 822 4940 Capricorno
846 4861 876 4923 in
899 4862 1050 4936 Arietem)
1074 4868 1106 4921 et
1132 4858 1303 4924 inveniatur
1329 4858 1410 4923 linea

368 4976 370 4980 .
1139 4960 1171 4992 Μ
1181 4964 1199 4992 ὅ
