3354 5504
147 271 206 341 ’58
359 299 366 307 ·
541 309 545 316 «
581 269 806 341 litterae-Kepha
824 274 974 342 aiioronqde
991 282 1093 328 mutuae
1165 256 1170 271 ’

163 454 242 536 quod
257 453 304 516 'in‘
320 454 472 517 anomalia
493 452 625 523 eccentri
648 453 731 515 DBE
763 454 865 516 debuit
887 454 942 517 DB
966 473 1033 515 esse
1060 450 1202 528 100000,
1226 455 1252 516 ai
1276 456 1427 535 perfectus
1446 454 1513 517 *cir-

165 545 250 606 culus
274 543 396 619 fuisset,
412 544 478 623 jam
501 542 560 626 DA
583 553 632 604 est
657 540 795 606 100000.
842 544 938 606 Datur
963 544 1053 623 igitur
1075 543 1145 616 DA,
1168 544 1225 606 AB
1248 552 1278 606 et
1297 534 1394 619 DBA,
1418 560 1513 624 qnae-

166 633 244 695 ritur
265 650 336 711 pars
360 631 779 713 aequatiouisopticaBDA,
804 640 836 693 et
850 634 894 695 sic
912 632 1038 694 habetor
1061 630 1211 693 anomalia
1233 642 1400 714 coaequata
1413 633 1513 707 Dae,

52 735 55 754 ²
163 722 348 803 respondens
372 720 538 783 anomaliae
563 721 693 785 eccentri
718 718 777 796 00,
803 741 846 783 sc.
870 722 969 783 DBE:
1004 725 1102 783 restat
1129 715 1305 802 inquirenda
1327 720 1411 784 1)οΕ
1436 741 1513 783 ano-

64 814 68 822 '
162 812 261 893 malta
290 811 398 873 media.
446 808 521 873 Cum
554 818 654 872 autem
685 811 834 872 anomalia
865 811 965 874 media
995 812 1138 872 metiatur
1170 820 1287 890 tempus
1316 830 1369 873 seu
1402 830 1513 884 moras,

122 930 125 938 ·
163 920 239 981 quas
263 900 386 981 planeta
409 900 437 961 io
462 919 533 972 arcu
556 899 687 961 eccentri
710 899 765 959 DE
785 900 926 974 conficit,
958 908 989 960 et
1010 900 1074 962 sint
1096 918 1196 962 morae
1221 909 1255 963 ut
1277 901 1458 974 distantiae,
1483 900 1513 961 in

162 991 252 1071 plano
275 1009 347 1051 vero
362 988 448 1052 ΒΑΕ
467 989 560 1050 insint
580 1007 682 1049 omues
698 988 863 1049 distantiae
888 989 981 1068 (quod
996 989 1187 1069 peculiariter
1210 990 1239 1051 in
1259 990 1333 1052 meis
1349 988 1513 1052 Commod·

66 1097 75 1143 ·,
162 1080 249 1141 tariis
273 1079 519 1151 demonstratur),
544 1077 719 1158 inquirenda
734 1085 782 1138 est
800 1079 892 1163 igitur
909 1078 1051 1158 planities
1067 1077 1163 1139 DAE.
1200 1077 1249 1139 Ea
1265 1079 1354 1140 facile
1373 1079 1513 1140 habetor.

164 1168 268 1230 Posito
292 1169 380 1242 enim,
405 1167 604 1229 eccentrioum
624 1184 691 1227 esse
705 1167 872 1245 perfectum
889 1167 1046 1239 circulum,
1070 1167 1159 1228 datur
1177 1176 1278 1229 sector
1291 1168 1393 1242 DBB3
1416 1175 1516 1229 restat

162 1258 305 1338 planities
328 1257 415 1333 DAB
439 1256 583 1335 trianguli
607 1255 784 1335 aequaturii.
829 1256 928 1317 Datur
950 1274 1021 1317 vero
1045 1256 1109 1336 ejus
1133 1255 1215 1317 basis
1237 1259 1296 1319 BA
1319 1267 1351 1318 et
1373 1256 1513 1329 altitudo,

162 1366 267 1427 nempe
292 1347 373 1408 sinus
397 1345 497 1424 anguli
523 1345 615 1418 DBE,
639 1363 704 1405 cum
727 1344 799 1423 ergo
828 1345 989 1427 aequealta
1017 1345 1080 1406 sint
1102 1352 1135 1406 ut
1163 1345 1308 1408 beseleet
1330 1345 1515 1427 aequebasia

162 1447 195 1498 ut
219 1436 404 1508 altitudines,
428 1434 550 1495 dabitur
572 1434 724 1513 proportio
744 1435 942 1515 cujuscunque
961 1433 1042 1514 plani
1062 1434 1148 1495 DAB
1168 1434 1205 1495 ad
1225 1435 1346 1513 planum
1369 1443 1513 1508 erectum,

161 1526 247 1604 cujas
264 1525 398 1604 angelus
421 1523 508 1585 DBA
530 1531 630 1588 rectus
654 1531 711 1584 est.
731 1576 735 1584 .
759 1522 860 1592 Quare
890 1526 982 1585 semel
1010 1524 1131 1603 cognito
1156 1523 1258 1584 valore
1285 1524 1368 1602 plani
1391 1522 1514 1586 maximi

161 1615 258 1683 DBA.
283 1613 350 1687 (ubi
373 1613 416 1674 sic
450 1612 533 1674 dico:
567 1613 689 1691 planum
718 1612 823 1673 circuli
847 1632 885 1673 ex
907 1612 1043 1674 Adriano
1071 1611 1209 1673 Romano
1237 1613 1285 1673 vel
1319 1612 1379 1674 alio
1414 1613 1515 1694 aliquo

161 1704 246 1765 valet
270 1698 352 1766 360⁰
375 1703 405 1763 in
436 1702 533 1782 prima
556 1709 588 1771 et
615 1701 748 1762 secunda
778 1702 931 1763 resoluta:
967 1701 1037 1782 quid
1067 1701 1151 1763 valet
1180 1702 1299 1780 planum
1331 1703 1474 1782 trianguli
1484 1702 1514 1774 l)

162 1795 382 1873 cognoscentur
405 1799 436 1852 et
459 1790 552 1871 plana
572 1791 701 1870 reliqua,
735 1791 997 1876 quaeostendunt
1024 1790 1151 1851 alteram
1175 1799 1291 1870 partem
1325 1791 1516 1871 aequatioois

158 1882 328 1965 physicam,
353 1888 387 1942 ut
410 1879 452 1941 sic
476 1888 543 1940 tota
564 1878 807 1959 planitiesDAE
831 1880 894 1941 sive
919 1880 1068 1942 anomalia
1091 1879 1191 1941 media
1214 1888 1267 1942 aut
1287 1880 1352 1959 ejus
1376 1894 1517 1942 mensura

161 1970 347 2033 Ptolemaica
361 1967 445 2031 DCE
467 1968 597 2049 angulos
620 1968 778 2031 habeatur.
815 1970 883 2031 Duo
897 1970 945 2030 hic
964 1968 1101 2048 objicias,
1121 1969 1226 2049 primo,
1247 1969 1346 2049 posito
1371 1970 1515 2032 circulum

161 2074 231 2123 esso
255 2059 437 2140 perlectum,
467 2058 590 2137 planum
626 2057 727 2119 circuli
759 2077 818 2119 uon
848 2060 989 2121 metietur
1010 2058 1060 2118 vel
1083 2059 1316 2136 comprehendet
1347 2059 1514 2120 distantias

161 2168 201 2211 ex
223 2152 262 2221 A,
287 2148 366 2230 quod
388 2166 490 2209 vemm
514 2166 589 2208 esse·
606 2146 790 2207 demonstro
806 2148 1006 2227 peculiariter.
1054 2146 1170 2208 Deinde
1193 2146 1329 2226 ponitur,
1363 2149 1443 2228 quod
1468 2155 1517 2209 est

164 2240 283 2315 salsum,
307 2237 426 2299 scilicet
444 2235 571 2298 orbitam
587 2255 654 2297 esse
675 2235 825 2311 circulum,
849 2257 925 2316 quae
950 2235 1107 2299 verissime
1122 2237 1289 2301 estovalie.
1321 2234 1515 2317 Respondes,

163 2328 268 2390 harum
288 2326 493 2406 objectionum
517 2327 615 2386 altera
639 2325 766 2386 alteram
787 2327 915 2404 perimit.
937 2327 1034 2389 eiam
1057 2324 1151 2403 primo
1175 2326 1214 2387 ob
1232 2326 1289 2387 hoc
1312 2326 1419 2406 ipsum,
1445 2325 1516 2407 quia
1565 2376 1568 2383 .

162 2418 260 2479 ovalis
294 2424 342 2498 est
370 2415 470 2477 orbita
502 2415 588 2493 hujus
621 2415 738 2494 quidem
770 2414 902 2491 formae,
933 2415 1099 2477 distantiae
1129 2415 1197 2495 ejus
1226 2415 1265 2476 ab
1287 2416 1369 2477 ain
1394 2417 1515 2495 planum

162 2506 306 2568 redactae
329 2499 449 2566 tantum
481 2504 627 2587 efficiunt,
661 2511 805 2583 quantum
832 2506 929 2566 lineae
959 2504 1086 2567 totidem
1110 2515 1273 2572 excentro
1298 2505 1534 2586 inperfectam·

164 2595 437 2657 circumferentiam
475 2592 624 2672 ejectae,·
651 2593 730 2672 quod
766 2613 881 2663 rursum
921 2593 1114 2674 peculiariter
1135 2589 1137 2594 ’
1155 2594 1337 2674 demonstro.
1397 2593 1515 2656 Deinde

162 2685 347 2760 demonstro,
370 2682 495 2763 perinde
519 2701 587 2743 esse
611 2680 675 2745 sive
699 2681 764 2762 quis
788 2685 905 2745 ovalem
929 2691 1012 2745 secet
1036 2681 1100 2743 sive
1120 2682 1270 2756 circulum,
1296 2702 1414 2764 semper
1436 2683 1515 2744 euim

164 2776 290 2836 eaodem
314 2791 382 2846 esse
412 2772 492 2833 iuter
520 2779 629 2850 partes·
656 2769 897 2850 proportionem,
931 2772 1088 2834 dummodo
1121 2772 1215 2846 ovali,
1247 2792 1325 2853 qnae
1348 2773 1444 2839 minor
1465 2779 1517 2834 est
1576 2811 1577 2815 =

165 2863 287 2936 circulo,
313 2880 420 2923 nomeu
445 2861 548 2921 demus
572 2859 697 2940 aequale
721 2859 841 2937 circulo,
866 2881 908 2931 sc.
933 2857 1048 2932 360⁰„
1215 2855 1216 2858 ’
1469 2862 1483 2900 ³
1522 2917 1524 2921 ,

251 2950 379 3031 Saepius
399 2950 465 3030 jam
479 2969 534 3011 usu
551 2950 642 3022 venit,
667 2957 700 3009 ut
714 2950 926 3031 triumpharem
944 2959 1014 3011 aute
1036 2949 1201 3024 victoriam,
1222 2950 1301 3030 quod
1321 2948 1521 3030 deprehendi,¹

161 3041 213 3105 ubi
237 3042 276 3102 ad
299 3041 401 3120 plures
433 3039 660 3116 'observationes
683 3039 762 3102 veni.
809 3043 895 3103 Nunc
918 3051 1021 3102 tamen
1046 3039 1071 3100 si
1096 3058 1170 3119 quae
1205 3040 1404 3113 tentaverim,
1434 3057 1515 3120 quae

93 3194 96 3199 .
162 3130 361 3204 excesserint,
386 3148 461 3209 quae
486 3128 660 3202 defecerint,
687 3131 834 3207 quomodo
856 3130 932 3207 haec
955 3128 1120 3199 novissima
1139 3128 1227 3190 ratio
1253 3129 1283 3191 in
1305 3128 1516 3191 mediocritate

161 3221 285 3283 illorum
308 3226 454 3290 versetur,
477 3213 647 3297 perpendo,
672 3235 760 3296 spero
780 3217 1113 3299 denique'debellatum
1136 3237 1214 3280 esse.
1243 3218 1320 3281 'Nou
1344 3227 1393 3295 est
1415 3227 1517 3279 autem

164 3308 419 3391 praetereundum
443 3315 475 3367 et
497 3308 573 3368 hoo:
598 3306 716 3386 qnando
740 3319 860 3370 ventum
874 3309 942 3371 verit
965 3308 1003 3369 ad
1027 3307 1223 3387 triangulum,
1248 3325 1365 3388 exque
1389 3307 1518 3369 habetor

64 3467 69 3478 ‚
163 3397 437 3481 parallaxisorhis
460 3396 559 3469 annui,
584 3395 634 3457 ubi
659 3393 741 3472 &5
762 3398 842 3459 lihea
860 3399 924 3460 veri
945 3405 1046 3458 motus
1068 3395 1149 3459 Solis
1172 3406 1205 3458 et
1226 3395 1474 3462 distantiaSolis
1498 3416 1518 3456 a

405 3486 507 3557 Terra,
523 3482 562 3561 Θ
576 3493 601 3554 d
616 3486 696 3547 linea
711 3488 775 3548 veri
789 3483 888 3550 motus
903 3486 1011 3548 Martis
1027 3485 1055 3545 in
1071 3485 1238 3548 eccentrico
1253 3505 1306 3547 sen
1320 3485 1516 3565 longitudinis

225 3560 279 3625 ΗΒ·
299 3555 340 3607 ¹³·
405 3584 598 3654 coaequatae,
625 3583 656 3636 et
680 3573 719 3651 Θ
742 3583 767 3645 0¹
792 3576 937 3638 distantia
960 3574 1070 3636 Martis
1095 3593 1113 3634 a
1136 3572 1218 3649 Sole,
1242 3584 1314 3637 tunc
1341 3575 1517 3655 peccabitur

333 3699 372 3773 pp
404 3683 462 3726 uno
487 3672 519 3724 et
541 3663 637 3725 altero
659 3666 772 3727 minuto
796 3667 824 3726 iu
849 3664 1055 3753 parallanibus
1080 3662 1160 3724 orbis
1183 3665 1232 3724 vel
1251 3664 1360 3744 angulo
1381 3667 1446 3740 δᾶ
1464 3661 1515 3741 Θ,

336 3756 347 3764 “
404 3762 566 3833 propterea
588 3753 666 3833 quod
689 3754 811 3833 planum
827 3757 851 3829 ὦ
870 3763 894 3824 d
912 3751 952 3830 Θ
972 3750 1136 3827 »inclinatur
1160 3753 1197 3813 ad
1212 3754 1332 3833 planum
1357 3753 1516 3832 eclipticae

406 3847 430 3918 ὅ
446 3842 473 3902 Ε
489 3840 528 3918 Θ
542 3864 549 3903 :
575 3835 753 3923 quaerentes
776 3843 868 3922 igitur
891 3844 988 3905 locum
1004 3847 1030 3910 0'
1054 3841 1224 3920 eclipticum
1239 3851 1273 3904 ut
1292 3843 1321 3904 in
1345 3843 1515 3923 ephemeri-

396 3932 510 4005 dibus,
545 3931 694 4013 debemus'
719 3951 772 4011 pro
798 3930 881 4009 Θά
905 3932 949 3994 uti
973 3930 1054 3992 linea
1077 3928 1116 4007 Θ
1133 3930 1179 4006 Ε,
1213 3950 1288 4012 quae
1318 3932 1439 3994 brevior
1466 3939 1517 3994 est

405 4040 493 4100 quam
513 4018 552 4098 Θ
570 4027 606 4091 d,
631 4040 699 4081 uam
717 4019 839 4097 ὀΕΘ
867 4033 977 4088 rectus.
1003 4017 1081 4095 Θό
1104 4039 1223 4095 secans,
1247 4020 1298 4082 ubi
1318 4018 1396 4098 ΘΕ
1420 4029 1514 4084 totus.

404 4109 552 4172 Sciendus
581 4109 673 4189 igitur
705 4111 832 4190 angulus
861 4108 988 4186 ΕΘό
1020 4109 1224 4173 inclinationis
1253 4110 1312 4172 loci
1342 4110 1515 4174 eccentrici.

404 4198 618 4262 Demonstravi
642 4207 757 4269 autem,
791 4200 931 4278 angulum
953 4199 1109 4278 planorum
1140 4199 1342 4262 inclinationis
1365 4201 1516 4263 maximae

405 4308 472 4350 esse
504 4288 728 4360 invariabilem,
762 4289 880 4350 circiter
916 4281 951 4350 1⁰
981 4284 1045 4350 50¹.
1091 4289 1175 4349 Haec
1206 4288 1299 4368 igitur
1331 4289 1368 4352 de
1400 4290 1513 4352 Marte.

328 4362 352 4412 Θ
406 4377 518 4457 Capita
542 4386 627 4438 erunt
650 4379 689 4439 ad
712 4374 755 4440 60
778 4379 827 4452 vel
850 4375 902 4439 70.
951 4375 1072 4455 Scripta
1103 4385 1173 4439 sunt
1196 4378 1261 4457 jam
1284 4375 1336 4441 52.
1383 4364 1515 4462 Reliqpa

405 4468 479 4528 nihil
502 4473 555 4526 aut
576 4486 681 4546 parum
703 4466 940 4529 habitora'suut
962 4467 1212 4546 computationis,
1237 4468 1291 4529 sed
1313 4468 1515 4548 explicatione

405 4565 437 4617 et
468 4556 780 4618 demonstrationibus
804 4554 994 4634 geometricis
1024 4563 1176 4618 coustant.
1200 4619 1202 4623 ,
1230 4555 1326 4636 Spero
1356 4559 1515 4622 univorsos

166 4647 299 4730 reliquos
323 4649 463 4729 planetas
486 4664 544 4707 non
571 4653 689 4706 tautum
717 4645 913 4725 requisituros
939 4644 1061 4706 laboris.
1107 4646 1180 4708 Ideo
1205 4644 1357 4709 Clavem
1381 4648 1515 4710 A'stro-

164 4739 311 4800 nomiae
341 4737 479 4819 appello,
512 4733 549 4795 ob
572 4734 745 4814 inquisitum
768 4734 880 4812 ⁴orbem
914 4753 1042 4796 monum
1066 4742 1098 4796 et
1124 4734 1258 4798 rationes
1291 4737 1513 4817 aequationem.

165 4824 200 4892 si
223 4828 349 4892 haberes
374 4827 468 4890 otium
491 4831 523 4886 et
546 4822 758 4901 delectareris,
786 4842 895 4904 posses
918 4842 965 4884 me
990 4823 1096 4905 juvare
1119 4825 1265 4888 coniectis
1288 4825 1348 4888 hac
1370 4827 1514 4892 methodo
