3354 5504
638 301 700 356 nn
718 301 842 357 amsa
880 302 962 371 capa
978 303 1034 357 xv.
1145 319 1153 335 ·
1438 301 1505 372 235

163 480 310 546 attulerit.
364 479 412 544 Do
443 454 739 562 automatopoeorum
769 499 840 544 vero
865 501 1033 564 usrmsffip
1063 481 1132 563 quid
1164 479 1315 558 dicemus,
1347 481 1397 567 qni
1428 504 1505 548 veerr-

164 578 279 650 centaa,
302 570 364 634 imo
386 570 614 634 milleduooutae
637 570 786 648 fabricant
808 573 933 648 rotulas,
957 572 1051 636 6166
1074 569 1283 636 latitudinibus
1306 570 1448 649 (166661
1470 574 1507 637 66

162 660 314 744 figmentis
336 660 490 736 humanis)
512 659 542 723 in
566 661 705 743 operibus
728 661 790 724 suis
812 661 963 744 expressis
993 661 1176 743 triumphare
1198 660 1384 745 pretinmbee
1407 682 1507 726 eornm

162 750 317 816 intendere
339 749 492 832 possenti
839 776 847 819 ’.
1109 837 1115 847 .

646 1180 647 1183 κ
718 1128 838 1259 capis
867 1157 1006 1323 xv]

198 1319 363 1388 Bodotdio
385 1317 525 1385 locorum
545 1321 683 1385 nieorum
704 1318 742 1473 a}
759 1320 898 1473 lngotz'um
919 1320 1066 1424 6666616
1088 1320 1132 1384 ad
1154 1320 1340 1403 apparentia
1361 1329 1463 1388 metue

740 1427 758 1471 o
841 1428 954 1473 eneam.

245 1551 316 1615 Hac
347 1559 471 1634 peracta
501 1551 691 1633 inquisitione
724 1558 756 1613 61
787 1551 1000 1615 demonstratis
1023 1551 1097 1614 locis
1120 1550 1280 1628 nodorum,
1314 1551 1506 1616 inclinatione

160 1642 318 1723 planorum
340 1642 464 1725 ejusque
487 1641 658 1705 constantia
680 1641 771 1722 (qnae
791 1648 878 1703 erant
891 1641 930 1703 ad
946 1642 1075 1704 futuram
1089 1640 1291 1703 reductionem
1308 1642 1505 1727 necessaria),

158 1731 221 1812 jam
246 1731 431 1808 definiemus,
456 1751 532 1814 quae
555 1732 622 1794 loca
644 1730 759 1792 orbitae
783 1749 855 1793 suae
877 1731 1002 1810 planeta
1023 1729 1202 1812 possederit,-
1225 1749 1291 1792 oum
1315 1731 1342 1793 ei
1365 1729 1419 1794 Sol
1441 1732 1507 1813 ipse

160 1821 350 1885 sdiametro
380 1828 588 1903 opponeretur.
642 1818 751 1883 Omitti
777 1826 936 1901 potuerunt
966 1840 1060 1883 nunus
1091 1816 1175 1884 1580
1198 1827 1229 1881 61
1255 1815 1391 1884 159716
1414 1839 1507 1902 argu·
1547 1856 1549 1858 ·
1623 1825 1632 1841 ⁰

159 1910 333 1987 mentando,
356 1909 436 1992 quod
457 1909 662 1975 testimoninm
682 1909 793 1972 nullum
806 1908 943 1973 idoneum
957 1909 1136 1992 perhibeant
1149 1909 1303 1973 deficiente
1318 1909 1507 1974 observatio-

159 2020 228 2065 num
251 1998 441 2063 certitudine.

245 2090 273 2154 1.
305 2089 410 2152 Posito
431 2097 542 2165 166666,
566 2087 644 2170 6666
666 2105 743 2150 auno
768 2083 853 2150 1580
877 2086 906 2151 6.
933 2017 1135 2150 1211661.
1162 2084 1213 2150 10.
1237 2083 1293 2152 500
1316 2094 1342 2158 d
1363 2087 1508 2152 visusuit
1580 2083 1584 2095 ”

158 2174 397 2256 168037οΠ,
432 2174 506 2241 et5
534 2175 647 2240 dierum
674 2184 775 2239 motus
805 2172 1050 2240 1666111055οε
1081 2195 1148 2238 666
1170 2177 1272 2259 itaque
1296 2175 1351 2240 Sol
1373 2177 1509 2242 haeserit

159 2278 294 2353 tempore
317 2267 450 2331 6161616
473 2263 588 2331 00450
611 2261 677 2330 3600
700 2272 739 2340 ,7.
763 2271 914 2328 etmotus
937 2265 1002 2346 ejus
1025 2266 1064 2328 ad
1087 2265 1152 2327 dies
1174 2261 1365 2336 56115050,
1390 2285 1508 2330 summa

159 2359 315 2441 66166666
336 2365 436 2421 motus
457 2357 509 2419 1161
531 2351 570 2418 70
591 2353 633 2420 00.
678 2354 785 2419 Distat
806 2372 876 2417 vero
896 2351 937 2433 Q
962 2375 981 2416 6
1004 2361 1030 2425 d
1053 2352 1091 2418 70
1112 2353 1167 2418 510
1189 2350 1265 2419 2400.
1294 2350 1508 2438 1166166670

160 2447 272 2530 integri
299 2446 492 2510 coniiciuntur
519 2444 623 2508 diebus
652 2442 672 2509 5
703 2464 757 2507 seu
786 2444 868 2506 horis
894 2440 966 2508 120.
1012 2446 1047 2508 16
1071 2443 1177 2506 eadem
1199 2444 1291 2526 igitur
1313 2446 1504 2526 proportione

160 2537 314 2602 66616666
336 2533 391 2600 510
412 2533 478 2600 2400
500 2533 670 2598 conficietur
684 2533 766 2597 horis
792 2529 840 2597 14.
860 2529 924 2596 410.
957 2533 1063 2614 Itaque
1078 2532 1222 2598 61666166
1236 2533 1434 2616 oppositionis
1449 2534 1507 2598 fuit
1542 2583 1548 2595 .

162 2624 444 2691 6161811666.
471 2622 499 2688 1.
524 2620 577 2688 310
592 2617 646 2699 00).
692 2617 792 2686 Locus
814 2622 844 2684 iu
868 2617 907 2684 60
928 2619 983 2686 280
1005 2627 1038 2697 Π
1059 2623 1089 2684 16
1103 2623 1253 2704 ecliptica.
1291 2622 1391 2687 Abest
1405 2631 1505 2687 autem
1538 2669 1540 2672 <

161 2716 206 2780 bic
231 2735 253 2779 a
281 2707 382 2795 ib¹i,⁰
404 2714 433 2790 ὅ
455 2710 524 2778 200.
572 2711 668 2794 Cupio
690 2714 776 2783 scire,
801 2720 912 2794 quanto
933 2713 989 2774 1161
1010 2712 1126 2794 longior
1148 2732 1236 2776 arcus
1258 2713 1375 2776 orbitae
1394 2713 1505 2776 anodo

162 2823 256 2889 usque
289 2805 329 2867 66
357 2822 459 2867 arcum
485 2801 653 2866 latitudiuis
681 2821 736 2883 per
757 2795 796 2869 60
818 2799 872 2865 280
894 2802 924 2864 Π
951 2802 1151 2865 continuatus.
1197 2802 1294 2883 Igitur
1316 2822 1353 2864 ex
1375 2801 1505 2884 Philippi

162 2893 364 2976 landebergii
390 2892 616 2973 Triangulomm
649 2887 839 2963 doctrina'“)
863 2892 966 2971 (quem
994 2892 1089 2954 virum
1110 2892 1232 2954 honoris
1261 2899 1292 2953 at
1314 2891 1509 2972 gratitudinis

163 3003 255 3048 causa
285 2982 420 3059 nomino,
452 2981 502 3063 qui
525 2981 654 3063 optimas
677 2988 710 3043 et
731 2981 904 3064 aptissimas
932 2998 1052 3044 secures
1079 2982 1117 3043 ad
1141 2981 1378 3044 substructiones
1403 2988 1507 3042 astro-

163 3074 298 3139 nomicae
328 3072 359 3134 in
380 3071 475 3153 copia
497 3078 528 3133 et
551 3090 566 3132 e
589 3069 753 3152 propinquo
778 3079 809 3133 et
830 3071 882 3133 vili
906 3070 1048 3151 temporis
1071 3071 1167 3150 pretio
1190 3069 1261 3133 mihi
1285 3068 1510 3152 suppeditavit3

164 3181 237 3245 quae
263 3162 342 3225 citra
362 3161 447 3224 illum
469 3180 485 3222 6
508 3159 683 3241 longinquo·
691 3168 723 3222 et
745 3179 811 3222 cum
833 3158 944 3240 ineptis
962 3159 1124 3223 manubriis
1143 3179 1252 3240 magno
1272 3178 1338 3222 cum
1352 3177 1509 3241 operarum

164 3251 376 3334 impedimento
399 3249 547 3332 petendae
562 3249 704 3324 fuissent)
727 3257 854 3330 tangens
870 3249 975 3312 lateris
988 3244 1056 3314 200
1074 3247 1288 3329 multiplicatus
1311 3249 1341 3311 16
1356 3255 1511 3311 secantem

165 3340 267 3423 auguli
295 3335 333 3403 1⁰
354 3336 408 3404 500
431 3337 641 3414 inclinationis,
667 3338 794 3420 abjectis
818 3335 837 3402 5
860 3338 983 3414 ultimis,
1009 3335 1156 3401 excrescit
1174 3346 1291 3401 tautum
1310 3330 1389 3422 1801,
1409 3337 1509 3418 parti-
1649 3341 1653 3352 '

165 3431 250 3507 culis,
275 3429 382 3512 quibus
405 3428 525 3492 circiter
547 3425 612 3492 3500
635 3430 826 3509 respondent.
858 3429 943 3490 Mars
960 3428 1059 3509 igitur,
1080 3435 1196 3490 616666
1211 3428 1331 3509 regione
1347 3422 1508 3502 6028011,

165 3520 333 3602 promotior
364 3518 463 3580 estin
486 3537 543 3580 sua
565 3517 738 3599 orbitaper
760 3512 836 3580 3500.
883 3509 1043 3580 Ρ6666666
1064 3517 1167 3599 itaque
1189 3518 1220 3580 in
1244 3511 1283 3582 6⁰
1303 3513 1358 3581 280
1382 3512 1446 3580 3500
1467 3516 1510 3592 fl,

167 3607 405 3674 correctiuucula
427 3625 500 3669 sane
523 3625 580 3670 uon
603 3606 783 3669 necessaria.
825 3606 969 3670 Latitudo
996 3604 1032 3669 1⁰
1053 3602 1108 3671 400
1129 3605 1193 3669 bor.

252 3699 294 3762 Π.
326 3695 415 3759 Auno
440 3692 525 3761 1582
548 3696 577 3760 6.
601 3691 653 3760 28.
676 3695 750 3759 Dec.
774 3695 848 3758 hora
870 3695 967 3758 noctis
981 3695 1136 3777 sequentis
1161 3693 1211 3761 11.
1236 3690 1289 3759 300
1311 3693 1395 3757 visum
1417 3699 1511 3764 estd

166 3786 195 3850 in
221 3780 360 3852 160470
382 3799 425 3863 eb,
449 3793 620 3848 66666661
643 3781 683 3863 Q
707 3786 789 3847 locus
812 3804 900 3848 verus
926 3780 984 3849 170
1008 3781 1059 3849 130
1082 3782 1148 3849 4500
1169 3789 1214 3863 ᾖ.
1260 3783 1438 3847 Transierat
1449 3781 1510 3863 igi·

166 3883 214 3940 tnr
251 3875 397 3939 articulus
429 3874 635 3957 oppositionis.
698 3875 769 3938 Fuit
806 3883 907 3936 antem
942 3880 1040 3937 motus
1072 3873 1153 3937 Solis
1190 3872 1317 3936 diurnus·
1343 3869 1398 3937 610
1435 3869 1509 3949 1800,

166 3964 278 4029 Martis
300 3961 370 4041 24ος
394 3961 577 4028 6616166850
603 3961 674 4027 1800.
712 3963 755 4027 Et
768 3963 922 4026 distabant
939 3965 997 4026 hoo
1012 3970 1163 4026 momento
1177 3961 1277 4025 sidera
1296 3975 1352 4045 per
1364 3956 1419 4026 260
1431 3958 1509 4028 4500.
1544 3995 1548 4003 ’

166 4054 209 4119 01
240 4053 334 4136 igitur
363 4047 401 4117 1⁰
428 4049 570 4118 2501800
592 4053 632 4115 66
655 4047 697 4116 24
719 4053 824 4129 horas,
852 4048 971 4117 616260
999 4047 1065 4117 4500
1087 4050 1126 4115 66
1148 4052 1238 4115 horas
1257 4050 1287 4116 7.
1313 4049 1376 4117 320.
1423 4049 1510 4124 Quae

167 4143 318 4208 subducta
353 4142 390 4204 ab
427 4141 508 4207 horis
542 4138 592 4205 11.
621 4138 675 4206 300
715 4143 884 4225 relinquunt
921 4142 1078 4206 articulum
1108 4160 1197 4205 verae
1227 4140 1424 4224 oppositionis
1457 4139 1509 4203 616
1584 4139 1585 4143 ’

166 4231 218 4299 28.
242 4231 319 4296 1166.
342 4232 418 4295 hora
441 4229 470 4296 3.
495 4229 550 4297 580
571 4237 642 4314 post
664 4231 826 4298 meridiem.
882 4233 981 4296 Locus
1007 4226 1066 4295 160
1082 4227 1143 4296 ,540
1165 4228 1230 4296 3200
1260 4232 1348 4300 abin
1371 4227 1511 4313 ecliptica

168 4330 199 4387 et
210 4340 268 4405 por
281 4319 486 4386 reductionem
501 4323 592 4403 (quas
607 4317 672 4383 5000
684 4321 840 4404 impetrat)
856 4323 885 4385 in
902 4317 960 4386 160
978 4317 1020 4403 55
1029 4313 1077 4406 οΙ,0
1092 4335 1135 4389 m.
1155 4319 1299 4385 Latitudo
1316 4316 1357 4385 40
1371 4314 1402 4384 60
1416 4319 1511 4382 borea

168 4430 205 4476 cx
227 4410 289 4475 fido
312 4410 434 4474 tabulae
455 4410 634 4473 Brabeanae
657 4409 886 4491 oppositionum.
931 4410 1010 4473 Nam
1033 4409 1112 4474 inter
1127 4410 1354 4474 observationes
1368 4408 1510 4475 61116666-

168 4508 214 4565 tar
239 4499 360 4564 invenio
376 4497 573 4563 latitudines:
597 4505 685 4562 66616
706 4505 777 4582 post
799 4500 828 4564 6.
851 4495 904 4564 26.
919 4500 993 4566 1166.
1016 4494 1057 4564 40
1079 4495 1111 4565 60
1134 4500 1183 4563 vel
1205 4495 1245 4564 40
1262 4497 1310 4564 2οτ
1332 4505 1420 4563 66616
1438 4514 1511 4563 vero

167 4586 315 4674 666123.
339 4589 414 4653 1166.
438 4582 531 4654 4080
553 4582 663 4652 66140
685 4582 770 4672 6010.
1474 4611 1476 4614 ·

257 4678 315 4743 III.
339 4677 429 4742 Anno
454 4674 876 4743 lustratorum.
900 4672 1509 4755 0161666161161621018011000.

172 4767 211 4848 Q
242 4768 274 4832 iu
302 4763 365 4832 220
390 4766 445 4832 210
473 4763 538 4831 3100
563 4784 620 4830 eta.
683 4767 859 4831 Transierat
895 4767 996 4851 itaque
1032 4765 1180 4849 oppositio
1215 4784 1296 4832 vera.
1354 4763 1511 4832 Distantia

173 4851 209 4920 10
231 4852 265 4922 30
288 4851 353 4920 2000
396 4850 468 4921 unt
495 4862 593 4920 mutue
616 4853 697 4919 Solia
720 4855 842 4920 uturum
871 4848 925 4919 610
951 4848 1028 4934 1600,
1056 4856 1165 4920 Mortis
1196 4848 1363 4961 wjibu,
1395 4869 1511 4922 661666
