3354 5504
660 296 722 350 rm
739 288 829 350 erma
866 296 948 364 capa
965 296 1010 350 vr.
1289 262 1292 269 ’
1444 295 1509 366 20³

253 474 421 547 Quantitas
455 484 554 539 autem
588 495 682 538 novae
711 477 912 558 hypotheseos
944 477 986 538 sic
1015 474 1141 556 patebit.
1193 473 1274 546 Quia
1301 485 1363 540 tum
1390 479 1508 541 demum

160 565 287 645 planeta
307 567 336 627 Ω
357 566 488 629 incidere
520 566 640 646 ponitur
672 566 700 626 in
731 567 840 627 lineam
870 566 990 635 ductam
1019 585 1056 626 ex
1079 569 1105 627 Z
1127 567 1379 648 centroepicydli
1402 571 1512 650 per*K
1588 635 1591 643 ¹

103 702 111 719 .
160 655 294 728 Terram,
334 674 401 718 cum
434 658 507 717 haec
539 658 595 718 KZ
627 663 675 715 est
704 675 762 716 uua
790 656 931 718 contiuua
954 674 1020 716 cum
1043 656 1113 728 ΚΣ,
1137 657 1310 737 apparentis
1334 658 1391 719 loci
1415 655 1508 741 Solis,

160 763 230 823 ergo
255 746 318 807 ΚΣ
343 753 374 806 et
397 765 472 827 quae
496 765 533 806 ex
556 749 582 805 Z
604 763 658 823 per
686 763 792 824 corpus
815 745 955 823 planetae
980 744 1096 805 ducitur
1118 742 1260 806 inc'eduut
1281 754 1425 826 perpetuo
1449 766 1507 826 pa-

159 833 269 897 ralleli.
316 836 364 896 Ac
392 855 458 896 cum
482 835 547 914 jam
574 833 776 912 acceperimus
805 855 824 893 a
846 834 1037 907 Ptolemaeo,
1078 852 1135 913 quo
1159 843 1293 914 tempore
1317 836 1396 897 linea
1411 832 1508 898 'medii
1614 908 1618 916 ,

161 931 262 984 motus
285 922 368 986 Solis
394 924 449 987 fuit
472 926 536 985 ΚΤ
552 941 607 1002 per
624 922 654 983 Ω
677 923 784 997 ducta,
807 924 962 1002 planetam
984 923 1079 984 visum
1104 942 1172 983 esse
1196 923 1224 983 in
1249 922 1329 985 linea
1353 919 1506 998 Kib‘ness

161 1031 266 1091 gemus
299 1022 398 1075 autem
427 1013 454 1073 ei
484 1017 510 1073 Z
532 1023 666 1075 centrum
696 1014 820 1093 epicycli
845 1011 931 1072 simul
955 1030 1022 1071 esse
1046 1012 1075 1072 in
1099 1011 1171 1086 ΚΩ,
1206 1007 1331 1075 ducatur
1359 1014 1430 1094 ergo
1455 1018 1509 1095 (ex

161 1111 267 1163 nostra
289 1103 454 1183 positione)
479 1104 540 1163 ΚΣ
559 1101 722 1182 parallelos
746 1121 783 1162 ex
798 1099 828 1161 Ω
853 1101 917 1161 loco
939 1100 1093 1178 planetae,
1120 1120 1195 1180 quae
1215 1101 1256 1162 sit
1272 1102 1349 1165 ΩΟε
1374 1111 1507 1165 centrum

160 1192 287 1273 epicycli
311 1212 330 1252 a
352 1193 438 1253 nobis
460 1191 582 1271 ponitur
605 1192 659 1251 hoc
683 1199 833 1253 momento
855 1190 885 1250 in
911 1189 990 1250 liuea
1007 1189 1068 1251 ΩΟ
1091 1192 1139 1252 vel
1159 1190 1259 1270 aliqua
1280 1192 1346 1253 huic
1360 1194 1506 1272 parallelo

160 1290 190 1341 et
212 1280 364 1359 proxima,
397 1291 486 1362 prout
510 1280 540 1340 Ω
567 1280 699 1359 (siguum
731 1279 886 1358 planctae)
917 1278 946 1339 iu
971 1278 1050 1340 linea
1073 1282 1129 1340 KZ
1150 1280 1271 1358 propior
1294 1282 1341 1342 vel
1366 1282 1508 1344 remotior
1586 1311 1591 1324 ·

159 1370 290 1449 abipso
315 1374 347 1432 K
365 1372 464 1432 luerit.
512 1369 561 1431 Sit
583 1369 640 1448 ipsi
665 1369 721 1443 ΩΖ
743 1388 781 1429 ex
804 1387 976 1448 quocunque
1000 1376 1110 1446 puncto
1134 1369 1230 1431 lineae
1255 1372 1310 1430 KZ
1331 1372 1426 1451 (quod
1442 1368 1508 1451 ja'm
1602 1403 1605 1415 ·

161 1458 201 1520 sit
233 1458 279 1533 Ω)
311 1460 444 1539 aequalis
470 1459 608 1533 Ωο;.εῑ
637 1477 673 1517 ex
696 1459 721 1519 0
745 1458 871 1518 ducatur
903 1456 1005 1536 aliqua
1024 1457 1056 1518 in
1081 1460 1145 1520 ZK
1163 1458 1326 1536 parallelos
1350 1460 1408 1540 ipsi
1434 1463 1508 1532 ΚΨ,

160 1567 236 1629 quae
262 1549 302 1609 sit
328 1551 388 1611 OZ.
436 1547 510 1610 Cum
535 1565 605 1626 ergo
628 1546 716 1608 ΖΩΟ
740 1547 780 1608 sit
804 1546 939 1625 aequalis
962 1545 1019 1624 ipsi
1044 1548 1144 1616 ΚΣΨ,
1169 1555 1200 1608 et
1219 1549 1280 1609 ΚΣ
1292 1547 1509 1612 insensibiliter

160 1637 280 1716 longior
302 1638 369 1718 ipsa
392 1639 460 1699 ΨΣ
480 1638 528 1698 vel
553 1637 621 1706 ΩΟ,
647 1655 681 1697 eo
705 1636 783 1716 quod
807 1636 1028 1705 reattractus,
1055 1643 1086 1696 et
1101 1637 1225 1715 angulus
1242 1639 1280 1698 ad
1297 1639 1396 1700 Σοου
1411 1639 1509 1719 major

160 1726 201 1787 sit
223 1722 263 1788 2ο
287 1724 318 1790 3‘
349 1729 441 1801 (unde
472 1727 601 1806 qualium
624 1726 692 1786 ΨΣ
715 1722 843 1787 100000
876 1725 980 1785 talium
1003 1726 1070 1785 ΚΣ
1088 1721 1244 1799 Ι100064)
1277 1727 1368 1806 igitur
1390 1735 1422 1790 et
1446 1728 1517 1811 ΟΖΔ

159 1816 379 1877 insensibiliter
401 1817 496 1877 minor
519 1829 566 1875 est
588 1815 655 1894 ipsa
672 1818 746 1875 ΚΨ.
786 1812 1010 1877 Ounnectautur
1024 1817 1059 1887 Z,
1076 1818 1112 1888 A,
1138 1824 1169 1875 et
1186 1815 1243 1893 ipsi
1264 1815 1322 1878 ZA
1343 1816 1507 1897 parallelos
1622 1890 1626 1897 ¹

160 1913 270 1984 agatur
292 1906 331 1966 ad
357 1907 391 1967 0.
440 1905 514 1968 Cum
539 1922 608 1982 ergo
633 1903 710 1964 idem
734 1903 775 1964 sit
798 1911 978 1963 momentum
1007 1904 1166 1981 temporis,
1201 1923 1258 1984 quo
1282 1913 1416 1970 centrum
1440 1904 1507 1985 epi-

158 1995 236 2083 cycli
259 1995 473 2056 Ptolemaeo
497 1995 616 2071 ponitur
639 1991 667 2052 in
689 1996 725 2065 Z,
747 1991 839 2053 Mihi
860 1992 891 2061 ,in
915 1993 940 2053 0
964 1992 1055 2071 (quod
1080 1992 1108 2052 in
1134 1993 1252 2054 theoria
1275 1993 1355 2056 Solis
1377 1997 1513 2074 perer

160 2085 356 2145 communiter
379 2084 586 2162 designatur);
611 2082 698 2160 idque
723 2091 905 2141 momentum
929 2080 957 2140 iu
973 2080 1090 2141 theoria
1103 2083 1213 2143 Martis
1236 2091 1357 2145 notetur
1375 2103 1428 2164 per
1447 2087 1508 2147 ZA

158 2171 187 2232 in
212 2173 372 2254 hypothesi
395 2174 495 2252 priori,
521 2172 590 2250 quia
614 2173 642 2232 A
665 2178 713 2231 est
735 2179 874 2248 punctum
905 2169 1113 2248 aequalitatis,
1145 2171 1298 2253 notabitur
1321 2174 1350 2234 id
1375 2174 1405 2233 iu
1429 2193 1506 2235 nova

158 2280 212 2341 per
236 2263 264 2322 ei
288 2263 471 2341 parallelon:
497 2279 604 2321 novum
619 2259 708 2339 igitur
723 2269 863 2340 punctum
888 2258 1090 2339 aequalitatis,
1116 2261 1196 2322 circa
1211 2262 1290 2341 quod
1313 2272 1505 2326 numerantur

160 2359 307 2430 tempora,
335 2351 393 2412 erit
415 2351 444 2411 iu
470 2351 525 2410 hac
547 2349 693 2428 parallelo
719 2368 755 2409 ex
782 2350 818 2410 O.

249 2440 291 2502 Et
314 2442 383 2521 quia
405 2448 507 2501 centro
530 2438 656 2520 epicycli
680 2437 857 2511 (secundum
881 2437 1099 2511 Ptolemaeum)
1124 2438 1152 2498 iu
1177 2440 1275 2501 altera
1296 2448 1384 2520 parte
1408 2443 1523 2519 lineae,

160 2529 249 2592 medii
274 2538 373 2592 motus
397 2528 478 2590 Solis
502 2531 532 2590 K
539 2531 567 2590 T
584 2535 723 2588 versante
748 2527 852 2586 eadem
876 2526 1051 2605 contingunt
1075 2529 1166 2608 (quae
1190 2530 1297 2590 omitto
1321 2531 1361 2592 ad
1385 2533 1505 2609 longum

161 2620 323 2692 deducere)
359 2636 530 2696 rursumque
566 2617 666 2702 aliqua
697 2616 858 2694 parallelos
895 2615 1013 2676 ducitur
1050 2615 1146 2676 lineae
1178 2618 1382 2682 Ptolemaicae
1415 2621 1505 2682 niedii

161 2717 260 2769 motus
285 2708 379 2769 centri
394 2705 529 2788 epicycli,
553 2707 602 2767 ubi
618 2724 688 2783 ergo
709 2723 802 2766 novae
819 2705 894 2764 duae
909 2705 1047 2782 paralleli
1062 2714 1249 2781 concurrunt,
1274 2708 1302 2769 in
1318 2709 1349 2770 id
1363 2717 1504 2790 punctum

162 2816 198 2858 ex
223 2800 252 2860 A
275 2797 406 2858 demissa
430 2798 521 2876 (quae
545 2795 586 2857 sit
610 2797 686 2867 AA)
711 2794 768 2855 erit
797 2794 959 2872 parallelos
991 2793 1049 2873 ipsi
1072 2797 1131 2857 ΖΟ
1155 2798 1202 2857 vel
1226 2801 1295 2859 ΨΚ
1314 2807 1346 2859 et
1369 2800 1503 2880 aequalis
1560 2848 1562 2852 .

162 2887 217 2965 ipsi
242 2888 301 2948 ΖΟ
326 2897 357 2947 et
379 2904 467 2968 quam
499 2885 631 2963 proxime
664 2883 797 2963 aequalis
830 2882 887 2961 ipsi
911 2885 989 2957 ΨΚ,
1018 2892 1050 2944 et
1073 2903 1180 2946 novum
1205 2888 1233 2947 A
1262 2888 1320 2949 erit
1352 2907 1504 2951 commuue

162 2985 303 3054 punctum
328 2974 520 3055 aequalitatis
546 2974 574 3034 iu
600 2992 677 3034 nova
700 2972 869 3053 hypothesi.
1592 3039 1597 3054 ι

250 3066 295 3126 At
318 3083 408 3143 supra
430 3082 495 3141 cap.
520 3063 559 3125 V.
584 3063 613 3123 iu
638 3062 694 3122 fine
710 3071 873 3137 vostensum
897 3068 960 3134 est,
994 3061 1019 3121 si
1042 3080 1096 3140 per
1121 3066 1149 3124 A
1171 3063 1230 3143 ipsi
1253 3068 1286 3127 K
1289 3069 1322 3127 Ψ
1341 3062 1505 3146 parallelos

164 3155 287 3216 ducatur
312 3156 376 3221 AA,
401 3161 431 3213 et
454 3156 521 3214 ΚΨ
541 3150 741 3230 εἰῐάεῳιαίἰε
764 3151 821 3229 ipsi
847 3153 911 3223 AA,
936 3159 968 3210 et
991 3160 1188 3215 connectatur
1210 3173 1317 3216 novum
1341 3159 1368 3217 A
1391 3175 1456 3218 cum
1477 3159 1510 3221 K

164 3254 338 3323 seceturque
371 3261 449 3303 nova
478 3244 537 3302 KA
559 3242 589 3302 iu
614 3242 648 3301 Μ
672 3259 709 3300 ca
730 3239 937 3319 proportione,
969 3259 1027 3319 qua
1050 3242 1130 3319 prior
1149 3245 1208 3304 KA
1230 3245 1389 3307 secabatur
1412 3246 1447 3325 in
1467 3251 1518 3322 A,¹

164 3334 315 3411 perhanc
339 3350 444 3393 novam
469 3329 647 3411 hypothesin
672 3348 779 3390 novum
803 3329 921 3408 quidem
947 3330 1144 3391 eccentricum
1168 3333 1256 3405 strui,
1287 3334 1343 3395 hou
1373 3341 1429 3396 est'
1445 3337 1505 3399 situ

164 3414 359 3485 differentem
380 3441 399 3481 a
431 3419 536 3499 priori,
566 3420 620 3480 sed
647 3419 695 3500 qui
725 3418 815 3478 etiarn
846 3418 874 3478 in
899 3417 989 3497 priori
1014 3418 1172 3499 hypothesi
1196 3422 1349 3484 adhibitus
1372 3424 1450 3486 visui
1474 3425 1532 3488 iu*

163 3514 192 3572 K
210 3532 284 3573 suas
307 3510 438 3571 visiones
462 3528 567 3570 omnes
592 3510 653 3569 iere
677 3508 910 3587 imperturbatae
934 3507 1091 3586 relinquat.
1130 3510 1291 3590 Descripto
1309 3512 1401 3591 igitur
1420 3514 1519 3578 exM'

164 3620 236 3661 novo
261 3599 437 3673 eccentrico,
463 3599 512 3677 qui
535 3599 576 3658 sit
599 3597 731 3676 aequalis
756 3596 858 3673 priori,
885 3603 916 3655 et
940 3596 1114 3657 continuata
1137 3599 1273 3678 utrinque
1297 3603 1376 3676 ΚΜ,
1402 3605 1458 3665 erit
1477 3607 1506 3665 H
1536 3595 1540 3604 ¹
1572 3664 1576 3672 ,

163 3709 270 3750 norum
294 3706 468 3768 apogaeum,
494 3696 628 3748 centrum
651 3683 775 3766 epicycli
800 3685 827 3744 in
853 3685 927 3758 B,O
953 3686 1072 3763 punctis
1093 3687 1162 3746 novi
1183 3689 1352 3765 eccentrici‚
1378 3693 1503 3770 planeta
1522 3692 1540 3728 Ὗ
1616 3684 1620 3691 ’

163 3777 189 3838 iu
211 3782 237 3840 A
259 3778 390 3859 propior,
415 3777 444 3837 in
469 3777 483 3837 Ι
507 3775 648 3855 remotior
672 3793 759 3854 quarn
782 3774 873 3852 prius.
922 3776 965 3834 At
992 3775 1114 3834 veroin
1140 3776 1213 3836 locis
1238 3780 1424 3857 aequalitate
1448 3802 1502 3844 se·

162 3870 257 3929 cunda
289 3866 431 3928 involutis
465 3866 626 3946 (siquidem
657 3864 796 3943 planetae
825 3862 975 3924 tribuatur
998 3863 1149 3951 epicyclus
1173 3868 1308 3947 aequalis
1333 3871 1501 3934 eccentrico

163 3955 253 4032 Solis,
278 3956 357 4036 quod
381 3974 503 4016 necesse
528 3963 576 4015 est
599 3963 632 4015 ut
655 3953 809 4026 faciamus,
835 3951 981 4031 siquidem
1004 3953 1063 4012 vim
1087 3971 1198 4029 eorum,
1224 3975 1299 4036 quae
1315 3956 1499 4039 Oopernicus
1599 3972 1606 4013 ι’

93 4020 96 4047 ¹
162 4054 190 4107 et
212 4047 317 4129 Tycho
340 4045 439 4112 Brahe
463 4045 613 4118 invenere,
638 4044 727 4123 plane
751 4043 875 4103 velimus
900 4041 929 4101 in
955 4042 1079 4102 formam
1103 4042 1320 4108 Ptolemaicam
1342 4051 1499 4112 transsun-
1532 4126 1534 4131 ⁴

162 4136 244 4210 dere)
270 4135 388 4196 omuino
403 4134 518 4213 priores
541 4133 671 4194 visiones
690 4150 744 4211 per
767 4149 875 4192 novum
898 4129 975 4191 huuc
1000 4130 1197 4194 eccentricum
1221 4135 1250 4196 iu
1274 4137 1390 4200 illarum
1406 4141 1504 4221 hypo·

161 4225 256 4286 thesin
295 4225 410 4284 illatum
447 4223 606 4284 turbantur
643 4222 853 4282 vehementer:
892 4239 948 4280 nou
987 4219 1104 4298 quidem
1142 4221 1225 4298 ideo,
1266 4226 1336 4306 quia
1361 4237 1503 4308 puuctum

162 4313 355 4396 aequalitatis
379 4315 407 4374 A
430 4331 487 4372 nou
510 4319 613 4373 manet
637 4311 732 4385 idem,
767 4311 820 4370 sed
852 4309 933 4381 ide0,
968 4308 1038 4389 quia
1068 4308 1149 4371 circa
1173 4312 1239 4373 loca
1262 4316 1398 4395 apsidum
1421 4316 1517 4380 Solis·
1556 4327 1559 4331 '

161 4413 262 4471 cantra
287 4400 520 4464 eccentricorum
544 4400 723 4462 Ptolemaici
748 4406 779 4459 et
802 4397 897 4460 uostri
920 4397 1078 4459 intervallo
1103 4401 1170 4460 AM
1193 4401 1322 4465 distant:
1347 4425 1436 4484 quarn
1453 4407 1502 4469 di·

161 4492 302 4554 stantiam
336 4490 427 4552 etiam
460 4499 628 4553 centrorum
652 4490 786 4568 adeoque
810 4496 842 4547 et
865 4487 997 4548 locorum
1020 4490 1152 4567 corporis
1175 4491 1334 4569 planetarii
1358 4494 1504 4559 distantia

161 4583 294 4662 aequalis
318 4579 462 4660 sequitur.
508 4579 592 4640 Haec
614 4597 703 4662 porro
728 4576 931 4656 discrepantia
955 4595 1012 4637 nou
1035 4586 1083 4637 est
1099 4579 1238 4655 maxima,
1257 4589 1359 4644 centro
1375 4586 1522 4667 epicycli·

160 4679 299 4732 versante
333 4670 413 4730 circa
442 4669 643 4748 longitudines
671 4667 786 4728 medias
820 4664 910 4754 Solis.
957 4665 1078 4727 Dictum
1098 4667 1175 4728 enim
1199 4677 1259 4744 est,
1289 4669 1350 4733 illis
1373 4673 1403 4737 in
1426 4675 1502 4739 locis

159 4777 233 4839 pene
254 4760 380 4822 eundem
400 4777 468 4819 esse
483 4758 580 4820 locum
599 4765 700 4819 centro
717 4754 842 4837 epicycli
858 4754 888 4815 iu
905 4762 1030 4835 utroque
1047 4757 1224 4833 eccentrico,
1248 4763 1383 4840 quamvis
1396 4765 1504 4849 paral.

160 4848 227 4912 lelis
250 4866 288 4911 ex
310 4847 375 4912 AA
397 4846 590 4910 distantibus.
635 4845 694 4909 Est
728 4861 798 4925 ergo
831 4839 912 4907 circa
938 4842 1060 4924 apsidas
1084 4842 1165 4908 Solis
1192 4847 1323 4913 maxima
1352 4856 1391 4938 ot(
1402 4846 1504 4953 hiatui

1382 4938 1538 5035 adri-*bt

1406 5022 1414 5031 '¹
1427 5016 1478 5051 -ru'l
1494 5014 1528 5043 Ψ.
