3354 5504
157 272 223 346 442
632 279 674 337 Dt
690 272 799 334 flotibnt
816 272 911 334 Stellae
928 280 1025 334 Martia.

159 461 221 522 nint
242 467 305 522 tren
325 443 434 525 atellae
445 448 600 525 intorno
613 460 764 540 trianguli,
786 463 872 524 Mara
887 469 1041 541 spectatur
1061 461 1103 523 sit
1118 461 1149 522 in
1165 459 1388 535 medianarum,
1411 469 1446 523 et
1462 461 1504 524 rio

158 551 323 632 appositae
335 548 442 632 faerit
461 549 583 614 boreali
597 551 704 633 fronti
726 548 862 630 Scorpii;
887 552 985 612 lactus
1004 551 1140 612 nimirum
1155 550 1246 612 inerit
1258 570 1317 611 nna
1330 568 1371 610 ex
1385 569 1504 614 numero

159 658 269 713 earnm,
294 659 371 721 quae
394 647 463 702 sont
485 642 514 701 in
538 640 651 701 boreali
674 650 760 717 parte
785 640 893 702 frontis
917 639 1041 720 Scorpii.
1081 639 1132 700 Ad
1154 638 1233 701 hano
1255 639 1335 701 enim
1354 639 1504 721 interpro-

157 729 304 790 tationem
326 729 400 791 facit
422 736 454 791 et
475 728 541 802 hoc,
565 729 643 809 quod
669 747 725 790 non
750 729 826 790 dixit
845 729 1019 790 observator
1037 725 1158 792 boreali
1173 729 1297 811 frantie
1314 728 1370 790 sod
1385 712 1510 793 boreali

151 819 270 901 fronti,
294 818 373 897 qnod
395 837 453 879 non
476 827 566 879 sonat
591 818 628 878 de
650 836 711 879 nna
733 817 877 897 singulari
900 818 999 893 atella,
1024 819 1077 879 sed
1101 818 1138 877 de
1161 827 1247 897 parte
1262 817 1504 881 constellationis

158 907 302 987 integrae.

246 995 330 1058 Nihil
358 995 450 1074 igitur
469 995 580 1075 juvant
601 1013 657 1057 noa
679 995 737 1056 hae
761 996 837 1057 dnae
861 996 1000 1077 antiquae
1024 995 1250 1057 observationes
1274 995 1313 1057 ad
1337 995 1502 1058 aestiman-

160 1085 229 1147 dam
262 1085 311 1146 vel
338 1084 527 1146 latitudinem
549 1084 598 1145 vel
623 1083 735 1145 orbium
759 1084 981 1165 proportionem
1004 1083 1084 1145 illius
1107 1084 1261 1166 temporis.
1308 1085 1417 1167 Itaque
1441 1104 1503 1148 enm

160 1172 236 1253 pihil
259 1179 315 1237 noo
337 1173 502 1255 impediant
525 1173 752 1237 observationes
775 1173 953 1249 contrariae,
977 1173 1131 1235 confirmet
1147 1191 1220 1236 vero
1242 1193 1297 1236 nor
1322 1193 1440 1236 summa
1463 1175 1503 1236 rei

158 1262 407 1337 ttriaimilltndo,
440 1260 666 1334 ennomus,
700 1263 825 1324 eandem
857 1282 924 1324 ease
957 1271 989 1324 et
1018 1262 1106 1323 hodie
1134 1264 1358 1342 proportionem
1381 1264 1501 1333 orbium.

162 1370 238 1436 quae
262 1350 321 1417 fnit
343 1352 426 1428 olim,
449 1344 625 1415 latitudines
647 1369 719 1413 vero
741 1354 887 1414 maximat
917 1351 1049 1414 nonnihil
1072 1350 1160 1414 bodie
1182 1371 1251 1415 esse
1274 1353 1462 1415 immutatae.
