3354 5504
19 28 110 212 s

282 253 347 322 426
761 259 801 312 Dc
819 260 927 312 Motibus
945 258 1037 313 Stellae
1056 249 1145 313 Martia

407 434 449 521 ¹in
473 454 527 515 pro
550 436 646 499 lubitu
676 456 832 517 magnam,
866 439 953 500 facile
976 439 1049 502 dilui
1079 440 1166 519 hujus
1195 439 1304 520 capitis
1335 436 1623 519 argumentationes.

272 435 426 629 νὴ
486 535 535 586 est
558 545 595 586 ex
617 526 803 588 documentis
830 528 978 607 pluribus,
1011 548 1069 590 non
1098 548 1189 608 posse
1217 529 1338 592 admitti
1368 529 1541 609 parallaxIn
1564 537 1626 590 tam

282 624 320 675 ru¹
398 619 437 687 “·,
470 623 504 675 nt
531 616 620 694 plane
654 626 812 678 enervetur
842 618 915 679 baec
949 617 1177 680 demonstratio.
1233 617 1367 698 Cumque
1400 618 1505 680 tbema
1540 617 1625 697 hujus

282 701 393 782 capitia
406 702 581 764 'firmissime
604 704 646 764 sit
669 704 904 768 demonstratum
927 726 991 786 cap.
1015 707 1084 781 LII,
1116 726 1238 786 possem
1266 716 1441 769 convertere
1465 707 1555 781 vela,
1581 705 1625 767 xic

343 810 402 852 non
429 792 683 854 demonstraretur
713 795 768 871 hoc
799 795 900 856 thema
928 814 966 857 ex
993 806 1106 874 negata
1131 797 1293 875 parallaxi,
1326 797 1380 858 sed
1409 815 1448 856 ex
1476 786 1624 876 purime

258 800 547 1121 Qemtis,
570 882 648 962 qnod
670 874 820 962 prup'rhn
844 884 935 947 habet
957 903 1023 964 cap.
1046 885 1113 947 LlI.
1138 885 1440 971 demonstrationem,
1468 892 1627 964 negaretur

258 1047 264 1058 ὑ
422 969 458 1041 is,
482 978 515 1030 nt
536 989 602 1051 cap.
626 970 742 1032 LXIV.

259 1067 281 1123 Ι
323 1086 328 1099 ·
400 1069 478 1119 trum
501 1059 605 1133 facias,
629 1060 753 1138 perinde
776 1068 833 1121 est.
879 1062 1044 1142 Utrumque
1071 1061 1150 1123 enim
1178 1062 1280 1123 thema
1310 1061 1403 1123 babet
1432 1060 1513 1122 alias
1536 1059 1625 1120 etiam

283 1148 563 1209 demonstrationes.
609 1148 685 1209 Mihi
709 1150 783 1210 baec
807 1148 857 1209 m‘a
879 1151 1005 1229 primum
1029 1151 1157 1214 occurrit
1179 1161 1212 1212 et
1233 1151 1364 1231 placuit,
1393 1160 1427 1212 nt
1449 1165 1624 1212 consensum

283 1256 379 1299 rernm
403 1236 602 1298 ostenderem.

862 1446 1045 1457 ---—

370 1592 461 1753 „343
557 1728 571 1745 „
793 1644 913 1746 capu
943 1644 1114 1720 nxvm.

283 1809 338 1872 An
358 1770 581 1871 initiamentis
662 1824 775 1868 norum
798 1805 915 1868 Mortis
937 1815 967 1869 et
993 1803 1156 1890 ecliptiene
1187 1806 1315 1868 eaedem
1341 1807 1406 1868 sint
1439 1803 1500 1868 boe
1521 1809 1621 1865 norbo

285 1904 314 1960 et
341 1884 536 1961 Peemaei'
554 1916 587 1956 ee
661 1942 668 1955 .
725 1894 787 1958 Ubi
817 1896 857 1957 de
892 1893 1053 1978 eclipticae
1088 1893 1310 1958 latitudinibra
1338 1895 1437 1975 deque
1464 1887 1623 1974 incenati

771 1984 925 2082 nodorum
948 1985 1138 2048 circuitione.

373 2124 495 2186 Dictum
518 2133 566 2187 est
588 2144 652 2204 cap.
677 2124 769 2200 XIV,
791 2124 822 2187 in
844 2125 1040 2206 unaqualibet
1060 2126 1184 2206 periodo
1207 2124 1318 2186 Martis
1341 2122 1555 2205 obliquitatem
1575 2139 1621 2183 sen

287 2213 511 2299 §clinationem
533 2214 616 2294 plan'l
638 2214 743 2275 Martii
766 2215 805 2276 ad
827 2215 948 2294 planum
971 2216 1126 2296 eclipticas
1150 2232 1269 2275 manere
1286 2213 1384 2274 fixam.
1432 2209 1541 2274 Oritur
1558 2228 1622 2272 vero

288 2303 447 2377 dubitatio,
471 2322 510 2363 an
534 2303 669 2364 omnibns
693 2303 803 2365 seculis
826 2305 931 2366 eadem
954 2304 995 2366 sit
1016 2314 1049 2365 et
1071 2306 1130 2366 fixa
1144 2303 1218 2365 baec
1233 2303 1405 2384 obliquitas.
1452 2299 1622 2365 Caumdu·

287 2391 443 2454 bitationis
466 2391 541 2453 baec
565 2401 622 2453 est.

375 2481 603 2543 Demonstravit
624 2481 762 2543 Brahens
786 2490 866 2544 tomo
889 2481 984 2562 primo
1007 2485 1308 2565 Progymnasmatnm
1332 2480 1383 2542 fol.
1408 2475 1490 2555 233,
1521 2477 1622 2541 stella·

288 2590 352 2632 rum
388 2571 512 2631 fixarum
547 2570 719 2631 latitudines
748 2570 836 2632 bodie
865 2591 932 2632 esse
966 2572 1059 2647 alias,
1091 2591 1178 2654 quam
1206 2581 1339 2651 tempore
1363 2567 1550 2630 Ptolemaei:
1572 2568 1622 2629 boc

280 2658 476 2735 ,ffiscriminm
505 2660 582 2739 quod
611 2658 717 2720 stellae
744 2660 883 2721 boreales
910 2660 991 2725 circa
1018 2661 1180 2722 solstitium
1211 2659 1357 2720 aestivum
1385 2657 1529 2720 auxerint

288 2749 424 2822 tudines,
454 2749 602 2809 australes
633 2768 685 2810 eas
710 2738 920 2929 *diruerit-rt:
949 2760 981 2811 et
1002 2749 1135 2812 vicissim
1164 2748 1245 2810 circa
1273 2747 1439 2809 solstitium
1471 2746 1542 2811 bibe
1560 2730 1622 2809 'nur

289 2838 424 2899 boreales
448 2837 555 2897 stellae
579 2838 707 2898 diminne
803 2838 953 2900 australes
976 2839 1113 2900 auxerint
1137 2836 1329 2900 latitudines:
1359 2835 1397 2896 ab
1420 2834 1470 2897 his
1494 2833 1623 2897 terminis

289 2946 347 3008 qno
369 2925 466 3006 magis
488 2919 593 2986 versus
617 2926 849 3006 aequinoctialia
870 2932 981 3007 p'ttncta
1003 2928 1079 3003 itur,
1103 2929 1159 2989 boc
1182 2926 1326 2987 minorem
1348 2923 1498 2986 accidisse
1522 2923 1621 2986 latitu-

289 3016 370 3077 dinis
395 3015 592 3075 variationem
615 3016 904 3111 adeoqneqproxime
928 3017 994 3097 ipsa
1013 3027 1122 3097 puncta
1145 3012 1376 3096 aequinoctialia
1397 3013 1489 3093 plane
1508 3013 1622 3075 nnllam

288 3107 375 3166 Hanc
402 3104 499 3165 nostri
530 3104 672 3185 temporis
709 3096 924 3185 experientiam
954 3107 992 3166 ad
1025 3115 1128 3167 nostra
1154 3103 1300 3186 principia
1322 3121 1388 3183 cap.
1411 3102 1534 3166 LXHI.
1558 3119 1623 3164 con·

288 3193 403 3268 stituta
424 3192 468 3253 sic
491 3193 787 3255 accommodabimus.
1514 3243 1528 3255 ..

344 3336 364 3373 a
378 3280 544 3361 Sphaeram
571 3282 694 3344 fixarum
723 3283 866 3344 immenso
896 3282 1055 3345 intervallo
1080 3301 1170 3361 snpra
1192 3281 1333 3362 planetas
1356 3279 1471 3342 elevari
1488 3252 1621 3385 *tab

292 3372 393 3452 itaque
417 3371 542 3431 eandem
566 3380 596 3432 et
619 3371 743 3433 liberam
767 3390 834 3433 esse
858 3372 998 3434 convenit
1020 3371 1058 3432 ab
1081 3371 1118 3431 iis
1134 3370 1273 3442 motibus,
1298 3367 1348 3450 qui
1367 3369 1501 3447 planetis
1519 3376 1622 3433 msunt

292 3463 328 3524 Id
352 3458 472 3540 quidem
496 3459 679 3540 Cupernicus
702 3461 878 3540 simpliciter
900 3461 1001 3540 ponit,
1033 3461 1107 3521 lixas
1131 3459 1210 3521 omni
1233 3459 1320 3539 plane
1343 3469 1426 3520 motu
1450 3459 1489 3519 de
1513 3459 1623 3523 lo'coin

290 3551 388 3614 locum
426 3567 492 3610 esse
525 3548 636 3611 liberas
665 3557 697 3610 et
724 3550 767 3610 sic
794 3568 863 3611 vere
894 3553 969 3611 lixas
996 3549 1102 3613 iisdem
1131 3558 1275 3630 perpetuo
1298 3547 1382 3609 locis.
1431 3544 1509 3610 (lum
1532 3558 1623 3611 antem

293 3639 433 3720 ecliptica
458 3622 509 3709 Α
533 3638 659 3699 circulus
691 3638 720 3699 in
751 3639 879 3718 sphaera
901 3640 1025 3701 marom
1048 3637 1212 3712 maximus,
1246 3636 1301 3699 sub
1324 3654 1381 3716 quo
1406 3635 1461 3698 Sol
1484 3629 1623 3700 nobia··'ex

291 3731 387 3792 Terra
408 3735 552 3808 perpetuo
575 3737 711 3808 apparet,
736 3747 879 3809 quemque
902 3728 928 3790 is
952 3728 1104 3789 annuatim
1126 3744 1299 3807 percurrero
1314 3725 1453 3786 videtur:
1478 3726 1544 3788 sive
1567 3723 1624 3790 Soli

293 3810 483 3907 siffierrae
506 3822 659 3896 competat
681 3810 871 3907 motnffilste,
895 3816 1032 3896 utrinque
1056 3816 1105 3877 uni
1128 3836 1166 3877 ex
1239 3813 1318 3876 netis
1341 3815 1505 3895 competit:
1524 3815 1624 3905 {ua

291 3908 368 3969 fixae
390 3925 448 3967 non
471 3905 555 3984 ipsae
578 3907 656 3967 inse
677 3902 991 3986 habeantecllpticae,
1010 3924 1142 3980 cansam,
1162 3817 1349 4005 efflatum
1373 3912 1497 3984 propter
1521 3913 1631 3967 motum

287 3998 353 4079 §n
443 3996 506 4055 sive
530 3993 611 4059 Solis
639 3995 702 4056 sive
725 3995 835 4057 Terrae
863 3995 943 4056 circa
972 4004 1104 4056 centrum
1136 3993 1245 4056 mundi.
1298 3993 1346 4054 Ac
1369 4011 1437 4054 cnm
1462 3993 1625 4058 inveniatur

292 4085 372 4163 ocIIp
397 4072 436 4161 Ο
464 4083 552 4145 sedes
584 4103 654 4146 suas
678 4083 733 4144 sub
756 4083 822 4145 lixis
845 4091 994 4175 namq:
1024 4103 1080 4144 non
1112 4082 1204 4164 ifflur
1226 4083 1302 4143 fixae
1325 4081 1363 4143 ab
1386 4081 1544 4162 ecliptica,
1579 4078 1625 4147 sed

296 4176 370 4236 baec
403 4195 422 4234 a
453 4173 521 4233 fixis
550 4172 686 4235 recessit.
733 4171 863 4236 Causam
896 4170 1103 4234 traiislationis
1130 4171 1218 4251 hujus
1249 4171 1391 4232 exhibent
1413 4173 1520 4250 procul

293 4260 441 4345 principia
463 4271 654 4342 nostramap.
679 4261 793 4324 LXIII.
819 4262 962 4342 siquidem
986 4283 1060 4322 sana
1083 4269 1162 4323 sunt.
1202 4258 1278 4322 Cum
1299 4260 1379 4323 enim
1397 4257 1452 4321 Sol
1476 4280 1554 4345 gyra
1611 4277 1625 4318 e

294 4330 485 4435 rfflissima
514 4352 593 4412 intra
622 4371 705 4427 suurn
729 4352 875 4431 spatium,
906 4352 983 4431 qnod
1008 4350 1172 4430 Copernico
1196 4359 1330 4410 centrum
1343 4347 1455 4429 emundi
1477 4359 1552 4429 ost⁸¹
1560 4351 1624 4441 91⁸⁸

295 4451 382 4502 netas
411 4439 489 4502 cieat
518 4454 573 4519 per
604 4418 732 4519 speeiem
763 4440 917 4527 em'qsam,
949 4449 1035 4500 erunt
1066 4440 1152 4525 bow
1180 4437 1345 4520 gyrationis
1375 4439 1451 4513 certi
1480 4436 1623 4519 posst‘u‘ln

296 4529 448 4592 schemate
467 4526 538 4592 126.
557 4529 605 4591 sit
624 4508 733 4608 00qu
746 4528 827 4591 Solis
842 4527 895 4603 10,
913 4527 973 4609 poli
992 4528 1193 4590 conversionis
1208 4528 1247 4602 A,
1263 4527 1299 4601 Ε,
1324 4520 1433 4605 quihus
1453 4528 1483 4590 in
1504 4528 1624 4611 spaera

295 4619 419 4682 fixarum
442 4619 663 4697 supereminent
685 4627 796 4697 puncta
809 4621 843 4692 F,
859 4615 897 4679 G.
934 4612 1071 4681 Circulos
1088 4617 1178 4695 igitur
1200 4616 1344 4678 maximus
1367 4618 1504 4697 corporis
1518 4614 1623 4682 soum

295 4707 444 4772 convoluti
469 4707 511 4768 lO
536 4705 721 4769 ordinabitur
744 4709 798 4768 sub
823 4706 921 4787 aliquo
949 4707 1058 4768 circulo
1091 4704 1219 4766 maximo
1250 4706 1389 4779 lixarum,
1421 4707 1473 4786 qui
1497 4707 1540 4769 sit
1561 4704 1621 4777 ML.

297 4797 358 4871 uui
379 4816 444 4862 cum
471 4798 511 4857 sit
533 4797 644 4878 procul.
659 4796 747 4857 dubio
771 4816 845 4857 nnus
868 4806 900 4856 et
922 4795 999 4857 idem
1023 4794 1077 4857 snb
1101 4795 1178 4868 fixis,
1200 4794 1278 4875 polis
1300 4796 1335 4869 F,
1360 4793 1389 4856 G
1412 4797 1620 4899 constantibus,
