3354 5504
754 216 1099 517 immodesto-*Q
1441 273 1503 345 155

159 446 243 517 tarius
261 463 311 517 'est
330 479 415 533 super
434 462 628 516 Hexaemeron
647 460 796 516 Geueseos.
837 461 907 516 Nasu
925 450 1021 531 utini
1058 465 1152 514 otras
1172 457 1252 530 primi
1271 457 1330 513 dies
1350 457 1410 513 dati
1438 465 1505 516 sont

159 541 328 614 separationi
347 541 507 614 regionum,
537 539 640 612 primus
669 539 738 594 lucis
758 556 776 595 a
796 539 919 596 tenebris
938 538 1136 604 exterioribus,
1158 540 1292 594 sammdus
1313 548 1446 611 aquarum
1465 540 1504 594 ab

159 623 234 694 aquis
254 623 422 695 interpositu
443 623 570 693 expansi,
591 621 690 676 tertius
711 627 846 676 terrarum
866 638 885 676 a
903 620 1033 684 maribus,
1053 620 1101 675 ubi
1121 628 1199 675 terra
1210 619 1330 675 vestitur
1348 619 1454 690 plantis
1474 626 1505 675 at

158 703 303 774 stirpibuss
325 711 381 758 tres
401 718 467 758 rero
486 701 653 773 posteriores
676 700 733 755 dies
754 701 897 774 regionum
917 701 956 756 sio
976 700 1165 757 hadumarum
1192 699 1357 770 impletioni,
1388 707 1504 773 quartus

158 783 233 848 coeii,
256 783 368 855 quintus
389 783 503 838 marium
523 788 553 836 et
573 781 654 846 aeris,
676 788 773 837 sextus
794 788 944 859 terrarum:
966 781 1005 836 sio
1025 781 1053 835 in
1072 782 1126 837 boo
1145 781 1252 852 psalmo
1273 786 1338 836 sunt
1358 779 1504 836 disductae

158 870 186 920 et
204 880 258 918 aex
278 863 382 918 dierum
396 862 532 935 operibus
554 863 692 934 analogae
714 869 808 932 partes
829 863 951 918 totidem.
986 862 1057 917 Nam
1075 877 1156 916 versu
1170 862 1289 916 secundo
1308 862 1406 925 lucem
1427 877 1504 916 crea·

159 952 280 1000 murum
301 943 418 1015 pn‘mam
437 944 595 1015 primaeque
616 942 670 997 diei
691 959 758 1013 opos
780 942 906 998 Creatori
925 943 1076 998 circumdat
1095 958 1145 1012 pro
1165 940 1338 998 vestimento.
1378 941 1506 997 &cunda

158 1040 221 1096 pm
240 1023 341 1095 incipit
360 1041 442 1079 versu
462 1023 546 1078 tertio
566 1023 681 1095 agitque
702 1025 736 1077 de
756 1024 834 1095 aquis
855 1040 938 1094 super
958 1023 1133 1088 coelestibus,
1155 1021 1318 1077 extensione
1338 1023 1408 1077 coeli
1426 1028 1457 1077 et
1469 1023 1504 1078 de

160 1104 297 1170 meteoris,
319 1121 390 1176 quae
410 1104 520 1159 ridetur
538 1103 649 1158 Psaites
672 1120 818 1159 accensere
848 1102 926 1176 aquis
947 1103 1148 1174 superioribus,
1179 1102 1285 1157 scilicet
1313 1105 1346 1157 de
1376 1102 1505 1167 nubibus,

160 1185 263 1250 sentis,
294 1185 478 1255 praetentus,
508 1184 673 1259 fulguribus.
713 1184 809 1239 'l'ertia
836 1200 902 1256 pars
932 1184 1029 1255 incipit
1057 1200 1076 1239 a
1104 1199 1186 1238 versu
1215 1189 1297 1238 sexto
1326 1183 1505 1254 celebratque

158 1266 270 1321 Terram
291 1271 323 1319 ut
342 1265 547 1321 fundamentum
567 1281 671 1330 rerum,
702 1281 770 1335 quas
795 1264 840 1319 hio
869 1264 1032 1321 considerat.
1073 1263 1172 1319 Omnia
1200 1262 1303 1334 quippe
1331 1265 1366 1317 ad
1391 1265 1506 1318 Terram

138 1387 143 1401 .
159 1362 271 1418 eamque
291 1345 479 1401 inhabitantia
499 1345 630 1400 animalia
649 1345 748 1408 refert;
779 1346 884 1400 scilicet
904 1345 969 1418 quia
989 1346 1127 1399 oculorum
1143 1344 1247 1413 jndicio
1267 1345 1338 1399 duae
1358 1343 1505 1414 primariae

158 1432 220 1481 aunt
239 1432 337 1495 partes
357 1426 458 1490 muudi,
480 1425 591 1481 Coelum
605 1433 635 1481 et
648 1428 742 1483 Terra
777 1425 830 1481 Hic
843 1425 930 1498 igitur
947 1426 1110 1488 considerat,
1131 1426 1243 1480 Terram
1263 1429 1308 1478 tot
1322 1423 1383 1494 jam
1403 1424 1503 1479 seculis

162 1524 213 1561 uon
234 1505 386 1571 subsidere,
408 1523 462 1561 nou
482 1505 626 1571 fatiscere,
652 1524 705 1561 uon
726 1523 822 1562 ruere:
852 1522 913 1560 oum
933 1513 1025 1562 amen
1045 1505 1145 1560 nemini
1167 1510 1335 1575 compertum
1352 1504 1399 1568 ait,
1420 1520 1505 1575 super

160 1587 220 1658 quid
242 1586 295 1642 illa
315 1586 353 1642 sit
371 1587 495 1642 mndata
535 1586 597 1641 Nou
617 1587 679 1642 vult
697 1588 794 1641 docere
821 1588 892 1659 quod
918 1586 1048 1660 ignorent
1076 1585 1212 1650 homines,
1243 1587 1291 1639 sed
1320 1587 1355 1640 ad
1384 1590 1505 1641 manum

158 1682 295 1731 revocare,
316 1668 388 1738 quod
407 1666 460 1737 ipsi
471 1666 637 1740 ‘negligunt
659 1666 873 1739 magnitudinem
893 1669 999 1722 scilicet
1018 1674 1048 1721 et
1068 1666 1221 1738 potentiam
1240 1664 1292 1720 Dei
1312 1666 1341 1721 in
1361 1664 1502 1721 creatione

159 1754 254 1802 tantae
283 1746 376 1811 molis,
406 1755 465 1801 tam
493 1748 587 1801 fimas
608 1754 636 1801 et
657 1747 774 1804 stabilis.
815 1747 843 1802 si
865 1754 1037 1803 astronomus
1066 1749 1178 1811 doceat,
1209 1747 1320 1801 Terram
1340 1763 1392 1817 per
1410 1745 1504 1803 edera

159 1827 233 1892 lerri,
256 1826 280 1880 is
300 1844 355 1881 uon
375 1827 491 1891 evertit,
522 1843 592 1899 quae
614 1828 658 1881 hic
678 1828 743 1882 dicit
762 1828 886 1892 Psaltes,
917 1846 968 1883 neo
987 1828 1119 1883 convellit
1138 1826 1275 1883 hominum
1296 1825 1504 1897 experientiam.

159 1908 257 1963 Versum
278 1907 351 1962 onim
370 1908 545 1962 nihilominus
565 1914 617 1972 est,
638 1925 694 1965 nou
713 1925 793 1962 ruere
807 1910 916 1974 Terras,
937 1909 990 1965 Dei
1012 1907 1156 1964 architecti
1171 1922 1251 1978 opus,
1272 1913 1304 1962 ut
1318 1908 1410 1962 solent
1421 1921 1504 1960 mere

159 1994 253 2043 nostn
272 1987 397 2042 aedificia
416 1994 558 2042 vetustate
579 1995 609 2042 et
628 1989 703 2042 carie
724 1995 880 2052 consumta,
912 2007 965 2044 nou
986 1988 1112 2044 inclinari
1132 1991 1167 2043 ad
1187 1989 1291 2051 latera,
1322 2005 1377 2043 nou
1396 1983 1504 2042 turbari

159 2071 235 2123 sedes
255 2067 443 2133 animantium,
464 2069 615 2122 wmistere
635 2075 741 2123 montes
761 2076 791 2123 et
809 2070 902 2134 litora,
924 2069 1036 2124 imrmta
1056 2075 1153 2125 contra
1173 2068 1291 2139 inpetus
1310 2076 1454 2122 ventorum
1474 2072 1504 2121 et

159 2149 301 2213 tuomum
321 2155 354 2203 ut
374 2156 456 2203 aaut
475 2150 512 2205 ab
532 2148 619 2204 initio.
659 2149 811 2222 Subiungit
830 2157 923 2205 autem
943 2151 1054 2205 Psaltes
1081 2147 1292 2220 pulcherrimam
1313 2145 1501 2220 hypotyposin

161 2228 342 2300 repensionis
361 2230 495 2284 undarum
516 2245 534 2284 a
554 2229 766 2295 eminentibus,
787 2238 960 2302 exornatque
981 2247 1043 2286 eam
1062 2229 1217 2300 aciieetioue
1242 2230 1357 2284 loutium
1378 2235 1408 2283 et
1426 2226 1502 2282 utili·

159 2317 253 2372 tatum
275 2323 345 2380 quas
364 2309 501 2364 exhibent
520 2310 610 2364 fontes
630 2318 661 2364 et
679 2317 779 2381 petrae
798 2311 955 2365 volucribus
975 2319 1006 2367 et
1025 2310 1256 2382 quadrupedibus.
1292 2311 1350 2364 Neo
1368 2307 1504 2380 praeterit

160 2388 364 2444 cremationem
384 2390 537 2459 superficiei
557 2389 676 2445 Telluris
696 2406 715 2444 a
733 2391 810 2445 Mose
832 2398 1069 2446 commemoratam
1088 2391 1161 2446 inter
1188 2406 1275 2460 opera
1302 2389 1356 2444 diei
1386 2387 1502 2451 terum

160 2471 204 2524 sed
223 2485 286 2524 eam
307 2485 326 2524 a
347 2485 432 2524 causa
451 2485 504 2524 sua
522 2470 627 2540 repetit
646 2471 744 2534 altius,
775 2472 811 2525 ab
840 2471 1044 2526 humectatione
1073 2477 1144 2542 puta
1172 2471 1299 2525 coelesti:
1328 2475 1359 2524 et
1385 2473 1505 2523 exornat

160 2549 411 2605 commemoratione
432 2549 598 2614 utilitatum,
624 2566 695 2623 quae
715 2553 832 2607 redeam
852 2553 888 2606 ab
909 2553 960 2607 illa
979 2552 1160 2608 exornatione
1181 2552 1217 2606 ad
1237 2551 1338 2606 rictum
1358 2554 1389 2605 et
1408 2547 1504 2604 hilari·

160 2637 243 2685 tatem
263 2629 381 2684 hominia
400 2636 431 2684 et
450 2630 599 2685 bestiarum
620 2631 790 2687 habitacula.

197 2726 203 2735 '
235 2718 345 2783 Quarta
364 2735 429 2790 pars
449 2719 545 2790 incipit
564 2736 645 2774 versu
667 2721 718 2786 20,
744 2721 888 2776 celebrans
909 2726 1027 2792 quartae
1046 2720 1100 2775 diei
1120 2737 1202 2792 opus,
1229 2721 1319 2776 Solem
1341 2724 1371 2774 et
1389 2719 1504 2781 Lunam
1618 2719 1621 2725 ’

161 2802 204 2854 sed
224 2798 376 2871 praecipuo
396 2800 561 2865 utilitatem,
589 2816 660 2873 quae
680 2819 716 2855 ex
737 2800 910 2855 distinctione
930 2809 1082 2873 temporum
1111 2803 1228 2857 redeunt
1247 2803 1282 2856 ad
1303 2799 1457 2856 animantia
1475 2804 1505 2853 et

108 2938 112 2945 ,
159 2880 308 2945 hominem,
340 2895 411 2950 quae
431 2879 484 2951 ipsi
500 2881 560 2950 jam
581 2887 626 2936 est
645 2880 771 2950 subjecta
791 2881 920 2937 materia:
950 2888 983 2937 ut
1002 2883 1079 2937 clare
1099 2889 1248 2952 appareat,
1278 2882 1366 2952 ipsum
1384 2880 1431 2934 hio
1449 2895 1504 2933 nou

159 2976 243 3033 agere
264 2966 459 3015 astronomum.
501 2961 562 3015 Non
583 2961 653 3016 euim
675 2961 810 3015 omisisset
836 2961 999 3017 mentionem
1029 2963 1148 3033 quinque
1172 2964 1361 3033 planetarum,
1390 2973 1503 3031 quorum

159 3047 230 3096 motu
250 3040 321 3094 nihil
341 3049 386 3096 est
409 3040 610 3107 admirabilius,
640 3041 708 3096 nihil
738 3043 896 3112 pulchrius,
926 3042 994 3097 nihil
1024 3045 1095 3115 quod
1125 3045 1158 3097 de
1179 3043 1331 3098 conditoris
1361 3036 1503 3110 sapientia

159 3126 278 3176 testetur
297 3119 450 3176 evidentius
471 3123 544 3192 apud
564 3138 612 3176 eos
633 3121 678 3194 qui
699 3122 820 3193 capiunt
862 3123 966 3186 Quinta
994 3139 1060 3193 pars
1090 3130 1134 3177 est
1157 3140 1239 3178 versu
1266 3119 1503 3191 reacquisitae

158 3201 208 3255 diei
229 3217 332 3272 opere,
360 3201 511 3273 impletque
530 3202 619 3257 maria
638 3202 757 3272 piscihus
778 3209 809 3258 et
828 3211 947 3259 oxornat
970 3203 1204 3276 navigationibus.
1244 3204 1333 3259 Sexta
1361 3197 1502 3256 obscurius

158 3280 313 3336 amecdtur
332 3296 351 3336 a
371 3298 451 3336 versu
473 3281 520 3338 28.
541 3281 656 3355 egitque
677 3285 711 3337 de
730 3285 877 3339 ‘lemarum
897 3284 992 3340 incolis
1013 3283 1190 3348 animalibus,
1216 3290 1297 3338 sexto
1325 3281 1369 3336 die
1388 3278 1499 3336 creatis.

157 3363 192 3417 Et
211 3360 330 3434 deniquo
353 3361 381 3416 in
407 3378 511 3434 genere
537 3363 630 3418 subdit
654 3364 806 3419 bonitatem
826 3365 880 3420 Dei
906 3365 1088 3420 sustentantis
1116 3364 1207 3419 omnia
1226 3372 1256 3418 et
1275 3361 1395 3417 creantis
1421 3374 1500 3416 nota

160 3441 256 3497 Omnia
275 3441 374 3513 igitur,
396 3459 467 3514 quae
488 3444 522 3496 de
541 3445 639 3498 mundo
660 3444 779 3508 dixerat,
801 3447 836 3499 ad
857 3444 1008 3500 animantia
1027 3445 1125 3500 refert:
1147 3442 1228 3507 nihil,
1250 3446 1320 3515 quod
1340 3460 1395 3497 non
1415 3440 1453 3495 sit
1472 3439 1501 3495 in
1592 3502 1594 3506 ,

159 3523 293 3585 matema,
314 3532 522 3578 commemorat:
552 3523 658 3578 scilicet
676 3524 742 3595 quia
760 3525 866 3579 suimus
886 3525 941 3596 ipsi
960 3534 1005 3581 est
1024 3526 1161 3581 extollere
1181 3531 1260 3587 nota,
1291 3541 1345 3578 uon
1366 3521 1503 3594 inquirere

128 3631 132 3639 ·
161 3600 311 3674 incognita,
332 3601 451 3657 inritare
471 3620 537 3659 vero
557 3603 679 3658 homims
700 3606 735 3658 ad
755 3605 954 3662 consideranda
973 3606 1119 3670 henellcia,
1141 3622 1213 3677 quae
1233 3606 1268 3659 ad
1290 3605 1363 3674 ipsos
1384 3605 1502 3658 redeunt

160 3701 195 3738 ex
213 3681 259 3737 his
280 3681 451 3754 singulorum
471 3683 575 3739 dierum
594 3684 730 3755 oporibus.

234 3774 327 3842 Atque
347 3788 401 3843 ego
421 3774 552 3828 lectorem
572 3789 660 3828 meum
681 3790 787 3844 quoque
808 3773 945 3838 obtestor,
975 3780 1008 3829 ut
1033 3789 1088 3830 nou
1114 3774 1217 3831 oblitus
1237 3771 1369 3829 bonitath
1390 3770 1499 3827 dirime
1557 3771 1567 3779 ”

128 3885 132 3891 -
159 3851 184 3906 ἰι
203 3851 328 3907 Ιιοιιίιιιι
348 3853 484 3917 collatae,
515 3855 549 3907 ad
579 3868 661 3924 quam
689 3853 912 3908 considerandam
941 3855 1031 3925 ipsum
1051 3856 1161 3910 Psaltes
1191 3855 1362 3926 potissimum
1392 3851 1500 3914 invitat,

158 3933 201 3988 ubi
222 3948 242 3987 a
260 3933 366 4003 templo
391 3949 518 3988 reversus
545 3933 573 3988 in
598 3934 721 3989 scholam
748 3933 955 3990 astronomicam
986 3936 1070 3991 luent
1097 3936 1253 4009 ingressus,
1284 3951 1388 3990 mecum
1415 3932 1501 3987 etiam

159 4013 253 4068 laudet
271 4018 303 4066 et
321 4012 446 4069 celebret
464 4012 630 4085 sapientiam
649 4021 679 4068 et
698 4014 913 4086 magnitudinem
933 4015 1080 4080 creatoris,
1102 4032 1184 4087 quem
1203 4033 1258 4088 ego
1278 4015 1331 4086 ipsi
1346 4012 1443 4086 aperio
1463 4029 1501 4066 ex

159 4093 259 4148 arm
288 4094 442 4148 mundam
471 4093 598 4165 penitiori
632 4094 834 4165 explicatione,
869 4111 1013 4150 causarum
1047 4096 1235 4167 inquisitione,
1271 4097 1346 4150 risus
1379 4108 1502 4149 errorum

160 4173 328 4235 detectione3
348 4179 379 4227 et
398 4174 438 4228 sic
457 4192 512 4229 nou
531 4182 640 4229 tantum
660 4175 688 4230 in
702 4174 820 4229 Telluris
834 4175 996 4230 firmitudine
1010 4183 1041 4232 et
1052 4178 1209 4233 stabilitate
1222 4179 1342 4233 salutem
1355 4174 1502 4230 universae

160 4261 274 4310 uatum
302 4252 464 4319 virentium,
493 4261 527 4309 ut
545 4255 599 4310 Dei
618 4272 714 4310 munus
735 4257 925 4322 exosculetur,
956 4257 1004 4310 sed
1033 4257 1116 4314 etiam
1148 4259 1177 4314 in
1195 4258 1324 4328 'ejusdem
1344 4261 1420 4311 motu
1440 4259 1497 4307 tam

161 4334 305 4398 recondito,
327 4334 386 4389 tam
405 4334 568 4399 admirabili,
589 4335 728 4390 creatoris
749 4343 886 4408 agnoscat
908 4336 1080 4408 sapiendam.
1181 4364 1185 4372 ·

233 4422 288 4488 Qui
308 4438 375 4478 vero
393 4424 520 4481 hebetior
540 4433 598 4490 est,
630 4442 711 4499 quam
740 4434 773 4481 ut
803 4426 1010 4482 astronomicam
1032 4427 1173 4483 amendam
1203 4442 1304 4498 capere
1324 4425 1426 4497 possit,
1455 4425 1502 4479 rel

160 4502 300 4568 infirmior,
323 4520 403 4575 quam
423 4513 455 4561 ut
475 4507 608 4562 inoffensa
628 4507 734 4577 pietate
754 4507 905 4578 Copernico
926 4510 1035 4563 eredat:
1064 4508 1089 4562 ei
1111 4509 1228 4572 suadeo,
1250 4513 1282 4561 ut
1301 4504 1386 4560 missa
1405 4504 1502 4560 schola

161 4584 354 4650 utroaomica,
384 4587 520 4642 damnatis
540 4587 625 4642 etiam
646 4587 669 4642 si
688 4588 782 4658 placet
802 4587 1026 4657 philosophorum
1044 4589 1249 4660 quibuscunque
1277 4585 1404 4656 placitis,
1435 4602 1500 4640 suas

160 4680 200 4719 res
218 4671 292 4737 agat
310 4671 342 4719 et
361 4667 398 4720 ab
418 4668 472 4721 hec
491 4667 715 4740 peregrinatione
735 4670 872 4722 mundana
898 4668 1045 4733 desistens,
1077 4671 1182 4723 domum
1206 4669 1241 4722 sd
1270 4665 1393 4738 agellum
1422 4680 1502 4721 suum

162 4745 337 4800 excolendum
362 4761 392 4801 se
419 4747 546 4819 recipiat,
569 4749 721 4818 oculisque,
752 4749 850 4818 quibus
870 4749 936 4802 solis
957 4747 1045 4813 ridet,
1066 4749 1093 4803 in
1113 4749 1166 4801 hoo
1186 4746 1375 4818 adspectahile
1395 4746 1501 4801 coelum

164 4825 293 4893 sublatis,
325 4831 385 4883 toto
411 4835 523 4900 pectore
544 4829 572 4884 in
591 4827 745 4902 grstimum
765 4827 901 4885 achonem
920 4834 951 4885 et
970 4828 1066 4887 laudea
1086 4827 1140 4884 Dei
1159 4825 1311 4884 Conditoris
1330 4827 1500 4887 emulatur:
