3354 5504
656 295 819 354 mom
1350 249 1412 367 'tl

54 477 119 541 scil.
146 478 231 541 linea
253 497 293 541 ex
313 480 341 543 B
365 498 491 560 corpore
514 479 598 542 Solis
619 498 673 561 per
697 479 721 544 Ο
746 487 881 542 centrum
905 478 1063 560 aequantis
1091 477 1260 561 antiquum,
1284 481 1339 544 vel'
1355 499 1415 542 non

54 569 184 630 multum
205 577 366 633 mutatum.
415 571 459 632 At
481 569 507 631 si
530 569 587 631 hoc
617 571 688 643 fiat,
722 576 793 631 tunc
816 569 917 649 utique
951 575 1086 631 centrum
1116 569 1183 630 viae
1214 569 1414 650 planetariae,

56 677 148 739 quam
179 658 307 738 planeta
328 658 395 739 ipse
418 677 472 720 suo
503 677 628 741 corpore
663 658 810 733 decurrit,
844 678 902 720 uon
932 658 1045 738 poterit
1076 658 1206 739 amplius
1229 677 1298 721 esse
1322 660 1352 721 in
1375 660 1415 734 D,

54 756 170 828 puncto
195 747 294 809 lineae
317 747 376 810 AO
400 766 563 827 apogaeae,
587 747 643 808 sed
665 747 755 810 cadet
776 748 948 809 necessario
972 747 1054 822 inF,
1077 756 1218 827 puuctum
1242 748 1341 810 lineae
1362 747 1415 810 CB

57 837 206 916 apheliae.
253 836 322 909 Quo
346 843 435 916 pacto
458 837 539 898 orbis
562 837 673 898 Martis
696 837 734 897 ad
765 836 902 898 dextram
934 836 1001 898 loco
1033 856 1087 898 suo
1117 837 1294 899 movebitur.
1346 836 1416 900 Etsi

60 926 152 1005 igitur
176 933 306 1007 utroque
327 925 425 1000 modo,
448 925 496 986 vel
517 925 543 986 si
557 927 594 999 D,
620 925 668 986 vel
693 926 758 987 siF
774 925 815 986 sit
834 934 967 988 centrum
992 925 1158 1001 ecceutrici,
1184 945 1303 1007 semper
1326 926 1417 989 iidem

60 1015 164 1094 anguli
198 1015 375 1097 aequalibus
406 1014 590 1096 temporibus
620 1014 708 1078 adC
742 1016 980 1079 constituentur:
1015 1023 1116 1079 tamon
1148 1035 1214 1078 oum
1245 1023 1271 1086 d
1300 1024 1417 1079 tantum

60 1104 176 1166 duobus
200 1103 280 1166 locis
303 1104 384 1174 circa
405 1105 434 1166 D
458 1111 489 1165 et
520 1103 648 1165 circaF
678 1123 818 1179 currens,
851 1104 1020 1188 aequaliter
1051 1113 1176 1187 utroque
1207 1100 1295 1167 modo
1326 1106 1364 1168 ab
1387 1107 1418 1168 A

61 1193 108 1254 vel
129 1195 158 1256 B
182 1201 393 1268 removeatur,
418 1193 527 1255 ceteris
550 1212 621 1255 vero
646 1193 721 1256 locis
745 1193 901 1270 omnibus,
932 1195 1010 1258 alias
1032 1213 1087 1276 per
1108 1196 1137 1258 D
1161 1204 1314 1269 centrum,
1339 1195 1417 1257 alias

58 1301 111 1362 per
134 1283 161 1344 F
184 1281 476 1356 distantiasfaciat,
499 1280 569 1344 hinc
592 1283 687 1344 oritur
710 1282 812 1364 aliqua
834 1284 1011 1363 parallaxis.
1052 1284 1131 1347 Nam
1154 1283 1235 1347 linea
1256 1285 1312 1347 DF
1334 1284 1418 1347 cadit

60 1373 142 1434 circa
165 1367 207 1434 2⁰
229 1386 274 1446 ee,
297 1371 397 1453 ibique
420 1371 504 1434 etin
527 1371 594 1433 loco
619 1371 756 1453 opposito
781 1373 916 1441 ostendit
942 1373 1104 1437 maximam
1131 1373 1309 1436 distantiam
1324 1373 1416 1436 ¹orbi-

59 1470 161 1522 tarum
175 1461 298 1523 Martis
335 1461 398 1523 Sed
421 1461 448 1522 si
471 1461 510 1522 ad
533 1468 690 1542 utrumque
714 1461 811 1524 locum
835 1470 871 1537 d,
895 1462 979 1524 etin
1002 1483 1062 1525 una
1089 1463 1173 1524 etin
1195 1463 1294 1524 altera
1318 1463 1418 1525 orbita

60 1550 234 1624 existentis,
259 1551 401 1612 linea-ex
422 1552 453 1613 A
476 1549 612 1625 dueatur,
636 1569 689 1620 eae
714 1551 790 1612 duae
813 1551 912 1614 lineae
936 1552 1066 1615 nondum
1089 1551 1250 1615 maximum
1274 1551 1417 1637 anguium
1502 1543 1505 1549 ’

62 1639 183 1713 facient,
208 1640 279 1720 quia
301 1639 344 1701 ibi
367 1639 562 1720 aequationes
585 1659 644 1701 uon
664 1648 735 1702 suut
757 1642 916 1705 maximae.
954 1642 989 1703 ln
1013 1641 1199 1720 longitudine
1221 1659 1293 1703 vero
1316 1640 1417 1703 media

60 1729 107 1788 vel
131 1747 246 1809 prope,
277 1747 346 1793 cum
367 1728 410 1790 sit
432 1728 529 1790 adhuc
552 1747 662 1807 magna
685 1728 850 1792 orbitarum
874 1738 899 1800 d
922 1730 1084 1805 distantia,
1107 1732 1142 1792 tit
1164 1731 1292 1810 angulus
1315 1729 1415 1792 dictus

60 1817 199 1879 variatae
222 1817 411 1899 aequationis
435 1817 565 1878 ecoeutri
593 1818 713 1880 circiter
736 1817 777 1881 5¹.
824 1821 860 1882 In
882 1819 1033 1901 parallaxi
1062 1839 1135 1881 vero
1169 1839 1268 1882 annua
1289 1814 1344 1881 42⁴
1368 1817 1418 1880 vel

60 1903 113 1969 45¹
136 1907 210 1968 hinc
233 1906 359 1968 conflari
382 1914 535 1987 poterunt.
635 1965 638 1969 ,

147 1996 221 2059 Erit
242 1996 345 2078 itaque
369 1995 596 2077 explorandum,
622 2016 660 2057 an
681 1996 856 2076 parallaxes
880 2016 996 2058 annuae
1019 1997 1096 2060 locis
1128 2016 1166 2058 ex
1195 1996 1253 2059 hac
1276 1995 1416 2077 specula-

61 2085 142 2147 tione
166 2085 392 2165 emergentibus
414 2093 529 2146 tautam
551 2085 750 2147 variationem
776 2086 896 2166 possint
928 2087 1026 2148 ferre?
1080 2085 1170 2160 Quod
1199 2086 1258 2148 etsi
1287 2086 1419 2149 noudum

61 2175 126 2255 ipae
148 2175 323 2254 exploravi,
346 2185 448 2237 tamen
471 2173 540 2254 quin
564 2174 617 2237 liat
639 2194 826 2256 nequaquam
849 2175 961 2237 dubito.
1008 2176 1087 2238 Nam
1109 2175 1167 2259 boc
1190 2174 1416 2238 evidentissime

62 2283 100 2324 ex
120 2264 335 2339 latitudinibus
359 2262 549 2345 acronycbiis
581 2263 681 2325 latiori
712 2265 800 2326 modo
832 2264 1033 2327 consideratis
1064 2264 1217 2346 apparuit,
1252 2263 1417 2326 distantias

62 2353 172 2416 llartis
197 2374 217 2414 a
238 2352 313 2417 Sole
338 2347 516 2426 (retuleram
537 2352 617 2449 enim
639 2353 817 2428 diametrum
840 2354 983 2424 nodorum
1007 2354 1046 2415 ad
1069 2355 1166 2435 ipsum
1190 2372 1299 2437 corpus
1316 2351 1418 2430 Solis,

64 2460 120 2504 nou
144 2443 185 2503 ad
208 2443 339 2504 medium
363 2444 459 2503 locum
482 2441 574 2517 Solis,
598 2443 677 2522 quod
701 2443 791 2503 etiam
815 2443 1027 2523 experiendum
1054 2443 1121 2518 erit,
1145 2463 1184 2504 au
1211 2462 1279 2524 esse
1302 2443 1418 2523 possit)

63 2533 214 2594 maximas
236 2531 301 2594 lieri
325 2531 406 2593 circa
429 2528 449 2592 2
472 2540 526 2592 aut
544 2527 563 2593 6
580 2541 622 2618 tp,
645 2551 705 2594 uon
728 2532 809 2594 circa
825 2528 868 2595 24
884 2537 917 2609 ii.
963 2533 1056 2613 quue
1079 2532 1203 2612 pulchre
1226 2552 1293 2612 cum
1314 2532 1414 2594 trian-

64 2622 134 2702 gulo
157 2621 376 2702 supraposito
399 2621 557 2683 consentit.
1312 2616 1317 2628 '

149 2710 205 2774 Sic
226 2709 403 2772 constitutis
425 2709 552 2783 tabulis,
575 2708 671 2790 primo
694 2705 905 2771 distantiarum
928 2708 1010 2772 Solis
1033 2730 1053 2770 a
1075 2711 1184 2785 Terra,
1207 2717 1279 2791 post
1300 2729 1427 2794 aequam

63 2801 177 2863 tionum
201 2799 349 2873 eccentri,
380 2799 545 2879 poterimus
568 2806 677 2880 postea
698 2800 841 2862 accedere
864 2799 905 2860 ad
927 2796 1191 2879 investigationem
1208 2800 1416 2881 proportionis

63 2891 153 2952 annui
175 2889 261 2952 orbis
284 2889 324 2950 ad
347 2889 449 2950 orbem
470 2888 600 2962 Martis,
624 2888 703 2969 quod
726 2889 785 2951 etsi
808 2888 937 2950 nondum
960 2888 1127 2950 certissime
1151 2897 1288 2965 constat,
1316 2897 1418 2952 tamen

64 2998 120 3041 uon
144 2980 239 3058 louge
261 2976 362 3041 aberit
384 2978 422 3039 ab
444 2977 501 3038 hac
523 2978 659 3050 ratione,
690 2984 725 3039 ut
753 2977 796 3039 sit
818 2977 1086 3048 semidiameterd
1119 2973 1257 3053 151580,
1285 2977 1419 3080 qualium

65 3068 289 3131 semidiameter
320 3067 431 3128 Terrae
467 3063 610 3143 100000;
644 3066 854 3130 eccontrioitas
881 3084 952 3127 vero
985 3065 1113 3148 simplex
1149 3062 1256 3132 14160
1282 3067 1417 3140 cursitem

66 3158 117 3220 sed
141 3177 210 3220 cum
232 3157 312 3221 hauc
335 3154 556 3231 constituerem,
581 3156 711 3218 nondum
734 3155 770 3216 de
795 3156 876 3218 Solis
900 3163 1046 3236 aequante
1070 3157 1157 3219 solvi.

152 3249 251 3310 Porro
265 3248 296 3309 in
310 3245 400 3309 modo
422 3244 625 3325 investigandi
643 3245 776 3309 notabile
794 3243 907 3326 aliquid
923 3245 1019 3307 altero
1035 3247 1191 3327 paschatis
1210 3245 1259 3308 die
1277 3243 1416 3313 auimade

66 3338 153 3412 verti,
177 3336 259 3417 quod
280 3355 336 3416 per
359 3335 540 3415 triangulum
563 3331 648 3397 ABO
673 3334 839 3415 explicabo.
1408 3413 1409 3417 Ἰ

154 3425 269 3500 Cfflg.
290 3432 318 3495 1)
341 3424 397 3488 Sol
419 3425 495 3505 ipse,
518 3425 544 3486 Β
568 3425 672 3498 Terra,
696 3425 836 3488 AMars.
875 3421 1006 3485 Dabitur
1028 3424 1120 3505 igitur
1143 3442 1180 3486 ex
1203 3429 1293 3485 autea
1314 3419 1418 3504 requi-

68 3515 135 3578 sitis
159 3515 216 3579 CB'
237 3515 278 3576 ad
302 3512 437 3594 singulos
461 3513 588 3594 apogaei
612 3513 739 3593 gradus,
762 3511 846 3577 BOA
869 3519 918 3574 est
939 3513 1067 3594 angulus
1090 3509 1343 3585 commutationis,
1368 3509 1418 3590 qui

66 3625 120 3685 per
141 3624 249 3681 verum
273 3604 371 3673 locum
394 3602 477 3677 Solis
501 3602 711 3676 constituatur,
734 3600 817 3664 Bac
846 3602 973 3681 angulus
999 3605 1203 3683 parallaxeos.
1249 3588 1312 3662 sed
1334 3599 1365 3661 Α
1388 3607 1420 3660 et

69 3693 221 3775 cauguli
245 3693 290 3756 sic
323 3700 394 3756 suut
424 3691 644 3756 constituendi:
675 3694 838 3770 tingamus,
871 3690 1014 3755 circulum
1043 3709 1182 3771 magnum
1197 3770 1200 3775 Ι
1213 3688 1342 3757 transire
1364 3702 1420 3769 per

70 3783 166 3846 locum
190 3783 275 3846 Solis
310 3781 480 3864 oppositum
504 3788 535 3842 et
556 3800 610 3862 per
642 3770 749 3862 eor'pus
770 3780 890 3842 Martis.
910 3838 913 3843 ,
936 3782 972 3843 In
1001 3780 1083 3844 illius
1115 3775 1218 3841 circuli
1249 3777 1339 3858 plano
1370 3785 1419 3840 est

71 3873 253 3953 triangulum
276 3866 370 3935 Bac.
416 3871 542 3934 Rectius
565 3871 596 3931 id
619 3869 808 3950 explicavero
831 3887 885 3949 per
908 3870 966 3932 duo
990 3869 1051 3931 alia
1073 3867 1235 3948 triangula.

155 3963 209 4026 Sit
233 3964 264 4025 D
297 3981 386 4023 verns
410 3960 493 4024 locus
508 3960 600 4023 Solis.
650 3948 706 4022 DE
737 3957 892 4039 ecliptica,
915 3960 970 4022 DF
1001 3957 1100 4020 orbita

10 4061 22 4163 'q
75 4051 190 4127 Martia
213 4052 268 4115 EF
283 4069 374 4114 meua
388 4049 492 4113 circuli
514 4050 615 4129 magui
628 4066 682 4128 per
703 4048 791 4128 polos
815 4047 972 4129 eclipticas
995 4055 1099 4108 trans·
1213 4026 1267 4095 ¹³¹⁸·
1286 4024 1312 4076 ²·
1420 4057 1425 4066 '
1641 4080 1647 4095 ·

74 4142 187 4218 euntis,
229 4141 391 4203 dimetiens
429 4128 653 4227 inplicationem
688 4136 770 4218 plani
800 4137 903 4199 Martii
934 4136 999 4216 ejus
1028 4135 1096 4198 loci.
1134 4154 1419 4221 utve
1497 4143 1498 4147 ’
1613 4180 1621 4196 ,

76 4231 167 4294 Datum
200 4248 274 4310 ergo
303 4230 357 4292 EF
386 4229 425 4290 ad
457 4247 571 4292 omnem
598 4247 617 4288 a
647 4226 735 4289 nodis
767 4226 952 4289 distantiam.
999 4225 1098 4287 Datur
1175 4154 1391 4380 k}

10 4338 12 4345 ·
76 4321 199 4384 etiamF
217 4320 303 4382 locus
319 4325 345 4389 d
360 4336 414 4398 per
437 4316 611 4383 distantiam
625 4336 644 4376 a
659 4316 737 4377 nodo
756 4322 961 4398 coaequatam.
992 4314 1095 4377 Facile

10 4466 16 4505 ι
77 4409 159 4489 igitur
181 4407 335 4472 invenitur
357 4407 501 4470 beneficio
523 4404 625 4486 auguli
647 4406 675 4468 E
697 4406 772 4469 recti
795 4403 921 4467 locusE
944 4403 975 4465 in
998 4404 1094 4486 eclip-

10 4511 25 4541 “-’
76 4499 137 4563 tica.
183 4500 270 4579 Ergo
292 4497 350 4561 ΕΙ)
373 4496 565 4560 commutatio
595 4494 709 4558 usitata
736 4494 809 4569 (uisi
838 4493 917 4574 quod
939 4494 969 4556 D
1001 4503 1050 4558 est
1081 4514 1170 4557 verus
1200 4494 1285 4558 loeus
1307 4495 1415 4569 Solia).

76 4588 204 4673 Denique
228 4586 323 4668 igitur
346 4606 384 4648 ex
406 4587 467 4660 ΒΕ,
490 4585 545 4647 ΕΙ)
569 4603 677 4667 quaere
696 4586 760 4660 FD,
784 4601 887 4646 veram
909 4583 1011 4663 anguli
1034 4582 1277 4671 commutationis
1300 4585 1416 4659 diruen-

79 4679 195 4754 sionem,
219 4676 326 4758 auguli
349 4676 415 4738 scil.
438 4673 523 4739 BOA
541 4678 606 4749 (lig.
627 4679 663 4745 l).
1005 4732 1009 4742 ,

152 4768 275 4835 Eodem
299 4765 388 4829 modo
411 4763 453 4826 sit
469 4763 534 4843 jarn
556 4765 583 4826 E
607 4764 691 4826 locus
714 4759 880 4841 eclipticus,
904 4762 944 4823 ad
967 4782 1053 4844 quem
1076 4761 1159 4824 visus
1183 4760 1266 4825 locus
1284 4769 1310 4832 0'
1325 4764 1416 4825 redu·
1440 4834 1442 4838 ¹

76 4859 150 4934 tiber.
207 4860 237 4924 F
268 4855 312 4920 sit
343 4855 426 4921 vaus
458 4854 552 4917 loeus·
573 4860 608 4925 ό.
663 4855 692 4916 D
720 4870 808 4914 verus
839 4852 994 4931 oppositus
1024 4848 1074 4930 Θ.
1127 4850 1224 4917 Datur
1255 4870 1328 4934 ergo
1358 4851 1420 4918 Eu
