3354 5504
546 266 576 316 de
596 265 783 319 Commentariis
801 263 831 319 dd
850 275 918 319 motu
933 269 1020 320 stellae
1038 269 1135 321 Martia.
1472 265 1519 335 51.

158 442 242 505 inter
273 441 436 521 aequantia
469 451 611 523 puuctum
635 452 666 506 et
693 453 827 509 centrum
861 446 940 508 orbis
971 449 1077 521 annui,
1109 448 1140 508 in
1173 446 1253 508 linea
1285 446 1354 509 alia.
1401 446 1517 508 Deinde

160 531 347 596 anomaliam
370 533 613 596 commutationis
638 534 729 596 efficit
751 555 810 596 non
834 536 961 598 circulus
985 536 1065 597 circa
1087 535 1255 617 putativum
1278 544 1411 597 centrum
1435 535 1515 606 orbis

165 621 287 700 magni,
319 621 374 682 sed
405 621 556 684 humilior.
603 614 681 684 Nam
714 624 744 685 id
776 634 909 686 centrum
941 625 1098 704 aequastis
1129 625 1251 686 Terreni
1282 633 1425 704 punctum
1458 633 1514 700 est,

162 720 303 773 centrum
334 729 405 772 vero
429 709 495 772 Soli
520 711 724 814 propinquius.
772 715 873 776 Tertio
899 715 935 775 de
960 715 1117 776 libratione
1145 714 1300 794 planorum
1325 722 1356 774 et
1380 673 1516 776 variabili
1546 749 1553 763 ·

163 799 362 862 inclinatione
396 802 528 880 comperi
551 801 624 863 nihil
648 821 726 863 esse.
773 803 822 864 Ita
845 803 1066 882 simplicissima
1090 803 1123 865 fit
1146 803 1263 864 theoria
1285 802 1413 877 Martis,
1443 822 1516 864 con-

162 899 250 951 stans
283 889 371 951 unico
405 889 515 952 circulo
546 891 575 951 in
605 891 744 972 periodos
777 892 922 968 singulas.
969 892 1097 953 Theoria
1130 891 1211 954 Solis
1242 893 1289 954 vel
1318 892 1429 953 Terrae
1459 891 1517 972 ipsi

163 980 255 1060 plane
280 977 314 1039 fit
337 978 454 1053 similis,
480 987 601 1042 constat
633 981 712 1042 enim
737 987 768 1040 et
791 982 859 1062 ipsa
882 989 1039 1062 aequante.
1084 982 1119 1043 In
1144 990 1269 1061 utroque
1299 981 1514 1042 demonstratio

162 1080 194 1130 et
218 1086 408 1129 numeromm
430 1071 598 1131 necessitas
621 1071 712 1149 cogit,
737 1078 771 1132 ut
794 1070 963 1132 dimidietur
994 1070 1203 1132 eccentricitas
1235 1071 1411 1149 composita,
1436 1069 1514 1151 qno'd

161 1158 359 1231 Ptolemaeus
384 1157 465 1225 fecit,
490 1159 549 1219 etsi
572 1158 638 1241 quis
662 1159 706 1220 ita
728 1161 881 1239 procedat,
907 1179 942 1222 ac
967 1161 994 1222 si
1017 1161 1133 1221 incerta
1156 1166 1239 1220 esset
1261 1157 1415 1238 proportio
1439 1178 1512 1238 par-

162 1248 259 1321 tium;
284 1266 353 1308 narn
372 1247 473 1329 Tycho
497 1248 527 1309 in
549 1248 648 1310 Marte
672 1249 759 1329 longa
784 1250 875 1312 aliam
898 1249 1085 1311 circellorum
1106 1247 1329 1328 proportionem
1352 1253 1512 1312 statuerat.

161 1338 250 1400 Haec
279 1345 380 1399 autem
411 1336 577 1400 dimidiatio
608 1339 837 1418 aequatiouibus
869 1337 951 1400 Solis
976 1360 994 1399 a
1017 1338 1157 1420 Tychone
1191 1337 1342 1416 usurpatis
1375 1337 1513 1416 nuspiam

162 1427 247 1488 ultra
269 1426 355 1487 nnius
379 1426 511 1505 scrupuli
534 1426 733 1488 differentiam
754 1428 853 1501 infert,
879 1427 906 1488 in
926 1427 1153 1508 aequationibus
1177 1445 1247 1486 vero
1271 1425 1408 1488 maximis
1432 1427 1512 1488 circa

164 1515 356 1596 aequinoctia
378 1514 468 1594 plane
493 1515 573 1577 nihil.
619 1517 670 1578 Ita
693 1525 795 1579 manet
817 1525 884 1578 tota
907 1515 1058 1579 restitutio
1076 1515 1158 1578 Solis
1176 1515 1356 1597 Tychouica,
1377 1520 1517 1577 tantum-'

164 1605 253 1667 modo
284 1623 428 1666 ascensus
452 1612 483 1667 et
506 1605 668 1667 descensus
692 1604 773 1667 Solis
807 1607 993 1679 minuuntur,
1028 1612 1060 1667 et
1082 1624 1135 1684 per
1158 1623 1343 1686 consequens
1372 1604 1535 1666 diametri

166 1694 249 1756 Solis
283 1693 459 1774 apparentis
483 1702 515 1756 et
537 1694 657 1756 umbrae
691 1694 828 1757 diametri
862 1695 989 1756 variatio
1012 1696 1047 1757 iit
1070 1695 1180 1768 minor,
1215 1694 1292 1774 quod
1321 1694 1350 1754 in
1384 1694 1510 1773 eclipses

165 1782 325 1854 redundat,
352 1782 468 1861 exiguo,
496 1791 529 1844 ut
552 1792 633 1862 puto,
657 1785 705 1845 vel
724 1784 831 1846 damno
856 1785 903 1845 vel
923 1786 1014 1847 lucro.
1051 1783 1107 1847 His
1132 1782 1331 1845 consideratis
1354 1782 1384 1844 in
1398 1782 1511 1847 duobus

164 1871 300 1953 planetis
323 1872 497 1950 supervenit
520 1872 686 1951 speculatio
710 1873 880 1954 invenitque
910 1893 1031 1935 causam
1059 1871 1216 1955 aequantis
1240 1891 1307 1933 esse
1332 1862 1412 1933 me're
1434 1870 1513 1951 phy-

164 1962 270 2031 sicam,
295 1969 451 2041 patentem
476 1969 574 2023 tamen
599 1962 832 2024 dimensionibus
856 1962 1056 2042 geometricis.
1094 1962 1172 2024 Nam
1196 1969 1230 2022 ut
1254 1960 1398 2023 distantia
1422 1979 1516 2040 quae-

166 2052 241 2113 libet
265 2051 305 2111 ad
338 2048 449 2122 aliam,
481 2050 524 2111 ita
552 2070 636 2113 mora
666 2052 806 2131 planetae
831 2051 858 2113 in
892 2061 1001 2132 puncto
1034 2051 1113 2113 illius
1147 2050 1310 2113 distantiae
1335 2051 1374 2112 ad
1403 2068 1543 2112 moram·

165 2139 272 2222 puncti
297 2139 422 2201 alterius
446 2139 619 2202 distantiae.

256 2226 391 2307 Cumque
414 2228 445 2290 in
470 2229 584 2291 duobus
616 2229 746 2309 planetis
769 2248 817 2290 res
842 2230 919 2292 ultro
944 2231 1142 2303 successerit,
1167 2228 1232 2290 sine
1256 2229 1319 2309 ulla
1346 2226 1447 2308 gratia
1470 2224 1517 2288 vel

164 2326 306 2399 respectu
340 2320 387 2390 (nt
417 2337 454 2379 ex
487 2319 550 2379 loro
581 2328 683 2397 petam
712 2318 854 2398 loquendi
884 2320 1010 2391 somnos)
1044 2338 1081 2380 ex
1113 2318 1203 2380 meris
1242 2315 1514 2389 observationibus,

165 2407 370 2469 mediantibus
395 2408 717 2470 demonstrationibus:
737 2407 802 2486 jam
825 2427 878 2487 spe
903 2408 1044 2470 devoravi
1067 2409 1207 2488 planetas
1231 2415 1348 2470 ceteros
1371 2413 1515 2467 venturos

164 2496 202 2558 ad
227 2496 350 2558 easdem
374 2496 477 2575 leges·
501 2496 599 2576 ipsum
622 2498 697 2559 adeo
720 2496 908 2559 Mercurium.
945 2497 1024 2558 Nam
1048 2497 1126 2577 quod
1145 2497 1296 2558 Venerem
1321 2494 1440 2569 attinet,
1418 2494 1516 2556 tille

165 2586 313 2658 circellus,
340 2604 396 2686 qno
412 2593 546 2672 centrum
569 2587 730 2649 eccentrici
743 2586 886 2662 variatur,
910 2587 1157 2649 manifestissime
1172 2587 1254 2649 cadit
1267 2605 1321 2665 per
1334 2584 1516 2688 positionem

165 2674 324 2756 aequantia
348 2674 377 2735 in
397 2673 479 2736 Sole.
518 2674 597 2737 Nam
621 2684 652 2738 et
671 2673 816 2738 dimensio
840 2675 985 2756 cougmit‚
1011 2675 1081 2737 dnm
1099 2675 1290 2737 Ptolemaeus
1314 2670 1380 2754 ejus
1404 2673 1517 2735 circelli
1554 2737 1559 2748 ,

166 2764 410 2827 semidiametron
436 2762 616 2828 fecittot:
643 2773 675 2826 at
698 2763 779 2827 Solis
803 2765 1059 2827 eccentricitatem
1082 2765 1160 2827 idem
1183 2760 1370 2844 ponit‚dlb
1396 2764 1517 2844 duplum

165 2853 254 2916 illins
304 2852 445 2914 Mercurii
468 2871 538 2916 vero
562 2856 644 2935 le'ges
672 2854 752 2916 illius
785 2853 896 2916 circelli
925 2854 1094 2917 contrariae
1127 2853 1322 2927 videbantur,
1354 2860 1516 2934 propterea

167 2943 237 3023 quia
260 2941 327 3021 ejus
352 2960 517 3022 apogaeum
540 2942 621 3005 Solis
644 2942 785 3023 perigaeo
809 2924 1028 3024 appiopinquat
1050 2944 1161 3023 magis,
1186 2944 1316 3006 Veneris
1344 2961 1415 3005 vero
1440 2961 1516 3022 apo-

167 3051 278 3113 gaeum
302 3026 383 3092 Solis
408 3049 552 3110 apogaeo.
1525 3082 1529 3091 .

256 3118 321 3182 Sed
344 3127 379 3181 nt
400 3120 432 3181 hi
455 3120 611 3184 inferiores
636 3122 674 3183 ad
698 3140 832 3183 normam
855 3119 1041 3200 superiorum
1064 3121 1220 3202 quadrent,
1245 3141 1318 3202 opus
1342 3126 1390 3183 est
1412 3124 1514 3181 muta-

168 3211 248 3274 tione
272 3210 526 3286 nomenclaturae,
551 3230 616 3273 cum
641 3209 700 3289 ipsi
723 3210 837 3273 numeri
866 3220 897 3273 et
921 3211 1017 3272 forma
1047 3220 1179 3273 motuum
1209 3220 1350 3273 mutetur.
1394 3208 1515 3270 Etenim
1560 3244 1562 3248 >
1613 3218 1617 3229 '

165 3299 227 3402 qni
238 3296 396 3361 dicebatur
418 3299 499 3379 apud
520 3298 725 3362 Ptolemaeum
754 3300 990 3362 eccentricns
1020 3299 1186 3374 illorum,'
1177 3321 1204 3362 rs
1228 3310 1277 3362 est
1300 3307 1331 3361 et
1354 3298 1456 3372 manet
1479 3303 1513 3359 ut
1598 3353 1602 3362 .

165 3389 193 3451 in
217 3377 387 3468 Copernico
411 3388 513 3451 orbis
537 3409 679 3453 annuus
703 3389 866 3467 communis
890 3389 1040 3451 omnibus:
1070 3389 1119 3470 qui
1141 3410 1212 3453 varo
1235 3390 1409 3453 Ptolemaeo
1433 3385 1509 3466 epi·
1587 3384 1590 3390 ’

166 3476 403 3581 cyclusepam
427 3477 542 3541 dicetur
566 3478 808 3541 eccentricns.
845 3479 925 3541 Nam
948 3497 979 3540 rc
1003 3479 1137 3541 verailli
1161 3480 1257 3553 orbes,
1283 3476 1409 3559 quihus
1434 3475 1509 3538 duos

164 3568 244 3630 circa
266 3565 371 3629 Solem
393 3567 515 3643 vehunt,
540 3589 578 3631 ex
600 3566 672 3649 Sole
696 3567 856 3631 eccentrici
878 3576 950 3630 snut
972 3576 1004 3630 et
1023 3589 1115 3630 causa
1138 3568 1242 3632 eadem
1264 3565 1388 3649 physica
1411 3563 1511 3649 parti-

166 3657 278 3737 cipant,
303 3663 336 3717 ιιι
351 3664 462 3737 quanto
486 3658 581 3738 magis
605 3665 675 3720 sunt
697 3657 867 3732 eccentrici,
891 3665 977 3719 tanto
999 3659 1072 3721 fiant
1095 3658 1242 3721 tardiores
1261 3658 1292 3718 in
1310 3653 1429 3738 aphelio
1444 3675 1509 3719 sno.
1570 3673 1573 3681 ·
1602 3675 1606 3684 ⁴

167 3744 251 3817 Quae
275 3763 326 3807 res
350 3764 416 3807 cum
438 3745 469 3807 in
492 3748 611 3823 Venere
636 3745 744 3826 exigna
766 3745 815 3821 sit,
840 3766 946 3827 parum
969 3749 1034 3828 ejus
1058 3747 1306 3810 commutationes
1330 3745 1451 3819 tnrbat;
1477 3745 1513 3828 ¹in

165 3834 315 3897 Mercurio
340 3852 410 3895 vero
433 3835 509 3899 haec
533 3836 657 3919 epicycli
679 3856 732 3898 seu
754 3836 816 3915 jam
839 3837 998 3901 eccentrici
1020 3837 1164 3898 velocitas
1188 3843 1219 3897 et
1242 3835 1371 3898 tarditas
1395 3843 1512 3898 tantum

166 3931 278 4004 potest,
303 3931 339 3986 ut
361 3923 431 3986 dnm
455 3925 590 4006 aequalis
614 3925 643 3986 in
668 3945 703 3987 eo
726 3933 825 3988 motus
849 3926 985 4007 ponitur,
1016 3925 1164 4004 triangulo
1198 3944 1270 3988 snas
1300 3923 1424 4005 apsidas
1447 3924 1512 3986 dis·

167 4032 276 4094 ponere
309 4020 440 4094 putetur.
487 4016 572 4077 Haec
599 4015 740 4078 ncndnm'
758 4014 857 4076 omnia
889 4013 1148 4079 observationibus
1180 4014 1310 4095 probata
1338 4021 1424 4089 sunt,
1459 4013 1526 4076 sed·

167 4100 312 4184 exemplis
343 4120 463 4179 eornm,
497 4123 572 4186 qnae
599 4104 664 4185 jam
696 4112 766 4169 sunt
797 4103 980 4180 constituta,
1011 4123 1081 4184 spes
1111 4103 1241 4182 optimae
1277 4103 1511 4186 quaerendomm

166 4198 376 4272 suggeruntur.
422 4189 492 4256 Jam
515 4192 595 4256 euim
616 4192 672 4256 hoc
695 4192 725 4255 in
747 4201 871 4274 utroque
899 4194 999 4275 patuit
1021 4211 1058 4254 ex
1082 4190 1354 4269 observationibus,
1383 4191 1511 4255 inclina-

168 4280 265 4343 tiones
298 4280 427 4344 retinere
461 4283 582 4347 easdem
612 4282 720 4346 iisdem
757 4283 916 4345 eccentrici
950 4281 1090 4364 (epicycli
1123 4283 1253 4365 antiqui)
1286 4283 1332 4345 sui
1363 4281 1508 4363 partibus,
1538 4351 1540 4356 .

167 4369 333 4450 ubicunqne
365 4369 459 4434 Terra
490 4372 541 4434 sit.
593 4370 737 4454 Adeoque
767 4372 830 4452 jam
863 4373 900 4434 de
930 4373 1032 4435 fraeno
1065 4379 1097 4433 ιι
1127 4373 1277 4454 ephippio
1296 4373 1411 4454 cogito,
1443 4389 1510 4433 cum
1578 4430 1583 4443 ,

167 4459 297 4523 nondum
320 4459 357 4522 de
382 4478 457 4539 equo
480 4461 537 4526 sim
560 4468 670 4524 certus.
715 4462 855 4523 Formam
877 4461 997 4542 inquam
1028 4461 1135 4525 calculi
1164 4463 1301 4526 meditor·
1347 4458 1509 4525 Anomalia
1588 4534 1594 4559 ,

168 4547 296 4630 simplici
319 4568 378 4609 non
403 4569 486 4631 egeo,
518 4570 584 4612 cnm
607 4550 661 4612 illa
682 4549 757 4612 nihil
778 4550 820 4612 sit
842 4549 899 4611 nisi
922 4558 1058 4631 tempus:
1091 4552 1217 4631 primum
1245 4568 1315 4630 ergo
1340 4569 1405 4613 cum
1430 4557 1507 4612 te'm-

167 4657 234 4720 pore
257 4631 395 4720 proxime
418 4640 526 4703 minori
548 4659 637 4720 quam
660 4647 708 4701 est
729 4640 915 4720 propositum
938 4659 975 4701 ex
999 4640 1078 4703 senis
1103 4641 1213 4704 tabulis
1241 4660 1315 4702 sena
1342 4639 1409 4702 loca
1432 4657 1507 4720 apo-

168 4744 309 4809 gaeomm
333 4747 386 4790 sen
410 4730 596 4811 apheliorum
620 4737 823 4810 excerpentnr.
869 4729 975 4791 Inde
967 4750 997 4792 m
1021 4730 1089 4794 aliis
1113 4729 1192 4792 senis
1216 4728 1326 4792 tabulis
1351 4728 1403 4801 (de
1421 4728 1508 4791 Luna

169 4817 241 4880 enim
265 4816 329 4880 alia
351 4836 401 4882 res
424 4822 487 4895 est)
511 4838 577 4883 cum
605 4825 739 4900 tempore
761 4817 893 4899 proxime
921 4819 1028 4883 minori
1050 4839 1140 4902 qnam
1163 4826 1211 4882 est
1232 4836 1331 4881 meum
1359 4818 1508 4888 residuum

1254 4921 1352 4976 Μ’
