<?xml version="1.0" encoding="UTF-8"?>
<!DOCTYPE html PUBLIC "-//W3C//DTD XHTML 1.0 Transitional//EN"
    "http://www.w3.org/TR/xhtml1/DTD/xhtml1-transitional.dtd">
<html xmlns="http://www.w3.org/1999/xhtml" xml:lang="en" lang="en">
 <head>
  <title>
</title>
<meta http-equiv="Content-Type" content="text/html;charset=utf-8" />
  <meta name='ocr-system' content='tesseract 3.04.00' />
  <meta name='ocr-capabilities' content='ocr_page ocr_carea ocr_par ocr_line ocrx_word'/>
</head>
<body>
  <div class='ocr_page' id='page_1' title='image "./joanniskepleria14frisgoog_0027.png"; bbox 0 0 3354 5504; ppageno 0'>
   <div class='ocr_carea' id='block_1_1' title="bbox 647 282 1399 356">
    <p class='ocr_par' dir='ltr' id='par_1_1' title="bbox 647 282 1399 356">
     <span class='ocr_line' id='line_1_1' title="bbox 647 282 1399 356; baseline 0 -20"><span class='ocrx_word' id='word_1_1' title='bbox 647 282 810 337; x_wconf 67' lang='lat' dir='ltr'><strong>mosomum.</strong></span> <span class='ocrx_word' id='word_1_2' title='bbox 1360 286 1399 356; x_wconf 77' lang='lat'><strong>17</strong></span> 
     </span>
    </p>
   </div>
   <div class='ocr_carea' id='block_1_2' title="bbox 53 462 1409 943">
    <p class='ocr_par' dir='ltr' id='par_1_2' title="bbox 53 462 1403 699">
     <span class='ocr_line' id='line_1_2' title="bbox 53 462 1401 544; baseline 0.002 -22"><span class='ocrx_word' id='word_1_3' title='bbox 53 466 97 522; x_wconf 79' lang='lat'><strong>24.</strong></span> <span class='ocrx_word' id='word_1_4' title='bbox 131 468 180 521; x_wconf 81' lang='lat' dir='ltr'><strong>Ex</strong></span> <span class='ocrx_word' id='word_1_5' title='bbox 200 467 254 520; x_wconf 89' lang='lat' dir='ltr'><strong>boc</strong></span> <span class='ocrx_word' id='word_1_6' title='bbox 279 462 460 527; x_wconf 69' lang='lat' dir='ltr'><strong>mndamento</strong></span> <span class='ocrx_word' id='word_1_7' title='bbox 488 466 620 521; x_wconf 89' lang='lat' dir='ltr'><strong>habemns</strong></span> <span class='ocrx_word' id='word_1_8' title='bbox 648 472 787 521; x_wconf 85' lang='lat' dir='ltr'><strong>correctas</strong></span> <span class='ocrx_word' id='word_1_9' title='bbox 814 465 961 523; x_wconf 72' lang='lat' dir='ltr'><strong>distantias</strong></span> <span class='ocrx_word' id='word_1_10' title='bbox 982 472 1015 537; x_wconf 74' lang='grc' dir='ltr'>Θ</span> <span class='ocrx_word' id='word_1_11' title='bbox 1037 468 1062 542; x_wconf 69' lang='grc' dir='ltr'><em>ὃ</em></span> <span class='ocrx_word' id='word_1_12' title='bbox 1085 471 1120 523; x_wconf 85' lang='lat' dir='ltr'><strong>ad</strong></span> <span class='ocrx_word' id='word_1_13' title='bbox 1140 471 1243 541; x_wconf 81' lang='lat' dir='ltr'><strong>gradm</strong></span> <span class='ocrx_word' id='word_1_14' title='bbox 1270 470 1401 544; x_wconf 86' lang='lat' dir='ltr'><strong>singulos,</strong></span> 
     </span>
     <span class='ocr_line' id='line_1_3' title="bbox 131 546 1403 624; baseline 0.005 -24"><span class='ocrx_word' id='word_1_15' title='bbox 131 565 193 602; x_wconf 92' lang='lat' dir='ltr'><strong>cnm</strong></span> <span class='ocrx_word' id='word_1_16' title='bbox 214 546 383 617; x_wconf 70' lang='lat' dir='ltr'><strong>aequatione</strong></span> <span class='ocrx_word' id='word_1_17' title='bbox 403 547 531 610; x_wconf 88' lang='lat' dir='ltr'><strong>eccentri,</strong></span> <span class='ocrx_word' id='word_1_18' title='bbox 553 546 633 601; x_wconf 89' lang='lat' dir='ltr'><strong>simul</strong></span> <span class='ocrx_word' id='word_1_19' title='bbox 647 555 676 602; x_wconf 88' lang='lat' dir='ltr'><strong>et</strong></span> <span class='ocrx_word' id='word_1_20' title='bbox 690 547 834 603; x_wconf 79' lang='lat' dir='ltr'><strong>artificium</strong></span> <span class='ocrx_word' id='word_1_21' title='bbox 848 549 1022 603; x_wconf 88' lang='lat' dir='ltr'><strong>construendi</strong></span> <span class='ocrx_word' id='word_1_22' title='bbox 1042 549 1098 603; x_wconf 84' lang='lat' dir='ltr'><strong>ista</strong></span> <span class='ocrx_word' id='word_1_23' title='bbox 1117 550 1236 607; x_wconf 78' lang='lat' dir='ltr'><strong>faciliter</strong></span> <span class='ocrx_word' id='word_1_24' title='bbox 1251 552 1285 605; x_wconf 87' lang='lat' dir='ltr'><strong>ad</strong></span> <span class='ocrx_word' id='word_1_25' title='bbox 1299 554 1403 624; x_wconf 86' lang='lat' dir='ltr'><strong>gradus</strong></span> 
     </span>
     <span class='ocr_line' id='line_1_4' title="bbox 131 626 629 699; baseline -0.002 -17"><span class='ocrx_word' id='word_1_26' title='bbox 131 634 302 699; x_wconf 84' lang='lat' dir='ltr'><strong>coaequatos</strong></span> <span class='ocrx_word' id='word_1_27' title='bbox 325 626 480 681; x_wconf 79' lang='lat' dir='ltr'><strong>anomaliae</strong></span> <span class='ocrx_word' id='word_1_28' title='bbox 501 627 629 682; x_wconf 89' lang='lat' dir='ltr'><strong>eccentri.</strong></span> 
     </span>
    </p>

    <p class='ocr_par' dir='ltr' id='par_1_3' title="bbox 53 674 1409 858">
     <span class='ocr_line' id='line_1_5' title="bbox 53 674 1401 781; baseline 0.002 -18.002"><span class='ocrx_word' id='word_1_29' title='bbox 53 708 101 763; x_wconf 77' lang='lat'><strong>25.</strong></span> <span class='ocrx_word' id='word_1_30' title='bbox 134 707 403 768; x_wconf 86' lang='lat' dir='ltr'><strong>Demonstrabimus‚</strong></span> <span class='ocrx_word' id='word_1_31' title='bbox 426 706 471 761; x_wconf 88' lang='lat' dir='ltr'><strong>usi</strong></span> <span class='ocrx_word' id='word_1_32' title='bbox 486 707 637 778; x_wconf 80' lang='lat' dir='ltr'><strong>hypothesi</strong></span> <span class='ocrx_word' id='word_1_33' title='bbox 661 707 843 772; x_wconf 80' lang='lat' dir='ltr'><strong>Ptolemaios,</strong></span> <span class='ocrx_word' id='word_1_34' title='bbox 872 710 942 779; x_wconf 91' lang='lat' dir='ltr'><strong>quod</strong></span> <span class='ocrx_word' id='word_1_35' title='bbox 972 674 1237 779; x_wconf 82' lang='lat' dir='ltr'><strong>prosthaphaereses</strong></span> <span class='ocrx_word' id='word_1_36' title='bbox 1264 711 1401 781; x_wconf 80' lang='lat' dir='ltr'><strong>Tychonis</strong></span> 
     </span>
     <span class='ocr_line' id='line_1_6' title="bbox 135 788 1409 858; baseline 0.002 -16"><span class='ocrx_word' id='word_1_37' title='bbox 135 788 263 858; x_wconf 77' lang='lat' dir='ltr'><strong>nuspiam</strong></span> <span class='ocrx_word' id='word_1_38' title='bbox 283 789 361 842; x_wconf 91' lang='lat' dir='ltr'><strong>ultra</strong></span> <span class='ocrx_word' id='word_1_39' title='bbox 381 804 462 841; x_wconf 91' lang='lat' dir='ltr'><strong>unum</strong></span> <span class='ocrx_word' id='word_1_40' title='bbox 482 789 637 858; x_wconf 89' lang='lat' dir='ltr'><strong>scrupulum</strong></span> <span class='ocrx_word' id='word_1_41' title='bbox 659 791 812 844; x_wconf 80' lang='lat' dir='ltr'><strong>turbentur.</strong></span> <span class='ocrx_word' id='word_1_42' title='bbox 1404 844 1409 854; x_wconf 84' lang='grc'>,</span> 
     </span>
    </p>

    <p class='ocr_par' dir='ltr' id='par_1_4' title="bbox 54 866 1402 943">
     <span class='ocr_line' id='line_1_7' title="bbox 54 866 1402 943; baseline 0.001 -19"><span class='ocrx_word' id='word_1_43' title='bbox 54 866 100 925; x_wconf 84' lang='grc'><strong>26.</strong></span> <span class='ocrx_word' id='word_1_44' title='bbox 135 871 180 923; x_wconf 81' lang='lat' dir='ltr'><strong>ad</strong></span> <span class='ocrx_word' id='word_1_45' title='bbox 200 867 362 923; x_wconf 84' lang='lat' dir='ltr'><strong>ulteriorem</strong></span> <span class='ocrx_word' id='word_1_46' title='bbox 382 868 572 938; x_wconf 87' lang='lat' dir='ltr'><strong>probationem</strong></span> <span class='ocrx_word' id='word_1_47' title='bbox 591 869 803 924; x_wconf 83' lang='lat' dir='ltr'><strong>ecoentrinitatis</strong></span> <span class='ocrx_word' id='word_1_48' title='bbox 824 867 971 923; x_wconf 84' lang='lat' dir='ltr'><strong>dimidiae</strong></span> <span class='ocrx_word' id='word_1_49' title='bbox 964 887 992 922; x_wconf 89' lang='grc' dir='ltr'><strong>ιιι</strong></span> <span class='ocrx_word' id='word_1_50' title='bbox 1005 869 1079 933; x_wconf 84' lang='lat' dir='ltr'><strong>Sole,</strong></span> <span class='ocrx_word' id='word_1_51' title='bbox 1101 876 1131 924; x_wconf 91' lang='lat' dir='ltr'><strong>et</strong></span> <span class='ocrx_word' id='word_1_52' title='bbox 1145 869 1225 926; x_wconf 90' lang='lat' dir='ltr'><strong>simul</strong></span> <span class='ocrx_word' id='word_1_53' title='bbox 1246 888 1279 925; x_wconf 90' lang='lat' dir='ltr'><strong>ne</strong></span> <span class='ocrx_word' id='word_1_54' title='bbox 1301 887 1402 943; x_wconf 86' lang='lat' dir='ltr'><strong>aequa·</strong></span> 
     </span>
    </p>
   </div>
   <div class='ocr_carea' id='block_1_3' title="bbox 57 947 1405 4781">
    <p class='ocr_par' dir='ltr' id='par_1_5' title="bbox 133 947 1404 1325">
     <span class='ocr_line' id='line_1_8' title="bbox 135 947 1402 1021; baseline 0.004 -19"><span class='ocrx_word' id='word_1_55' title='bbox 135 949 245 1016; x_wconf 70' lang='lat' dir='ltr'><strong>tionid</strong></span> <span class='ocrx_word' id='word_1_56' title='bbox 266 947 296 1002; x_wconf 92' lang='lat' dir='ltr'><strong>in</strong></span> <span class='ocrx_word' id='word_1_57' title='bbox 315 948 369 1002; x_wconf 91' lang='lat' dir='ltr'><strong>hoc</strong></span> <span class='ocrx_word' id='word_1_58' title='bbox 388 947 500 1020; x_wconf 86' lang='lat' dir='ltr'><strong>negotio</strong></span> <span class='ocrx_word' id='word_1_59' title='bbox 515 948 611 1003; x_wconf 90' lang='lat' dir='ltr'><strong>subtili</strong></span> <span class='ocrx_word' id='word_1_60' title='bbox 626 951 737 1003; x_wconf 88' lang='lat' dir='ltr'><strong>credere</strong></span> <span class='ocrx_word' id='word_1_61' title='bbox 755 965 893 1021; x_wconf 89' lang='lat' dir='ltr'><strong>cogamur,</strong></span> <span class='ocrx_word' id='word_1_62' title='bbox 916 965 996 1019; x_wconf 92' lang='lat' dir='ltr'><strong>quam</strong></span> <span class='ocrx_word' id='word_1_63' title='bbox 1011 965 1096 1018; x_wconf 88' lang='lat' dir='ltr'><strong>snpra</strong></span> <span class='ocrx_word' id='word_1_64' title='bbox 1109 967 1167 1007; x_wconf 86' lang='lat' dir='ltr'><strong>nro.</strong></span> <span class='ocrx_word' id='word_1_65' title='bbox 1184 950 1229 1007; x_wconf 82' lang='lat'><strong>18.</strong></span> <span class='ocrx_word' id='word_1_66' title='bbox 1246 959 1402 1020; x_wconf 74' lang='lat' dir='ltr'><strong>suspectam</strong></span> 
     </span>
     <span class='ocr_line' id='line_1_9' title="bbox 133 1028 1404 1103; baseline 0.003 -19"><span class='ocrx_word' id='word_1_67' title='bbox 133 1029 355 1093; x_wconf 84' lang='lat' dir='ltr'><strong>reddideramus,</strong></span> <span class='ocrx_word' id='word_1_68' title='bbox 385 1029 491 1099; x_wconf 78' lang='lat' dir='ltr'><strong>aliquot</strong></span> <span class='ocrx_word' id='word_1_69' title='bbox 518 1028 581 1083; x_wconf 87' lang='lat' dir='ltr'><strong>aliis</strong></span> <span class='ocrx_word' id='word_1_70' title='bbox 610 1029 745 1100; x_wconf 85' lang='lat' dir='ltr'><strong>exemplis</strong></span> <span class='ocrx_word' id='word_1_71' title='bbox 765 1029 836 1083; x_wconf 88' lang='lat' dir='ltr'><strong>idem</strong></span> <span class='ocrx_word' id='word_1_72' title='bbox 862 1030 981 1100; x_wconf 83' lang='lat' dir='ltr'><strong>probare</strong></span> <span class='ocrx_word' id='word_1_73' title='bbox 1010 1029 1213 1101; x_wconf 72' lang='lat' dir='ltr'><strong>aggrediemur.</strong></span> <span class='ocrx_word' id='word_1_74' title='bbox 1255 1031 1316 1095; x_wconf 83' lang='lat' dir='ltr'><strong>Ubi,</strong></span> <span class='ocrx_word' id='word_1_75' title='bbox 1339 1032 1404 1103; x_wconf 92' lang='lat' dir='ltr'><strong>quia</strong></span> 
     </span>
     <span class='ocr_line' id='line_1_10' title="bbox 134 1108 1400 1180; baseline 0.002 -18"><span class='ocrx_word' id='word_1_76' title='bbox 134 1108 376 1169; x_wconf 78' lang='lat' dir='ltr'><strong>observationibus</strong></span> <span class='ocrx_word' id='word_1_77' title='bbox 396 1125 457 1164; x_wconf 92' lang='lat' dir='ltr'><strong>cum</strong></span> <span class='ocrx_word' id='word_1_78' title='bbox 470 1108 616 1164; x_wconf 89' lang='lat' dir='ltr'><strong>latitudine</strong></span> <span class='ocrx_word' id='word_1_79' title='bbox 636 1110 715 1164; x_wconf 92' lang='lat' dir='ltr'><strong>nobis</strong></span> <span class='ocrx_word' id='word_1_80' title='bbox 730 1126 798 1180; x_wconf 90' lang='lat' dir='ltr'><strong>opus</strong></span> <span class='ocrx_word' id='word_1_81' title='bbox 813 1117 864 1173; x_wconf 89' lang='lat' dir='ltr'><strong>est,</strong></span> <span class='ocrx_word' id='word_1_82' title='bbox 886 1109 1032 1179; x_wconf 88' lang='lat' dir='ltr'><strong>dupliciter</strong></span> <span class='ocrx_word' id='word_1_83' title='bbox 1044 1109 1108 1164; x_wconf 89' lang='lat' dir='ltr'><strong>illas</strong></span> <span class='ocrx_word' id='word_1_84' title='bbox 1123 1126 1222 1165; x_wconf 77' lang='lat' dir='ltr'><strong>carere</strong></span> <span class='ocrx_word' id='word_1_85' title='bbox 1236 1111 1400 1175; x_wconf 87' lang='lat' dir='ltr'><strong>docebimus,</strong></span> 
     </span>
     <span class='ocr_line' id='line_1_11' title="bbox 137 1189 1402 1261; baseline 0.005 -19"><span class='ocrx_word' id='word_1_86' title='bbox 137 1192 183 1244; x_wconf 83' lang='lat' dir='ltr'><strong>vel</strong></span> <span class='ocrx_word' id='word_1_87' title='bbox 209 1207 262 1260; x_wconf 89' lang='lat' dir='ltr'><strong>per</strong></span> <span class='ocrx_word' id='word_1_88' title='bbox 286 1189 481 1243; x_wconf 78' lang='lat' dir='ltr'><strong>correctionem</strong></span> <span class='ocrx_word' id='word_1_89' title='bbox 508 1191 618 1261; x_wconf 83' lang='lat' dir='ltr'><strong>anguli,</strong></span> <span class='ocrx_word' id='word_1_90' title='bbox 647 1191 692 1244; x_wconf 82' lang='lat' dir='ltr'><strong>vel</strong></span> <span class='ocrx_word' id='word_1_91' title='bbox 717 1207 768 1260; x_wconf 88' lang='lat' dir='ltr'><strong>per</strong></span> <span class='ocrx_word' id='word_1_92' title='bbox 794 1206 890 1243; x_wconf 90' lang='lat' dir='ltr'><strong>conum</strong></span> <span class='ocrx_word' id='word_1_93' title='bbox 920 1190 1059 1244; x_wconf 77' lang='lat' dir='ltr'><strong>scalenum</strong></span> <span class='ocrx_word' id='word_1_94' title='bbox 1095 1196 1126 1244; x_wconf 87' lang='lat' dir='ltr'><strong>et</strong></span> <span class='ocrx_word' id='word_1_95' title='bbox 1151 1191 1345 1247; x_wconf 86' lang='lat' dir='ltr'><strong>correctionem</strong></span> <span class='ocrx_word' id='word_1_96' title='bbox 1375 1193 1402 1248; x_wconf 91' lang='lat' dir='ltr'><strong>in</strong></span> 
     </span>
     <span class='ocr_line' id='line_1_12' title="bbox 135 1269 520 1325; baseline -0.005 0"><span class='ocrx_word' id='word_1_97' title='bbox 135 1273 191 1325; x_wconf 86' lang='lat' dir='ltr'><strong>hue</strong></span> <span class='ocrx_word' id='word_1_98' title='bbox 210 1269 361 1325; x_wconf 67' lang='lat' dir='ltr'><strong>damase</strong></span> <span class='ocrx_word' id='word_1_99' title='bbox 382 1269 520 1325; x_wconf 73' lang='lat' dir='ltr'><strong>inventae.</strong></span> 
     </span>
    </p>

    <p class='ocr_par' dir='ltr' id='par_1_6' title="bbox 57 1349 1402 1583">
     <span class='ocr_line' id='line_1_13' title="bbox 57 1349 1402 1423; baseline 0.002 -18"><span class='ocrx_word' id='word_1_100' title='bbox 57 1351 104 1406; x_wconf 86' lang='grc'><strong>27.</strong></span> <span class='ocrx_word' id='word_1_101' title='bbox 139 1353 220 1422; x_wconf 83' lang='lat' dir='ltr'><strong>Ergo</strong></span> <span class='ocrx_word' id='word_1_102' title='bbox 239 1349 371 1405; x_wconf 83' lang='lat' dir='ltr'><strong>adhibitis</strong></span> <span class='ocrx_word' id='word_1_103' title='bbox 386 1349 523 1405; x_wconf 78' lang='lat' dir='ltr'><strong>distantiis</strong></span> <span class='ocrx_word' id='word_1_104' title='bbox 537 1349 710 1405; x_wconf 73' lang='lat' dir='ltr'><strong>Solamhus</strong></span> <span class='ocrx_word' id='word_1_105' title='bbox 696 1366 757 1420; x_wconf 81' lang='lat' dir='ltr'><strong>Jsm</strong></span> <span class='ocrx_word' id='word_1_106' title='bbox 770 1351 934 1414; x_wconf 86' lang='lat' dir='ltr'><strong>constitutis.</strong></span> <span class='ocrx_word' id='word_1_107' title='bbox 950 1351 1010 1405; x_wconf 85' lang='lat' dir='ltr'><strong>viee</strong></span> <span class='ocrx_word' id='word_1_108' title='bbox 1024 1364 1106 1403; x_wconf 83' lang='lat' dir='ltr'><strong>versa</strong></span> <span class='ocrx_word' id='word_1_109' title='bbox 1117 1351 1294 1420; x_wconf 88' lang='lat' dir='ltr'><strong>probabimus</strong></span> <span class='ocrx_word' id='word_1_110' title='bbox 1307 1355 1402 1423; x_wconf 87' lang='lat' dir='ltr'><strong>paral·</strong></span> 
     </span>
     <span class='ocr_line' id='line_1_14' title="bbox 135 1430 1400 1501; baseline 0.002 -17"><span class='ocrx_word' id='word_1_111' title='bbox 135 1433 218 1484; x_wconf 87' lang='lat' dir='ltr'><strong>laxes</strong></span> <span class='ocrx_word' id='word_1_112' title='bbox 239 1430 436 1484; x_wconf 80' lang='lat' dir='ltr'><strong>observatas&#39;</strong></span> <span class='ocrx_word' id='word_1_113' title='bbox 428 1449 456 1485; x_wconf 87' lang='grc' dir='ltr'><strong>ιιι</strong></span> <span class='ocrx_word' id='word_1_114' title='bbox 477 1433 571 1484; x_wconf 89' lang='lat' dir='ltr'><strong>eodem</strong></span> <span class='ocrx_word' id='word_1_115' title='bbox 596 1430 740 1484; x_wconf 87' lang='lat' dir='ltr'><strong>eccentrici</strong></span> <span class='ocrx_word' id='word_1_116' title='bbox 764 1433 839 1497; x_wconf 89' lang='lat' dir='ltr'><strong>loco,</strong></span> <span class='ocrx_word' id='word_1_117' title='bbox 862 1433 969 1496; x_wconf 87' lang='lat' dir='ltr'><strong>addito,</strong></span> <span class='ocrx_word' id='word_1_118' title='bbox 996 1437 1126 1501; x_wconf 86' lang='lat' dir='ltr'><strong>quantum</strong></span> <span class='ocrx_word' id='word_1_119' title='bbox 1150 1431 1250 1487; x_wconf 70' lang='lat' dir='ltr'><strong>brisset</strong></span> <span class='ocrx_word' id='word_1_120' title='bbox 1270 1441 1400 1497; x_wconf 84' lang='lat' dir='ltr'><strong>erratum,</strong></span> 
     </span>
     <span class='ocr_line' id='line_1_15' title="bbox 136 1509 1325 1583; baseline 0.004 -19"><span class='ocrx_word' id='word_1_121' title='bbox 136 1513 159 1564; x_wconf 89' lang='lat' dir='ltr'><strong>si</strong></span> <span class='ocrx_word' id='word_1_122' title='bbox 182 1512 228 1564; x_wconf 94' lang='grc' dir='ltr'><strong>ιιι</strong></span> <span class='ocrx_word' id='word_1_123' title='bbox 248 1518 310 1565; x_wconf 86' lang='lat' dir='ltr'><strong>tota</strong></span> <span class='ocrx_word' id='word_1_124' title='bbox 330 1510 521 1566; x_wconf 83' lang='lat' dir='ltr'><strong>eccentricitas</strong></span> <span class='ocrx_word' id='word_1_125' title='bbox 541 1510 621 1574; x_wconf 82' lang='lat' dir='ltr'><strong>Solis,</strong></span> <span class='ocrx_word' id='word_1_126' title='bbox 643 1512 688 1564; x_wconf 86' lang='lat' dir='ltr'><strong>rel</strong></span> <span class='ocrx_word' id='word_1_127' title='bbox 707 1526 773 1581; x_wconf 85' lang='lat' dir='ltr'><strong>pars</strong></span> <span class='ocrx_word' id='word_1_128' title='bbox 794 1512 955 1568; x_wconf 73' lang='lat' dir='ltr'><strong>notabiliter</strong></span> <span class='ocrx_word' id='word_1_129' title='bbox 974 1509 1064 1580; x_wconf 81' lang='lat' dir='ltr'><strong>major</strong></span> <span class='ocrx_word' id='word_1_130' title='bbox 1082 1510 1182 1567; x_wconf 78' lang='grc' dir='ltr'>ιιιιιιι</span> <span class='ocrx_word' id='word_1_131' title='bbox 1201 1520 1325 1583; x_wconf 80' lang='lat' dir='ltr'><strong>accepta.</strong></span> 
     </span>
    </p>

    <p class='ocr_par' dir='ltr' id='par_1_7' title="bbox 57 1590 1401 1727">
     <span class='ocr_line' id='line_1_16' title="bbox 57 1590 1401 1662; baseline 0.001 -15"><span class='ocrx_word' id='word_1_132' title='bbox 57 1592 104 1647; x_wconf 85' lang='grc'><strong>28.</strong></span> <span class='ocrx_word' id='word_1_133' title='bbox 138 1591 204 1647; x_wconf 78' lang='lat' dir='ltr'><strong>atio</strong></span> <span class='ocrx_word' id='word_1_134' title='bbox 226 1591 368 1661; x_wconf 84' lang='lat' dir='ltr'><strong>exemplo,</strong></span> <span class='ocrx_word' id='word_1_135' title='bbox 398 1591 477 1662; x_wconf 84' lang='lat' dir='ltr'><strong>qnasi</strong></span> <span class='ocrx_word' id='word_1_136' title='bbox 497 1607 547 1662; x_wconf 88' lang='lat' dir='ltr'><strong>per</strong></span> <span class='ocrx_word' id='word_1_137' title='bbox 566 1592 693 1662; x_wconf 84' lang='lat' dir='ltr'><strong>regulam</strong></span> <span class='ocrx_word' id='word_1_138' title='bbox 712 1591 790 1658; x_wconf 81' lang='lat' dir='ltr'><strong>falsi,</strong></span> <span class='ocrx_word' id='word_1_139' title='bbox 820 1600 871 1647; x_wconf 84' lang='lat' dir='ltr'><strong>aut</strong></span> <span class='ocrx_word' id='word_1_140' title='bbox 894 1590 1162 1655; x_wconf 75' lang='lat' dir='ltr'><strong>demonstratirout</strong></span> <span class='ocrx_word' id='word_1_141' title='bbox 1180 1592 1209 1647; x_wconf 93' lang='lat' dir='ltr'><strong>in</strong></span> <span class='ocrx_word' id='word_1_142' title='bbox 1231 1593 1266 1660; x_wconf 64' lang='lat' dir='ltr'><strong>Q,</strong></span> <span class='ocrx_word' id='word_1_143' title='bbox 1295 1593 1401 1648; x_wconf 89' lang='lat' dir='ltr'><strong>ru&#39;rsum</strong></span> 
     </span>
     <span class='ocr_line' id='line_1_17' title="bbox 139 1671 665 1727; baseline 0.004 -3"><span class='ocrx_word' id='word_1_144' title='bbox 139 1671 279 1726; x_wconf 81' lang='lat' dir='ltr'><strong>eliciemus</strong></span> <span class='ocrx_word' id='word_1_145' title='bbox 300 1671 533 1725; x_wconf 85' lang='lat' dir='ltr'><strong>eccentricitatem</strong></span> <span class='ocrx_word' id='word_1_146' title='bbox 555 1672 665 1727; x_wconf 80' lang='lat' dir='ltr'><strong>Terrae.</strong></span> 
     </span>
    </p>

    <p class='ocr_par' dir='ltr' id='par_1_8' title="bbox 58 1749 1403 1982">
     <span class='ocr_line' id='line_1_18' title="bbox 58 1749 1403 1823; baseline 0 -16"><span class='ocrx_word' id='word_1_147' title='bbox 58 1752 103 1808; x_wconf 83' lang='grc'><strong>29.</strong></span> <span class='ocrx_word' id='word_1_148' title='bbox 139 1752 212 1806; x_wconf 84' lang='lat' dir='ltr'><strong>Hinc</strong></span> <span class='ocrx_word' id='word_1_149' title='bbox 228 1750 290 1820; x_wconf 87' lang='lat' dir='ltr'><strong>jam</strong></span> <span class='ocrx_word' id='word_1_150' title='bbox 309 1769 347 1805; x_wconf 85' lang='lat' dir='ltr'><strong>ex</strong></span> <span class='ocrx_word' id='word_1_151' title='bbox 373 1751 589 1806; x_wconf 84' lang='lat' dir='ltr'><strong>consideratione</strong></span> <span class='ocrx_word' id='word_1_152' title='bbox 613 1753 726 1808; x_wconf 89' lang='lat' dir='ltr'><strong>duorum</strong></span> <span class='ocrx_word' id='word_1_153' title='bbox 754 1754 941 1822; x_wconf 88' lang='lat' dir='ltr'><strong>exemplorum</strong></span> <span class='ocrx_word' id='word_1_154' title='bbox 968 1749 1138 1809; x_wconf 86' lang='lat' dir='ltr'><strong>concordium</strong></span> <span class='ocrx_word' id='word_1_155' title='bbox 1163 1750 1192 1807; x_wconf 91' lang='lat' dir='ltr'><strong>in</strong></span> <span class='ocrx_word' id='word_1_156' title='bbox 1216 1757 1241 1819; x_wconf 70' lang='grc' dir='ltr'><strong>(ς</strong></span> <span class='ocrx_word' id='word_1_157' title='bbox 1268 1758 1299 1807; x_wconf 87' lang='grc' dir='ltr'><strong>ιι</strong></span> <span class='ocrx_word' id='word_1_158' title='bbox 1326 1752 1350 1823; x_wconf 75' lang='lat' dir='ltr'>Q</span> <span class='ocrx_word' id='word_1_159' title='bbox 1372 1760 1403 1807; x_wconf 93' lang='grc' dir='ltr'><strong>ιι</strong></span> 
     </span>
     <span class='ocr_line' id='line_1_19' title="bbox 137 1830 1400 1904; baseline 0.002 -19"><span class='ocrx_word' id='word_1_160' title='bbox 137 1831 291 1885; x_wconf 84' lang='lat' dir='ltr'><strong>assertione</strong></span> <span class='ocrx_word' id='word_1_161' title='bbox 312 1830 483 1887; x_wconf 75' lang='lat' dir='ltr'><strong>Ptolemaiou</strong></span> <span class='ocrx_word' id='word_1_162' title='bbox 503 1834 536 1886; x_wconf 91' lang='lat' dir='ltr'><strong>de</strong></span> <span class='ocrx_word' id='word_1_163' title='bbox 558 1831 656 1886; x_wconf 85' lang='lat' dir='ltr'><strong>ceteris</strong></span> <span class='ocrx_word' id='word_1_164' title='bbox 676 1833 797 1903; x_wconf 88' lang='lat' dir='ltr'><strong>planetis</strong></span> <span class='ocrx_word' id='word_1_165' title='bbox 818 1833 1002 1904; x_wconf 78' lang='lat' dir='ltr'><strong>ingrediemur</strong></span> <span class='ocrx_word' id='word_1_166' title='bbox 1022 1831 1236 1901; x_wconf 82' lang='lat' dir='ltr'><strong>speculationem</strong></span> <span class='ocrx_word' id='word_1_167' title='bbox 1257 1833 1400 1904; x_wconf 80' lang='lat' dir='ltr'><strong>physicam</strong></span> 
     </span>
     <span class='ocr_line' id='line_1_20' title="bbox 136 1911 1119 1982; baseline 0.003 -17"><span class='ocrx_word' id='word_1_168' title='bbox 136 1912 291 1982; x_wconf 85' lang='lat' dir='ltr'><strong>aequantia,</strong></span> <span class='ocrx_word' id='word_1_169' title='bbox 314 1914 543 1976; x_wconf 80' lang='lat' dir='ltr'><strong>demonstrantes.</strong></span> <span class='ocrx_word' id='word_1_170' title='bbox 563 1913 603 1967; x_wconf 88' lang='lat' dir='ltr'><strong>ita</strong></span> <span class='ocrx_word' id='word_1_171' title='bbox 623 1930 684 1967; x_wconf 88' lang='lat' dir='ltr'><strong>esse</strong></span> <span class='ocrx_word' id='word_1_172' title='bbox 705 1920 803 1977; x_wconf 90' lang='lat' dir='ltr'><strong>motus,</strong></span> <span class='ocrx_word' id='word_1_173' title='bbox 824 1921 857 1967; x_wconf 92' lang='lat' dir='ltr'><strong>ut</strong></span> <span class='ocrx_word' id='word_1_174' title='bbox 876 1919 942 1967; x_wconf 90' lang='lat' dir='ltr'><strong>sunt</strong></span> <span class='ocrx_word' id='word_1_175' title='bbox 960 1911 1119 1968; x_wconf 87' lang='lat' dir='ltr'><strong>distantiae.</strong></span> 
     </span>
    </p>

    <p class='ocr_par' dir='ltr' id='par_1_9' title="bbox 60 1991 1303 2064">
     <span class='ocr_line' id='line_1_21' title="bbox 60 1991 1303 2064; baseline 0 -17"><span class='ocrx_word' id='word_1_176' title='bbox 60 1993 105 2047; x_wconf 78' lang='lat'><strong>30.</strong></span> <span class='ocrx_word' id='word_1_177' title='bbox 141 1993 319 2047; x_wconf 76' lang='lat' dir='ltr'><strong>lentabimus</strong></span> <span class='ocrx_word' id='word_1_178' title='bbox 341 1993 502 2062; x_wconf 78' lang='lat' dir='ltr'><strong>imperfecta</strong></span> <span class='ocrx_word' id='word_1_179' title='bbox 521 1993 751 2048; x_wconf 88' lang='lat' dir='ltr'><strong>demonstratione</strong></span> <span class='ocrx_word' id='word_1_180' title='bbox 772 1993 959 2063; x_wconf 88' lang='lat' dir='ltr'><strong>compendium</strong></span> <span class='ocrx_word' id='word_1_181' title='bbox 979 1993 1089 2046; x_wconf 89' lang='lat' dir='ltr'><strong>tradere</strong></span> <span class='ocrx_word' id='word_1_182' title='bbox 1109 1991 1303 2064; x_wconf 72' lang='lat' dir='ltr'><strong>investigandi.</strong></span> 
     </span>
    </p>

    <p class='ocr_par' dir='ltr' id='par_1_10' title="bbox 61 2072 1402 2304">
     <span class='ocr_line' id='line_1_22' title="bbox 61 2072 1402 2145; baseline 0.001 -18"><span class='ocrx_word' id='word_1_183' title='bbox 61 2073 105 2127; x_wconf 84' lang='lat'><strong>31.</strong></span> <span class='ocrx_word' id='word_1_184' title='bbox 139 2074 215 2126; x_wconf 90' lang='lat' dir='ltr'><strong>ldem</strong></span> <span class='ocrx_word' id='word_1_185' title='bbox 234 2073 287 2126; x_wconf 89' lang='lat' dir='ltr'><strong>hoc</strong></span> <span class='ocrx_word' id='word_1_186' title='bbox 300 2073 475 2143; x_wconf 83' lang='lat' dir='ltr'><strong>experientia</strong></span> <span class='ocrx_word' id='word_1_187' title='bbox 488 2072 586 2127; x_wconf 88' lang='lat' dir='ltr'><strong>iterum</strong></span> <span class='ocrx_word' id='word_1_188' title='bbox 606 2074 786 2129; x_wconf 81' lang='lat' dir='ltr'><strong>refutabimus</strong></span> <span class='ocrx_word' id='word_1_189' title='bbox 806 2081 837 2129; x_wconf 92' lang='lat' dir='ltr'><strong>et</strong></span> <span class='ocrx_word' id='word_1_190' title='bbox 857 2072 1058 2142; x_wconf 89' lang='lat' dir='ltr'><strong>computatione</strong></span> <span class='ocrx_word' id='word_1_191' title='bbox 1077 2073 1198 2127; x_wconf 90' lang='lat' dir='ltr'><strong>locorum</strong></span> <span class='ocrx_word' id='word_1_192' title='bbox 1212 2072 1240 2145; x_wconf 80' lang='lat' dir='ltr'><strong>in</strong></span> <span class='ocrx_word' id='word_1_193' title='bbox 1254 2073 1352 2127; x_wconf 90' lang='lat' dir='ltr'><strong>tabula</strong></span> <span class='ocrx_word' id='word_1_194' title='bbox 1368 2078 1402 2140; x_wconf 73' lang='lat' dir='ltr'><strong>d.</strong></span> 
     </span>
     <span class='ocr_line' id='line_1_23' title="bbox 138 2152 1400 2221; baseline 0.001 -15"><span class='ocrx_word' id='word_1_195' title='bbox 138 2158 183 2207; x_wconf 83' lang='lat' dir='ltr'><strong>An</strong></span> <span class='ocrx_word' id='word_1_196' title='bbox 198 2160 291 2206; x_wconf 90' lang='lat' dir='ltr'><strong>autem</strong></span> <span class='ocrx_word' id='word_1_197' title='bbox 308 2153 359 2206; x_wconf 89' lang='lat' dir='ltr'><strong>boc</strong></span> <span class='ocrx_word' id='word_1_198' title='bbox 380 2152 544 2221; x_wconf 87' lang='lat' dir='ltr'><strong>rejectitium</strong></span> <span class='ocrx_word' id='word_1_199' title='bbox 565 2154 720 2208; x_wconf 88' lang='lat' dir='ltr'><strong>consentiat</strong></span> <span class='ocrx_word' id='word_1_200' title='bbox 734 2172 794 2208; x_wconf 89' lang='lat' dir='ltr'><strong>eum</strong></span> <span class='ocrx_word' id='word_1_201' title='bbox 807 2153 964 2207; x_wconf 78' lang='lat' dir='ltr'><strong>crismate:</strong></span> <span class='ocrx_word' id='word_1_202' title='bbox 989 2152 1047 2215; x_wconf 83' lang='lat' dir='ltr'><strong>„ita</strong></span> <span class='ocrx_word' id='word_1_203' title='bbox 1060 2158 1157 2216; x_wconf 88' lang='lat' dir='ltr'><strong>motus,</strong></span> <span class='ocrx_word' id='word_1_204' title='bbox 1179 2159 1212 2207; x_wconf 91' lang='lat' dir='ltr'><strong>ut</strong></span> <span class='ocrx_word' id='word_1_205' title='bbox 1224 2152 1400 2215; x_wconf 83' lang='lat' dir='ltr'><strong>distantiae.“</strong></span> 
     </span>
     <span class='ocr_line' id='line_1_24' title="bbox 139 2232 937 2304; baseline 0.001 -17"><span class='ocrx_word' id='word_1_206' title='bbox 139 2252 177 2287; x_wconf 85' lang='lat' dir='ltr'><strong>ex</strong></span> <span class='ocrx_word' id='word_1_207' title='bbox 198 2233 336 2287; x_wconf 87' lang='lat' dir='ltr'><strong>distantiis</strong></span> <span class='ocrx_word' id='word_1_208' title='bbox 358 2232 395 2287; x_wconf 79' lang='lat'><strong>45</strong></span> <span class='ocrx_word' id='word_1_209' title='bbox 417 2233 444 2286; x_wconf 91' lang='lat' dir='ltr'><strong>in</strong></span> <span class='ocrx_word' id='word_1_210' title='bbox 466 2238 490 2299; x_wconf 72' lang='grc' dir='ltr'><strong>(ς</strong></span> <span class='ocrx_word' id='word_1_211' title='bbox 512 2234 643 2298; x_wconf 83' lang='grc' dir='ltr'>ιοιιιιιιι,</span> <span class='ocrx_word' id='word_1_212' title='bbox 666 2235 747 2289; x_wconf 79' lang='lat' dir='ltr'><strong>facile</strong></span> <span class='ocrx_word' id='word_1_213' title='bbox 768 2233 937 2304; x_wconf 90' lang='lat' dir='ltr'><strong>probabitur.</strong></span> 
     </span>
    </p>

    <p class='ocr_par' dir='ltr' id='par_1_11' title="bbox 61 2311 1405 2689">
     <span class='ocr_line' id='line_1_25' title="bbox 61 2311 1403 2385; baseline 0.001 -18"><span class='ocrx_word' id='word_1_214' title='bbox 61 2313 106 2368; x_wconf 83' lang='grc'><strong>32.</strong></span> <span class='ocrx_word' id='word_1_215' title='bbox 142 2313 215 2377; x_wconf 89' lang='lat' dir='ltr'><strong>Quia</strong></span> <span class='ocrx_word' id='word_1_216' title='bbox 234 2330 299 2367; x_wconf 81' lang='lat' dir='ltr'><strong>vero</strong></span> <span class='ocrx_word' id='word_1_217' title='bbox 330 2312 516 2383; x_wconf 70' lang='lat' dir='ltr'><strong>apheliumd</strong></span> <span class='ocrx_word' id='word_1_218' title='bbox 544 2314 678 2371; x_wconf 87' lang='lat' dir='ltr'><strong>hactenus</strong></span> <span class='ocrx_word' id='word_1_219' title='bbox 708 2321 865 2385; x_wconf 89' lang='lat' dir='ltr'><strong>suspectum</strong></span> <span class='ocrx_word' id='word_1_220' title='bbox 891 2321 948 2377; x_wconf 89' lang='lat' dir='ltr'><strong>est,</strong></span> <span class='ocrx_word' id='word_1_221' title='bbox 978 2311 1148 2366; x_wconf 87' lang='lat' dir='ltr'><strong>consulemus</strong></span> <span class='ocrx_word' id='word_1_222' title='bbox 1176 2313 1282 2383; x_wconf 87' lang='lat' dir='ltr'><strong>aliquot</strong></span> <span class='ocrx_word' id='word_1_223' title='bbox 1311 2315 1403 2368; x_wconf 89' lang='lat' dir='ltr'><strong>obser·</strong></span> 
     </span>
     <span class='ocr_line' id='line_1_26' title="bbox 138 2392 1403 2466; baseline 0 -18"><span class='ocrx_word' id='word_1_224' title='bbox 138 2394 265 2448; x_wconf 87' lang='lat' dir='ltr'><strong>rationes</strong></span> <span class='ocrx_word' id='word_1_225' title='bbox 287 2393 360 2447; x_wconf 87' lang='lat' dir='ltr'><strong>circa</strong></span> <span class='ocrx_word' id='word_1_226' title='bbox 380 2393 528 2464; x_wconf 88' lang='lat' dir='ltr'><strong>aphelium‚</strong></span> <span class='ocrx_word' id='word_1_227' title='bbox 550 2411 609 2449; x_wconf 89' lang='lat' dir='ltr'><strong>cum</strong></span> <span class='ocrx_word' id='word_1_228' title='bbox 630 2395 736 2466; x_wconf 89' lang='lat' dir='ltr'><strong>aliquot</strong></span> <span class='ocrx_word' id='word_1_229' title='bbox 749 2395 823 2448; x_wconf 88' lang='lat' dir='ltr'><strong>circa</strong></span> <span class='ocrx_word' id='word_1_230' title='bbox 841 2392 1012 2465; x_wconf 87' lang='lat' dir='ltr'><strong>perihelium,</strong></span> <span class='ocrx_word' id='word_1_231' title='bbox 1034 2399 1064 2447; x_wconf 91' lang='lat' dir='ltr'><strong>et</strong></span> <span class='ocrx_word' id='word_1_232' title='bbox 1083 2393 1200 2447; x_wconf 88' lang='lat' dir='ltr'><strong>tamdiu</strong></span> <span class='ocrx_word' id='word_1_233' title='bbox 1220 2393 1403 2463; x_wconf 82' lang='lat' dir='ltr'><strong>operabimur.</strong></span> 
     </span>
     <span class='ocr_line' id='line_1_27' title="bbox 138 2472 1401 2545; baseline -0.002 -16"><span class='ocrx_word' id='word_1_234' title='bbox 138 2476 225 2529; x_wconf 89' lang='lat' dir='ltr'><strong>donec</strong></span> <span class='ocrx_word' id='word_1_235' title='bbox 247 2478 271 2540; x_wconf 62' lang='grc' dir='ltr'><em>ὁ</em></span> <span class='ocrx_word' id='word_1_236' title='bbox 293 2472 475 2528; x_wconf 75' lang='lat' dir='ltr'><strong>invenerimus</strong></span> <span class='ocrx_word' id='word_1_237' title='bbox 496 2473 525 2527; x_wconf 90' lang='lat' dir='ltr'><strong>in</strong></span> <span class='ocrx_word' id='word_1_238' title='bbox 545 2473 653 2529; x_wconf 91' lang='lat' dir='ltr'><strong>dimidio</strong></span> <span class='ocrx_word' id='word_1_239' title='bbox 674 2481 796 2545; x_wconf 88' lang='lat' dir='ltr'><strong>tempore</strong></span> <span class='ocrx_word' id='word_1_240' title='bbox 817 2473 1000 2529; x_wconf 89' lang='lat' dir='ltr'><strong>restitutionis</strong></span> <span class='ocrx_word' id='word_1_241' title='bbox 1021 2474 1118 2527; x_wconf 87' lang='lat' dir='ltr'><strong>cadere</strong></span> <span class='ocrx_word' id='word_1_242' title='bbox 1138 2473 1165 2527; x_wconf 89' lang='lat' dir='ltr'><strong>in</strong></span> <span class='ocrx_word' id='word_1_243' title='bbox 1180 2474 1243 2528; x_wconf 89' lang='lat' dir='ltr'><strong>loca</strong></span> <span class='ocrx_word' id='word_1_244' title='bbox 1264 2473 1401 2543; x_wconf 88' lang='lat' dir='ltr'><strong>opposita,</strong></span> 
     </span>
     <span class='ocr_line' id='line_1_28' title="bbox 138 2552 1405 2629; baseline -0.001 -20"><span class='ocrx_word' id='word_1_245' title='bbox 138 2554 270 2609; x_wconf 80' lang='lat' dir='ltr'><strong>salines</strong></span> <span class='ocrx_word' id='word_1_246' title='bbox 298 2553 408 2607; x_wconf 90' lang='lat' dir='ltr'><strong>indubie</strong></span> <span class='ocrx_word' id='word_1_247' title='bbox 429 2555 482 2608; x_wconf 88' lang='lat' dir='ltr'><strong>erit</strong></span> <span class='ocrx_word' id='word_1_248' title='bbox 502 2554 576 2608; x_wconf 88' lang='lat' dir='ltr'><strong>linea</strong></span> <span class='ocrx_word' id='word_1_249' title='bbox 605 2555 726 2629; x_wconf 87' lang='lat' dir='ltr'><strong>augium.</strong></span> <span class='ocrx_word' id='word_1_250' title='bbox 765 2555 831 2610; x_wconf 84' lang='lat' dir='ltr'><strong>Inde</strong></span> <span class='ocrx_word' id='word_1_251' title='bbox 852 2570 981 2627; x_wconf 88' lang='lat' dir='ltr'><strong>apogaea</strong></span> <span class='ocrx_word' id='word_1_252' title='bbox 1005 2558 1035 2621; x_wconf 88' lang='grc' dir='ltr'><strong>ιι</strong></span> <span class='ocrx_word' id='word_1_253' title='bbox 1058 2552 1194 2626; x_wconf 88' lang='lat' dir='ltr'><strong>perigaea</strong></span> <span class='ocrx_word' id='word_1_254' title='bbox 1223 2553 1355 2608; x_wconf 88' lang='lat' dir='ltr'><strong>distantia</strong></span> <span class='ocrx_word' id='word_1_255' title='bbox 1375 2561 1405 2608; x_wconf 88' lang='lat' dir='ltr'><strong>et</strong></span> 
     </span>
     <span class='ocr_line' id='line_1_29' title="bbox 139 2633 563 2689; baseline 0.002 -1"><span class='ocrx_word' id='word_1_256' title='bbox 139 2633 331 2688; x_wconf 86' lang='lat' dir='ltr'><strong>eccentricitas</strong></span> <span class='ocrx_word' id='word_1_257' title='bbox 353 2634 563 2689; x_wconf 86' lang='lat' dir='ltr'><strong>confirmabitur.</strong></span> 
     </span>
    </p>

    <p class='ocr_par' dir='ltr' id='par_1_12' title="bbox 98 2713 1405 3108">
     <span class='ocr_line' id='line_1_30' title="bbox 98 2713 1403 2787; baseline -0.002 -16"><span class='ocrx_word' id='word_1_258' title='bbox 98 2760 105 2771; x_wconf 96' lang='lat'><strong>.</strong></span> <span class='ocrx_word' id='word_1_259' title='bbox 139 2718 214 2772; x_wconf 90' lang='lat' dir='ltr'><strong>Idem</strong></span> <span class='ocrx_word' id='word_1_260' title='bbox 235 2715 437 2785; x_wconf 87' lang='lat' dir='ltr'><strong>praestabimus</strong></span> <span class='ocrx_word' id='word_1_261' title='bbox 458 2716 532 2769; x_wconf 88' lang='lat' dir='ltr'><strong>circa</strong></span> <span class='ocrx_word' id='word_1_262' title='bbox 552 2715 749 2786; x_wconf 79' lang='lat' dir='ltr'><strong>longitudinem</strong></span> <span class='ocrx_word' id='word_1_263' title='bbox 770 2713 886 2770; x_wconf 90' lang='lat' dir='ltr'><strong>mediam</strong></span> <span class='ocrx_word' id='word_1_264' title='bbox 906 2714 934 2768; x_wconf 93' lang='lat' dir='ltr'><strong>in</strong></span> <span class='ocrx_word' id='word_1_265' title='bbox 953 2716 985 2778; x_wconf 68' lang='grc' dir='ltr'><strong>ὅ,</strong></span> <span class='ocrx_word' id='word_1_266' title='bbox 1007 2729 1069 2768; x_wconf 93' lang='lat' dir='ltr'><strong>nam</strong></span> <span class='ocrx_word' id='word_1_267' title='bbox 1089 2713 1117 2767; x_wconf 92' lang='lat' dir='ltr'><strong>in</strong></span> <span class='ocrx_word' id='word_1_268' title='bbox 1136 2720 1171 2787; x_wconf 73' lang='grc' dir='ltr'><strong>1η</strong></span> <span class='ocrx_word' id='word_1_269' title='bbox 1192 2715 1290 2770; x_wconf 89' lang='lat' dir='ltr'><strong>desunt</strong></span> <span class='ocrx_word' id='word_1_270' title='bbox 1311 2716 1403 2769; x_wconf 90' lang='lat' dir='ltr'><strong>obser·</strong></span> 
     </span>
     <span class='ocr_line' id='line_1_31' title="bbox 137 2793 1405 2866; baseline 0.002 -18"><span class='ocrx_word' id='word_1_271' title='bbox 137 2796 279 2858; x_wconf 83' lang='lat' dir='ltr'><strong>vationes,</strong></span> <span class='ocrx_word' id='word_1_272' title='bbox 301 2794 347 2848; x_wconf 90' lang='lat' dir='ltr'><strong>nbi</strong></span> <span class='ocrx_word' id='word_1_273' title='bbox 368 2802 398 2848; x_wconf 91' lang='lat' dir='ltr'><strong>et</strong></span> <span class='ocrx_word' id='word_1_274' title='bbox 418 2794 446 2848; x_wconf 89' lang='lat' dir='ltr'><strong>in</strong></span> <span class='ocrx_word' id='word_1_275' title='bbox 466 2802 567 2866; x_wconf 87' lang='lat' dir='ltr'><strong>quarta</strong></span> <span class='ocrx_word' id='word_1_276' title='bbox 587 2795 735 2865; x_wconf 88' lang='lat' dir='ltr'><strong>temporis,</strong></span> <span class='ocrx_word' id='word_1_277' title='bbox 766 2813 803 2850; x_wconf 90' lang='lat' dir='ltr'><strong>ex</strong></span> <span class='ocrx_word' id='word_1_278' title='bbox 823 2793 1005 2866; x_wconf 88' lang='lat' dir='ltr'><strong>aequatione,</strong></span> <span class='ocrx_word' id='word_1_279' title='bbox 1035 2799 1065 2848; x_wconf 89' lang='grc' dir='ltr'><strong>ιι</strong></span> <span class='ocrx_word' id='word_1_280' title='bbox 1084 2794 1113 2848; x_wconf 94' lang='lat' dir='ltr'><strong>in</strong></span> <span class='ocrx_word' id='word_1_281' title='bbox 1131 2795 1192 2849; x_wconf 90' lang='lat' dir='ltr'><strong>loco</strong></span> <span class='ocrx_word' id='word_1_282' title='bbox 1213 2796 1347 2866; x_wconf 84' lang='lat' dir='ltr'><strong>quadrato</strong></span> <span class='ocrx_word' id='word_1_283' title='bbox 1368 2814 1405 2851; x_wconf 91' lang='grc' dir='ltr'><strong>ιι</strong></span> 
     </span>
     <span class='ocr_line' id='line_1_32' title="bbox 138 2873 1404 2946; baseline -0.002 -15"><span class='ocrx_word' id='word_1_284' title='bbox 138 2885 277 2945; x_wconf 85' lang='lat' dir='ltr'><strong>tempore,</strong></span> <span class='ocrx_word' id='word_1_285' title='bbox 308 2877 342 2927; x_wconf 93' lang='lat' dir='ltr'><strong>de</strong></span> <span class='ocrx_word' id='word_1_286' title='bbox 362 2875 527 2946; x_wconf 88' lang='lat' dir='ltr'><strong>aequatione</strong></span> <span class='ocrx_word' id='word_1_287' title='bbox 554 2875 675 2930; x_wconf 85' lang='lat' dir='ltr'><strong>maxima</strong></span> <span class='ocrx_word' id='word_1_288' title='bbox 700 2874 832 2945; x_wconf 82' lang='lat' dir='ltr'><strong>judicium</strong></span> <span class='ocrx_word' id='word_1_289' title='bbox 852 2876 978 2937; x_wconf 81' lang='lat' dir='ltr'><strong>feremus,</strong></span> <span class='ocrx_word' id='word_1_290' title='bbox 1009 2873 1125 2946; x_wconf 88' lang='lat' dir='ltr'><strong>indeque</strong></span> <span class='ocrx_word' id='word_1_291' title='bbox 1146 2877 1179 2929; x_wconf 89' lang='lat' dir='ltr'><strong>de</strong></span> <span class='ocrx_word' id='word_1_292' title='bbox 1200 2875 1404 2930; x_wconf 86' lang='lat' dir='ltr'><strong>eccentricitats</strong></span> 
     </span>
     <span class='ocr_line' id='line_1_33' title="bbox 137 2954 1404 3027; baseline -0.001 -16"><span class='ocrx_word' id='word_1_293' title='bbox 137 2966 265 3027; x_wconf 87' lang='lat' dir='ltr'><strong>utraque,</strong></span> <span class='ocrx_word' id='word_1_294' title='bbox 287 2956 419 3009; x_wconf 91' lang='lat' dir='ltr'><strong>consultis</strong></span> <span class='ocrx_word' id='word_1_295' title='bbox 440 2956 532 3019; x_wconf 87' lang='lat' dir='ltr'><strong>etiam,</strong></span> <span class='ocrx_word' id='word_1_296' title='bbox 555 2973 623 3027; x_wconf 90' lang='lat' dir='ltr'><strong>quas</strong></span> <span class='ocrx_word' id='word_1_297' title='bbox 638 2954 837 3020; x_wconf 82' lang='lat' dir='ltr'><strong>inveneramus,</strong></span> <span class='ocrx_word' id='word_1_298' title='bbox 859 2954 997 3010; x_wconf 88' lang='lat' dir='ltr'><strong>distantiis</strong></span> <span class='ocrx_word' id='word_1_299' title='bbox 1012 2954 1107 3010; x_wconf 88' lang='lat' dir='ltr'><strong>tribus.</strong></span> <span class='ocrx_word' id='word_1_300' title='bbox 1135 2956 1202 3009; x_wconf 91' lang='lat' dir='ltr'><strong>Plus</strong></span> <span class='ocrx_word' id='word_1_301' title='bbox 1217 2963 1309 3010; x_wconf 83' lang='lat' dir='ltr'><strong>autem</strong></span> <span class='ocrx_word' id='word_1_302' title='bbox 1323 2963 1404 3009; x_wconf 91' lang='lat' dir='ltr'><strong>acuto</strong></span> 
     </span>
     <span class='ocr_line' id='line_1_34' title="bbox 139 3034 1152 3108; baseline -0.001 -17"><span class='ocrx_word' id='word_1_303' title='bbox 139 3037 247 3108; x_wconf 81' lang='lat' dir='ltr'><strong>angulo</strong></span> <span class='ocrx_word' id='word_1_304' title='bbox 267 3035 405 3089; x_wconf 87' lang='lat' dir='ltr'><strong>tribuetur</strong></span> <span class='ocrx_word' id='word_1_305' title='bbox 424 3035 452 3090; x_wconf 93' lang='lat' dir='ltr'><strong>in</strong></span> <span class='ocrx_word' id='word_1_306' title='bbox 472 3035 646 3107; x_wconf 84' lang='lat' dir='ltr'><strong>inquisitione</strong></span> <span class='ocrx_word' id='word_1_307' title='bbox 667 3037 729 3099; x_wconf 86' lang='lat' dir='ltr'><strong>loci,</strong></span> <span class='ocrx_word' id='word_1_308' title='bbox 751 3034 838 3090; x_wconf 89' lang='lat' dir='ltr'><strong>minus</strong></span> <span class='ocrx_word' id='word_1_309' title='bbox 860 3042 943 3093; x_wconf 84' lang='lat' dir='ltr'><strong>acuto</strong></span> <span class='ocrx_word' id='word_1_310' title='bbox 963 3034 1152 3090; x_wconf 63' lang='lat' dir='ltr'><strong>indistantia.</strong></span> 
     </span>
    </p>

    <p class='ocr_par' dir='ltr' id='par_1_13' title="bbox 136 3114 1404 3332">
     <span class='ocr_line' id='line_1_35' title="bbox 217 3114 1404 3188; baseline 0 -19"><span class='ocrx_word' id='word_1_311' title='bbox 217 3118 249 3170; x_wconf 96' lang='lat' dir='ltr'><strong>ln</strong></span> <span class='ocrx_word' id='word_1_312' title='bbox 269 3131 373 3188; x_wconf 74' lang='lat' dir='ltr'><strong>marg:</strong></span> <span class='ocrx_word' id='word_1_313' title='bbox 404 3117 463 3171; x_wconf 89' lang='lat' dir='ltr'><strong>lloc</strong></span> <span class='ocrx_word' id='word_1_314' title='bbox 483 3115 575 3186; x_wconf 88' lang='lat' dir='ltr'><strong>capite</strong></span> <span class='ocrx_word' id='word_1_315' title='bbox 601 3116 669 3171; x_wconf 90' lang='lat' dir='ltr'><strong>nihil</strong></span> <span class='ocrx_word' id='word_1_316' title='bbox 690 3117 761 3170; x_wconf 83' lang='lat' dir='ltr'><strong>forte</strong></span> <span class='ocrx_word' id='word_1_317' title='bbox 792 3114 880 3179; x_wconf 86' lang='lat' dir='ltr'><strong>aliud,</strong></span> <span class='ocrx_word' id='word_1_318' title='bbox 911 3131 991 3186; x_wconf 92' lang='lat' dir='ltr'><strong>quam</strong></span> <span class='ocrx_word' id='word_1_319' title='bbox 1011 3121 1044 3169; x_wconf 93' lang='lat' dir='ltr'><strong>ut</strong></span> <span class='ocrx_word' id='word_1_320' title='bbox 1069 3117 1229 3186; x_wconf 87' lang='lat' dir='ltr'><strong>probamus,</strong></span> <span class='ocrx_word' id='word_1_321' title='bbox 1259 3115 1404 3169; x_wconf 84' lang='grc' dir='ltr'>ιιιιιιιιιιιι</span> 
     </span>
     <span class='ocr_line' id='line_1_36' title="bbox 136 3190 1404 3267; baseline -0.002 -15"><span class='ocrx_word' id='word_1_322' title='bbox 136 3196 390 3252; x_wconf 81' lang='lat' dir='ltr'><strong>intermedias&#39;non</strong></span> <span class='ocrx_word' id='word_1_323' title='bbox 409 3213 470 3251; x_wconf 87' lang='lat' dir='ltr'><strong>esse</strong></span> <span class='ocrx_word' id='word_1_324' title='bbox 491 3194 519 3250; x_wconf 91' lang='lat' dir='ltr'><strong>in</strong></span> <span class='ocrx_word' id='word_1_325' title='bbox 540 3197 656 3261; x_wconf 87' lang='lat' dir='ltr'><strong>circulo,</strong></span> <span class='ocrx_word' id='word_1_326' title='bbox 686 3203 716 3250; x_wconf 89' lang='lat' dir='ltr'><strong>et</strong></span> <span class='ocrx_word' id='word_1_327' title='bbox 736 3190 813 3267; x_wconf 80' lang='lat' dir='ltr'><strong>quae&#39;</strong></span> <span class='ocrx_word' id='word_1_328' title='bbox 828 3197 1008 3252; x_wconf 87' lang='lat' dir='ltr'><strong>consulantur</strong></span> <span class='ocrx_word' id='word_1_329' title='bbox 1028 3194 1056 3250; x_wconf 91' lang='lat' dir='ltr'><strong>in</strong></span> <span class='ocrx_word' id='word_1_330' title='bbox 1076 3197 1216 3251; x_wconf 87' lang='lat' dir='ltr'><strong>anomalia</strong></span> <span class='ocrx_word' id='word_1_331' title='bbox 1240 3201 1404 3266; x_wconf 84' lang='lat' dir='ltr'><strong>coaequata.</strong></span> 
     </span>
     <span class='ocr_line' id='line_1_37' title="bbox 136 3275 614 3332; baseline 0 0"><span class='ocrx_word' id='word_1_332' title='bbox 136 3279 220 3332; x_wconf 85' lang='lat' dir='ltr'><strong>utiles</strong></span> <span class='ocrx_word' id='word_1_333' title='bbox 242 3293 304 3331; x_wconf 90' lang='lat' dir='ltr'><strong>esse</strong></span> <span class='ocrx_word' id='word_1_334' title='bbox 324 3275 354 3329; x_wconf 94' lang='lat' dir='ltr'><strong>in</strong></span> <span class='ocrx_word' id='word_1_335' title='bbox 375 3293 462 3332; x_wconf 89' lang='lat' dir='ltr'><strong>anom.</strong></span> <span class='ocrx_word' id='word_1_336' title='bbox 487 3277 614 3332; x_wconf 90' lang='lat' dir='ltr'><strong>eccentri.</strong></span> 
     </span>
    </p>

    <p class='ocr_par' dir='ltr' id='par_1_14' title="bbox 63 3353 1405 3587">
     <span class='ocr_line' id='line_1_38' title="bbox 63 3353 1405 3430; baseline -0.004 -18"><span class='ocrx_word' id='word_1_337' title='bbox 63 3359 107 3415; x_wconf 80' lang='lat'><strong>34.</strong></span> <span class='ocrx_word' id='word_1_338' title='bbox 142 3359 215 3413; x_wconf 85' lang='lat' dir='ltr'><strong>Hinc</strong></span> <span class='ocrx_word' id='word_1_339' title='bbox 235 3363 410 3411; x_wconf 87' lang='lat' dir='ltr'><strong>exstruemus</strong></span> <span class='ocrx_word' id='word_1_340' title='bbox 430 3357 576 3412; x_wconf 83' lang='lat' dir='ltr'><strong>distantias</strong></span> <span class='ocrx_word' id='word_1_341' title='bbox 598 3362 623 3425; x_wconf 86' lang='lat'><strong>0¹</strong></span> <span class='ocrx_word' id='word_1_342' title='bbox 646 3359 680 3411; x_wconf 89' lang='lat' dir='ltr'><strong>ad</strong></span> <span class='ocrx_word' id='word_1_343' title='bbox 700 3359 805 3430; x_wconf 87' lang='lat' dir='ltr'><strong>gradus</strong></span> <span class='ocrx_word' id='word_1_344' title='bbox 826 3360 992 3426; x_wconf 88' lang='lat' dir='ltr'><strong>coaequatos</strong></span> <span class='ocrx_word' id='word_1_345' title='bbox 1012 3373 1072 3411; x_wconf 91' lang='lat' dir='ltr'><strong>cum</strong></span> <span class='ocrx_word' id='word_1_346' title='bbox 1093 3356 1257 3429; x_wconf 82' lang='lat' dir='ltr'><strong>aequatione</strong></span> <span class='ocrx_word' id='word_1_347' title='bbox 1278 3353 1405 3419; x_wconf 79' lang='lat' dir='ltr'><strong>eccentri.</strong></span> 
     </span>
     <span class='ocr_line' id='line_1_39' title="bbox 136 3435 1404 3509; baseline -0.005 -16"><span class='ocrx_word' id='word_1_348' title='bbox 136 3446 170 3493; x_wconf 91' lang='lat' dir='ltr'><strong>ut</strong></span> <span class='ocrx_word' id='word_1_349' title='bbox 190 3438 218 3492; x_wconf 92' lang='lat' dir='ltr'><strong>in</strong></span> <span class='ocrx_word' id='word_1_350' title='bbox 240 3440 283 3505; x_wconf 78' lang='grc' dir='ltr'><strong>Θ,</strong></span> <span class='ocrx_word' id='word_1_351' title='bbox 305 3436 420 3507; x_wconf 83' lang='lat' dir='ltr'><strong>etquis</strong></span> <span class='ocrx_word' id='word_1_352' title='bbox 440 3435 520 3491; x_wconf 91' lang='lat' dir='ltr'><strong>simul</strong></span> <span class='ocrx_word' id='word_1_353' title='bbox 540 3437 660 3492; x_wconf 91' lang='lat' dir='ltr'><strong>innotuit</strong></span> <span class='ocrx_word' id='word_1_354' title='bbox 674 3437 819 3509; x_wconf 92' lang='lat' dir='ltr'><strong>proportio</strong></span> <span class='ocrx_word' id='word_1_355' title='bbox 841 3436 953 3502; x_wconf 75' lang='lat' dir='ltr'><strong>orbium,</strong></span> <span class='ocrx_word' id='word_1_356' title='bbox 975 3436 1149 3508; x_wconf 76' lang='lat' dir='ltr'><strong>conjiciemus</strong></span> <span class='ocrx_word' id='word_1_357' title='bbox 1169 3452 1216 3490; x_wconf 90' lang='lat' dir='ltr'><strong>eas</strong></span> <span class='ocrx_word' id='word_1_358' title='bbox 1237 3436 1265 3489; x_wconf 89' lang='lat' dir='ltr'><strong>in</strong></span> <span class='ocrx_word' id='word_1_359' title='bbox 1278 3450 1404 3488; x_wconf 90' lang='lat' dir='ltr'><strong>numeros</strong></span> 
     </span>
     <span class='ocr_line' id='line_1_40' title="bbox 135 3517 627 3587; baseline -0.002 -14"><span class='ocrx_word' id='word_1_360' title='bbox 135 3517 277 3573; x_wconf 77' lang='lat' dir='ltr'><strong>distanh&#39;is</strong></span> <span class='ocrx_word' id='word_1_361' title='bbox 298 3518 401 3572; x_wconf 86' lang='lat' dir='ltr'><strong>Terrae</strong></span> <span class='ocrx_word' id='word_1_362' title='bbox 421 3519 627 3587; x_wconf 87' lang='lat' dir='ltr'><strong>respondentes.</strong></span> 
     </span>
    </p>

    <p class='ocr_par' dir='ltr' id='par_1_15' title="bbox 64 3592 1404 3815">
     <span class='ocr_line' id='line_1_41' title="bbox 64 3592 1404 3670; baseline -0.001 -18"><span class='ocrx_word' id='word_1_363' title='bbox 64 3597 106 3655; x_wconf 79' lang='grc' dir='ltr'><strong>ιι.</strong></span> <span class='ocrx_word' id='word_1_364' title='bbox 139 3597 329 3670; x_wconf 73' lang='lat' dir='ltr'><strong>aequationes</strong></span> <span class='ocrx_word' id='word_1_365' title='bbox 343 3613 409 3651; x_wconf 81' lang='lat' dir='ltr'><strong>sero</strong></span> <span class='ocrx_word' id='word_1_366' title='bbox 431 3598 576 3668; x_wconf 81' lang='lat' dir='ltr'><strong>aequantia</strong></span> <span class='ocrx_word' id='word_1_367' title='bbox 590 3615 640 3652; x_wconf 90' lang='lat' dir='ltr'><strong>seu</strong></span> <span class='ocrx_word' id='word_1_368' title='bbox 653 3597 784 3668; x_wconf 82' lang='lat' dir='ltr'><strong>physicas</strong></span> <span class='ocrx_word' id='word_1_369' title='bbox 799 3595 839 3650; x_wconf 87' lang='lat' dir='ltr'><strong>ita</strong></span> <span class='ocrx_word' id='word_1_370' title='bbox 852 3595 1059 3662; x_wconf 84' lang='lat' dir='ltr'><strong>moderabimur,</strong></span> <span class='ocrx_word' id='word_1_371' title='bbox 1080 3595 1121 3651; x_wconf 91' lang='lat' dir='ltr'><strong>uti</strong></span> <span class='ocrx_word' id='word_1_372' title='bbox 1135 3611 1204 3665; x_wconf 93' lang='lat' dir='ltr'><strong>opus</strong></span> <span class='ocrx_word' id='word_1_373' title='bbox 1224 3611 1286 3649; x_wconf 89' lang='lat' dir='ltr'><strong>esse</strong></span> <span class='ocrx_word' id='word_1_374' title='bbox 1305 3592 1404 3650; x_wconf 79' lang='lat' dir='ltr'><strong>rideri·</strong></span> 
     </span>
     <span class='ocr_line' id='line_1_42' title="bbox 137 3674 1403 3749; baseline -0.004 -15"><span class='ocrx_word' id='word_1_375' title='bbox 137 3697 207 3744; x_wconf 83' lang='lat' dir='ltr'><strong>mus,</strong></span> <span class='ocrx_word' id='word_1_376' title='bbox 228 3679 274 3733; x_wconf 89' lang='grc' dir='ltr'><strong>ιιι</strong></span> <span class='ocrx_word' id='word_1_377' title='bbox 295 3696 332 3732; x_wconf 89' lang='lat' dir='ltr'><strong>ex</strong></span> <span class='ocrx_word' id='word_1_378' title='bbox 353 3678 491 3732; x_wconf 84' lang='lat' dir='ltr'><strong>distantiis</strong></span> <span class='ocrx_word' id='word_1_379' title='bbox 512 3684 668 3748; x_wconf 83' lang='lat' dir='ltr'><strong>operantes,</strong></span> <span class='ocrx_word' id='word_1_380' title='bbox 689 3678 735 3731; x_wconf 90' lang='grc' dir='ltr'><strong>ιιι</strong></span> <span class='ocrx_word' id='word_1_381' title='bbox 756 3692 792 3731; x_wconf 88' lang='grc' dir='ltr'><strong>ιι</strong></span> <span class='ocrx_word' id='word_1_382' title='bbox 812 3676 964 3749; x_wconf 79' lang='lat' dir='ltr'><strong>triangulo,</strong></span> <span class='ocrx_word' id='word_1_383' title='bbox 986 3684 1016 3732; x_wconf 88' lang='lat' dir='ltr'><strong>ct</strong></span> <span class='ocrx_word' id='word_1_384' title='bbox 1029 3675 1201 3746; x_wconf 86' lang='lat' dir='ltr'><strong>conjiciemus</strong></span> <span class='ocrx_word' id='word_1_385' title='bbox 1221 3674 1250 3730; x_wconf 93' lang='lat' dir='ltr'><strong>in</strong></span> <span class='ocrx_word' id='word_1_386' title='bbox 1271 3680 1403 3746; x_wconf 88' lang='lat' dir='ltr'><strong>tempora,</strong></span> 
     </span>
     <span class='ocr_line' id='line_1_43' title="bbox 136 3757 446 3832; baseline -0.013 -17"><span class='ocrx_word' id='word_1_387' title='bbox 136 3775 274 3815; x_wconf 86' lang='lat' dir='ltr'><strong>unacum</strong></span> <span class='ocrx_word' id='word_1_388' title='bbox 295 3757 446 3832; x_wconf 77' lang='lat' dir='ltr'><strong>solaribus.</strong></span> 
     </span>
    </p>

    <p class='ocr_par' dir='ltr' id='par_1_16' title="bbox 136 3835 1404 4072">
     <span class='ocr_line' id='line_1_44' title="bbox 216 3835 1404 3919; baseline -0.001 -26"><span class='ocrx_word' id='word_1_389' title='bbox 216 3841 249 3893; x_wconf 94' lang='lat' dir='ltr'><strong>ln</strong></span> <span class='ocrx_word' id='word_1_390' title='bbox 269 3855 357 3911; x_wconf 87' lang='lat' dir='ltr'><strong>marg.</strong></span> <span class='ocrx_word' id='word_1_391' title='bbox 398 3839 450 3893; x_wconf 87' lang='lat' dir='ltr'><strong>llic</strong></span> <span class='ocrx_word' id='word_1_392' title='bbox 470 3839 541 3893; x_wconf 89' lang='lat' dir='ltr'><strong>ratio</strong></span> <span class='ocrx_word' id='word_1_393' title='bbox 563 3840 714 3902; x_wconf 82' lang='lat' dir='ltr'><strong>reddenda,</strong></span> <span class='ocrx_word' id='word_1_394' title='bbox 745 3852 829 3908; x_wconf 86' lang='lat' dir='ltr'><strong>quare</strong></span> <span class='ocrx_word' id='word_1_395' title='bbox 857 3837 974 3912; x_wconf 73' lang='lat' dir='ltr'><strong>physica</strong></span> <span class='ocrx_word' id='word_1_396' title='bbox 994 3854 1054 3892; x_wconf 91' lang='lat' dir='ltr'><strong>oum</strong></span> <span class='ocrx_word' id='word_1_397' title='bbox 1073 3835 1247 3919; x_wconf 72' lang='grc' dir='ltr'>ιιιιιιιιιιιιι</span> <span class='ocrx_word' id='word_1_398' title='bbox 1267 3853 1321 3892; x_wconf 94' lang='lat' dir='ltr'><strong>non</strong></span> <span class='ocrx_word' id='word_1_399' title='bbox 1341 3854 1404 3893; x_wconf 90' lang='lat' dir='ltr'><strong>oon·</strong></span> 
     </span>
     <span class='ocr_line' id='line_1_45' title="bbox 136 3914 1404 4001; baseline -0.002 -26"><span class='ocrx_word' id='word_1_400' title='bbox 136 3920 251 3983; x_wconf 85' lang='lat' dir='ltr'><strong>sentiat,</strong></span> <span class='ocrx_word' id='word_1_401' title='bbox 271 3925 302 3972; x_wconf 88' lang='lat' dir='ltr'><strong>et</strong></span> <span class='ocrx_word' id='word_1_402' title='bbox 322 3924 459 3989; x_wconf 87' lang='lat' dir='ltr'><strong>quatenns</strong></span> <span class='ocrx_word' id='word_1_403' title='bbox 480 3918 644 4001; x_wconf 77' lang='lat' dir='ltr'><strong>consentiat,</strong></span> <span class='ocrx_word' id='word_1_404' title='bbox 665 3925 696 3972; x_wconf 89' lang='lat' dir='ltr'><strong>et</strong></span> <span class='ocrx_word' id='word_1_405' title='bbox 715 3914 846 3990; x_wconf 92' lang='lat' dir='ltr'><strong>quomodo</strong></span> <span class='ocrx_word' id='word_1_406' title='bbox 867 3936 904 3974; x_wconf 86' lang='lat' dir='ltr'><strong>ex</strong></span> <span class='ocrx_word' id='word_1_407' title='bbox 917 3920 1035 3991; x_wconf 77' lang='lat' dir='ltr'><strong>physica</strong></span> <span class='ocrx_word' id='word_1_408' title='bbox 1053 3914 1117 3970; x_wconf 85' lang='lat' dir='ltr'><strong>vere</strong></span> <span class='ocrx_word' id='word_1_409' title='bbox 1137 3921 1296 3986; x_wconf 84' lang='lat' dir='ltr'><strong>computare</strong></span> <span class='ocrx_word' id='word_1_410' title='bbox 1316 3918 1404 3989; x_wconf 82' lang='lat' dir='ltr'><strong>possi·</strong></span> 
     </span>
     <span class='ocr_line' id='line_1_46' title="bbox 137 3997 880 4072; baseline -0.004 -17"><span class='ocrx_word' id='word_1_411' title='bbox 137 4002 206 4064; x_wconf 62' lang='lat' dir='ltr'><strong>mna}</strong></span> <span class='ocrx_word' id='word_1_412' title='bbox 227 4000 414 4072; x_wconf 89' lang='lat' dir='ltr'><strong>quomodoque</strong></span> <span class='ocrx_word' id='word_1_413' title='bbox 435 4018 473 4054; x_wconf 88' lang='grc' dir='ltr'><strong>ιι</strong></span> <span class='ocrx_word' id='word_1_414' title='bbox 491 3999 597 4054; x_wconf 83' lang='grc' dir='ltr'>ιιιιιιι</span> <span class='ocrx_word' id='word_1_415' title='bbox 616 4015 710 4053; x_wconf 83' lang='lat' dir='ltr'><strong>veram</strong></span> <span class='ocrx_word' id='word_1_416' title='bbox 730 3997 880 4054; x_wconf 90' lang='lat' dir='ltr'><strong>eliciamus</strong></span> 
     </span>
    </p>

    <p class='ocr_par' dir='ltr' id='par_1_17' title="bbox 67 4073 1296 4150">
     <span class='ocr_line' id='line_1_47' title="bbox 67 4073 1296 4150; baseline -0.004 -12"><span class='ocrx_word' id='word_1_417' title='bbox 67 4081 108 4138; x_wconf 77' lang='lat' dir='ltr'><strong>ib</strong></span> <span class='ocrx_word' id='word_1_418' title='bbox 142 4082 220 4145; x_wconf 77' lang='lat' dir='ltr'><strong>Quod</strong></span> <span class='ocrx_word' id='word_1_419' title='bbox 239 4079 401 4135; x_wconf 88' lang='lat' dir='ltr'><strong>latitudines</strong></span> <span class='ocrx_word' id='word_1_420' title='bbox 422 4080 531 4144; x_wconf 78' lang='lat' dir='ltr'><strong>attinet,</strong></span> <span class='ocrx_word' id='word_1_421' title='bbox 554 4081 736 4143; x_wconf 87' lang='lat' dir='ltr'><strong>ostendemus,</strong></span> <span class='ocrx_word' id='word_1_422' title='bbox 757 4095 810 4149; x_wconf 92' lang='lat' dir='ltr'><strong>quo</strong></span> <span class='ocrx_word' id='word_1_423' title='bbox 831 4085 914 4150; x_wconf 89' lang='lat' dir='ltr'><strong>paeto</strong></span> <span class='ocrx_word' id='word_1_424' title='bbox 933 4078 1017 4134; x_wconf 91' lang='lat' dir='ltr'><strong>nodos</strong></span> <span class='ocrx_word' id='word_1_425' title='bbox 1038 4073 1174 4132; x_wconf 73' lang='lat' dir='ltr'><strong>invenerit</strong></span> <span class='ocrx_word' id='word_1_426' title='bbox 1193 4078 1296 4149; x_wconf 76' lang='lat' dir='ltr'><strong>Tycho</strong></span> 
     </span>
    </p>

    <p class='ocr_par' dir='ltr' id='par_1_18' title="bbox 68 4156 1024 4229">
     <span class='ocr_line' id='line_1_48' title="bbox 68 4156 1024 4229; baseline -0.004 -15"><span class='ocrx_word' id='word_1_427' title='bbox 68 4158 108 4215; x_wconf 79' lang='lat' dir='ltr'><strong>tr.</strong></span> <span class='ocrx_word' id='word_1_428' title='bbox 142 4159 346 4217; x_wconf 81' lang='lat' dir='ltr'><strong>Correetionem</strong></span> <span class='ocrx_word' id='word_1_429' title='bbox 367 4160 526 4215; x_wconf 87' lang='lat' dir='ltr'><strong>nonnullam</strong></span> <span class='ocrx_word' id='word_1_430' title='bbox 548 4161 676 4214; x_wconf 90' lang='lat' dir='ltr'><strong>addemus</strong></span> <span class='ocrx_word' id='word_1_431' title='bbox 694 4159 755 4229; x_wconf 89' lang='lat' dir='ltr'><strong>ejus</strong></span> <span class='ocrx_word' id='word_1_432' title='bbox 776 4156 1024 4215; x_wconf 87' lang='lat' dir='ltr'><strong>demonstrationis.</strong></span> 
     </span>
    </p>

    <p class='ocr_par' dir='ltr' id='par_1_19' title="bbox 68 4235 1402 4377">
     <span class='ocr_line' id='line_1_49' title="bbox 68 4235 1402 4305; baseline -0.002 -8"><span class='ocrx_word' id='word_1_433' title='bbox 68 4240 108 4297; x_wconf 80' lang='grc'><strong>38.</strong></span> <span class='ocrx_word' id='word_1_434' title='bbox 142 4243 243 4297; x_wconf 81' lang='lat' dir='ltr'><strong>Nostro</strong></span> <span class='ocrx_word' id='word_1_435' title='bbox 273 4242 351 4295; x_wconf 94' lang='lat' dir='ltr'><strong>modo</strong></span> <span class='ocrx_word' id='word_1_436' title='bbox 379 4242 463 4296; x_wconf 91' lang='lat' dir='ltr'><strong>nodos</strong></span> <span class='ocrx_word' id='word_1_437' title='bbox 493 4242 586 4295; x_wconf 86' lang='lat' dir='ltr'><strong>ambos</strong></span> <span class='ocrx_word' id='word_1_438' title='bbox 613 4258 648 4294; x_wconf 87' lang='lat' dir='ltr'><strong>ex</strong></span> <span class='ocrx_word' id='word_1_439' title='bbox 678 4239 914 4295; x_wconf 82' lang='lat' dir='ltr'><strong>observationibus</strong></span> <span class='ocrx_word' id='word_1_440' title='bbox 943 4235 1125 4305; x_wconf 78' lang='lat' dir='ltr'><strong>inveniemus,</strong></span> <span class='ocrx_word' id='word_1_441' title='bbox 1155 4255 1212 4294; x_wconf 85' lang='lat' dir='ltr'><strong>una</strong></span> <span class='ocrx_word' id='word_1_442' title='bbox 1240 4256 1300 4294; x_wconf 87' lang='lat' dir='ltr'><strong>oum</strong></span> <span class='ocrx_word' id='word_1_443' title='bbox 1327 4244 1402 4294; x_wconf 90' lang='lat' dir='ltr'><strong>motu</strong></span> 
     </span>
     <span class='ocr_line' id='line_1_50' title="bbox 139 4320 516 4377; baseline -0.003 -1"><span class='ocrx_word' id='word_1_444' title='bbox 139 4323 269 4377; x_wconf 89' lang='lat' dir='ltr'><strong>nodorum</strong></span> <span class='ocrx_word' id='word_1_445' title='bbox 289 4338 327 4377; x_wconf 90' lang='grc' dir='ltr'><strong>ιι</strong></span> <span class='ocrx_word' id='word_1_446' title='bbox 347 4320 516 4376; x_wconf 89' lang='lat' dir='ltr'><strong>Ptolemaeo.</strong></span> 
     </span>
    </p>

    <p class='ocr_par' dir='ltr' id='par_1_20' title="bbox 69 4397 1402 4555">
     <span class='ocr_line' id='line_1_51' title="bbox 69 4397 1402 4467; baseline -0.005 -10"><span class='ocrx_word' id='word_1_447' title='bbox 69 4401 109 4458; x_wconf 79' lang='lat' dir='ltr'><strong>ts.</strong></span> <span class='ocrx_word' id='word_1_448' title='bbox 141 4404 194 4457; x_wconf 88' lang='lat' dir='ltr'><strong>Vel</strong></span> <span class='ocrx_word' id='word_1_449' title='bbox 214 4419 252 4456; x_wconf 84' lang='lat' dir='ltr'><strong>ex</strong></span> <span class='ocrx_word' id='word_1_450' title='bbox 270 4401 419 4456; x_wconf 88' lang='lat' dir='ltr'><strong>latitudine</strong></span> <span class='ocrx_word' id='word_1_451' title='bbox 439 4403 525 4456; x_wconf 88' lang='lat' dir='ltr'><strong>borea</strong></span> <span class='ocrx_word' id='word_1_452' title='bbox 545 4407 574 4455; x_wconf 85' lang='lat' dir='ltr'><strong>et</strong></span> <span class='ocrx_word' id='word_1_453' title='bbox 594 4398 720 4454; x_wconf 88' lang='lat' dir='ltr'><strong>austrina</strong></span> <span class='ocrx_word' id='word_1_454' title='bbox 739 4400 866 4464; x_wconf 66' lang='lat' dir='ltr'><strong>maxima,</strong></span> <span class='ocrx_word' id='word_1_455' title='bbox 888 4398 932 4451; x_wconf 90' lang='grc' dir='ltr'><strong>ιιι</strong></span> <span class='ocrx_word' id='word_1_456' title='bbox 953 4416 991 4455; x_wconf 87' lang='grc' dir='ltr'><strong>ιι</strong></span> <span class='ocrx_word' id='word_1_457' title='bbox 1004 4404 1067 4455; x_wconf 88' lang='lat' dir='ltr'><strong>ortu</strong></span> <span class='ocrx_word' id='word_1_458' title='bbox 1081 4405 1111 4455; x_wconf 86' lang='grc' dir='ltr'><strong>ιι</strong></span> <span class='ocrx_word' id='word_1_459' title='bbox 1123 4416 1223 4456; x_wconf 87' lang='lat' dir='ltr'><strong>occasu</strong></span> <span class='ocrx_word' id='word_1_460' title='bbox 1248 4404 1274 4467; x_wconf 66' lang='grc' dir='ltr'><em>ὅ</em></span> <span class='ocrx_word' id='word_1_461' title='bbox 1294 4397 1402 4453; x_wconf 84' lang='lat' dir='ltr'><strong>beliaco</strong></span> 
     </span>
     <span class='ocr_line' id='line_1_52' title="bbox 139 4480 702 4555; baseline -0.007 -16"><span class='ocrx_word' id='word_1_462' title='bbox 139 4482 304 4555; x_wconf 87' lang='lat' dir='ltr'><strong>inquiramos</strong></span> <span class='ocrx_word' id='word_1_463' title='bbox 325 4480 530 4536; x_wconf 87' lang='lat' dir='ltr'><strong>inclinationem</strong></span> <span class='ocrx_word' id='word_1_464' title='bbox 550 4482 702 4551; x_wconf 87' lang='lat' dir='ltr'><strong>planorum.</strong></span> 
     </span>
    </p>

    <p class='ocr_par' dir='ltr' id='par_1_21' title="bbox 71 4559 744 4632">
     <span class='ocr_line' id='line_1_53' title="bbox 71 4559 744 4632; baseline -0.006 -14"><span class='ocrx_word' id='word_1_465' title='bbox 71 4566 109 4618; x_wconf 81' lang='grc' dir='ltr'><strong>ιι.</strong></span> <span class='ocrx_word' id='word_1_466' title='bbox 141 4564 283 4620; x_wconf 83' lang='lat' dir='ltr'><strong>Diameter</strong></span> <span class='ocrx_word' id='word_1_467' title='bbox 303 4563 434 4618; x_wconf 89' lang='lat' dir='ltr'><strong>nodorum</strong></span> <span class='ocrx_word' id='word_1_468' title='bbox 453 4578 504 4632; x_wconf 89' lang='lat' dir='ltr'><strong>per</strong></span> <span class='ocrx_word' id='word_1_469' title='bbox 523 4561 615 4619; x_wconf 87' lang='lat' dir='ltr'><strong>Solem</strong></span> <span class='ocrx_word' id='word_1_470' title='bbox 635 4559 744 4616; x_wconf 86' lang='lat' dir='ltr'><strong>transit.</strong></span> 
     </span>
    </p>

    <p class='ocr_par' dir='ltr' id='par_1_22' title="bbox 72 4639 528 4706">
     <span class='ocr_line' id='line_1_54' title="bbox 72 4639 528 4706; baseline 0 -9"><span class='ocrx_word' id='word_1_471' title='bbox 72 4646 109 4701; x_wconf 81' lang='lat' dir='ltr'><strong>tl.</strong></span> <span class='ocrx_word' id='word_1_472' title='bbox 142 4643 285 4700; x_wconf 83' lang='lat' dir='ltr'><strong>Inclinatio</strong></span> <span class='ocrx_word' id='word_1_473' title='bbox 307 4648 353 4697; x_wconf 89' lang='lat' dir='ltr'><strong>est</strong></span> <span class='ocrx_word' id='word_1_474' title='bbox 372 4639 528 4706; x_wconf 78' lang='grc' dir='ltr'>ἇιιιινιος.</span> 
     </span>
    </p>

    <p class='ocr_par' dir='ltr' id='par_1_23' title="bbox 74 4720 478 4781">
     <span class='ocr_line' id='line_1_55' title="bbox 74 4720 478 4781; baseline -0.002 -1"><span class='ocrx_word' id='word_1_475' title='bbox 74 4723 110 4780; x_wconf 70' lang='lat'><strong>42</strong></span> <span class='ocrx_word' id='word_1_476' title='bbox 142 4722 352 4781; x_wconf 80' lang='lat' dir='ltr'><strong>Inclinationnm</strong></span> <span class='ocrx_word' id='word_1_477' title='bbox 371 4720 478 4779; x_wconf 76' lang='lat' dir='ltr'><strong>tabula</strong></span> 
     </span>
    </p>
   </div>
   <div class='ocr_carea' id='block_1_4' title="bbox 117 4914 347 4986">
    <p class='ocr_par' dir='ltr' id='par_1_24' title="bbox 117 4914 347 4986">
     <span class='ocr_line' id='line_1_56' title="bbox 117 4914 347 4986; baseline 0 -11"><span class='ocrx_word' id='word_1_478' title='bbox 117 4914 200 4986; x_wconf 58' lang='lat' dir='ltr'><strong>[nteit</strong></span> <span class='ocrx_word' id='word_1_479' title='bbox 212 4938 290 4985; x_wconf 80' lang='lat' dir='ltr'><strong>opera.</strong></span> <span class='ocrx_word' id='word_1_480' title='bbox 313 4935 347 4975; x_wconf 82' lang='grc' dir='ltr'><strong>ΙΙΙ.</strong></span> 
     </span>
    </p>
   </div>
   <div class='ocr_carea' id='block_1_5' title="bbox 0 0 1689 5504">
    <p class='ocr_par' dir='ltr' id='par_1_25' title="bbox 0 0 1689 5504">
     <span class='ocr_line' id='line_1_57' title="bbox 0 0 1689 5504; baseline 0 0"><span class='ocrx_word' id='word_1_481' title='bbox 0 0 1689 5504; x_wconf 95' lang='lat' dir='ltr'><strong> </strong></span> 
     </span>
    </p>
   </div>
  </div>
 </body>
</html>
