3354 5504
547 303 578 355 de
597 301 785 355 Commentariis
802 304 834 356 de
852 310 921 354 motu
939 302 1027 355 stellae
1046 300 1142 355 Martis.
1413 257 1415 262 ⁴
1474 300 1518 372 49

156 485 228 549 viae
252 485 380 560 Lunae,
414 503 480 546 cum
503 484 584 546 linea
611 485 737 565 apogaei
769 483 914 565 competit
937 482 966 544 in
989 484 1100 545 lineam
1123 484 1341 546 diametralem.
1386 483 1432 548 Αι
1454 505 1520 548 eum

156 579 217 640 hae
242 574 345 636 lineae
370 593 490 637 crucem
513 574 636 648 faciunt,
660 575 816 636 circularis
839 573 959 654 penitus
983 581 1031 635 est
1053 574 1103 634 via
1124 574 1238 638 Lunae.

251 663 394 735 Quarto:
426 683 559 744 aequans
591 665 709 743 gemino
736 665 826 726 modo
856 662 999 724 variatur.
1025 662 1122 726 -cum
1147 664 1226 726 enim
1258 684 1390 744 aequans
1414 659 1456 726 sit
1477 665 1520 726 nil

158 755 257 828 aliud,
280 773 372 834 quam
397 753 582 831 geometrica
605 773 745 815 mensura
767 753 912 834 physicae
935 752 1161 832 inaequalitatis
1184 753 1214 814 in
1234 761 1327 827 motu,
1351 772 1427 834 quae
1451 754 1519 815 inde
1621 807 1623 815 .

160 855 228 919 est,
261 843 343 924 quod
367 842 454 904 sidus
475 861 578 928 prope,
599 843 714 905 fontem
736 842 858 904 virtutis
888 841 1023 902 matricis
1050 843 1175 904 veniens
1205 841 1345 903 celeriter
1367 842 1519 918 incitatur,

163 934 254 997 tarde
277 952 347 994 oum
370 928 518 993 discedit:
544 933 685 994 convenit
708 932 818 1013 itaque,
843 937 877 994 ut
897 930 985 992 Luna
1013 930 1101 992 simul
1126 939 1156 992 et
1178 940 1282 993 oentro
1306 931 1466 993 eccentrici
1490 933 1520 995 in

163 1024 245 1086 linea
267 1020 444 1083 diametrali
474 1021 639 1095 existente,
670 1020 839 1102 hujusmodi
872 1019 1053 1082 acceleratio
1077 1027 1109 1081 et
1136 1021 1268 1083 tardatio
1300 1020 1351 1082 vel
1372 1021 1457 1083 nulla
1481 1023 1522 1084 sit

163 1114 212 1174 vel
236 1111 370 1191 exigua3
401 1110 503 1189 itaque
535 1118 676 1190 punctum
709 1111 867 1192 aequantia
890 1110 938 1170 vel
962 1108 1115 1171 coincidet
1137 1129 1204 1173 oum
1227 1117 1330 1172 centro
1360 1110 1518 1173 eccentrici

163 1202 211 1263 rel
234 1199 284 1263 illi
309 1199 353 1262 sit
374 1199 550 1279 proximum.
597 1201 677 1262 Nam
707 1200 787 1262 linea
816 1198 1007 1261 diametralis
1035 1206 1085 1261 est
1111 1201 1179 1261 fons
1211 1198 1333 1261 virtutis
1366 1200 1445 1261 omni
1473 1199 1520 1262 sui

163 1299 262 1373 parte.
313 1288 390 1353 Cum
419 1307 492 1350 vero
523 1288 739 1369 digreditur)
765 1311 784 1350 a
807 1291 846 1365 ό,
871 1295 973 1350 centro
996 1289 1164 1351 eccentrici
1195 1296 1334 1361 manente
1364 1288 1395 1349 in
1428 1289 1518 1363 linea,

165 1381 294 1443 multum
326 1377 455 1439 decedat
485 1397 609 1440 necesse
640 1386 690 1440 est
720 1377 889 1452 celeritati,
920 1397 985 1440 oum
1016 1377 1173 1440 celerrima
1204 1377 1344 1449 fueriti)
1376 1377 1408 1440 in
1439 1378 1520 1439 linea

165 1467 349 1532 diametrali.
391 1468 498 1548 Itaque
521 1468 583 1530 alte
607 1469 752 1530 ascendet
774 1487 916 1549 aequans,
941 1466 1092 1548 facietque
1114 1467 1275 1529 maximam
1298 1465 1517 1543 aequationem.

166 1559 235 1621 Jam
261 1557 288 1619 si
314 1575 432 1617 erucem
456 1556 570 1619 faciant
592 1557 673 1619 linea
696 1557 823 1638 apogaei
848 1564 877 1617 et
894 1556 1091 1631 diametralis
1115 1553 1254 1636 sitque)
1275 1555 1306 1619 in
1324 1549 1369 1629 [l
1393 1575 1517 1619 necessa

168 1658 214 1711 est
231 1645 442 1709 tardissimam
461 1664 538 1721 esse,
563 1654 595 1708 et
608 1647 789 1710 altissimum
803 1644 961 1727 aequantis
979 1652 1131 1724 punctum,
1151 1653 1238 1707 tauto
1252 1664 1324 1707 vero
1339 1644 1518 1708 velociorem
1575 1676 1579 1684 ·

167 1739 194 1800 in
218 1737 322 1799 altera
344 1728 389 1808 []‚
413 1753 481 1796 cum
503 1743 552 1796 est
574 1735 603 1797 in
626 1736 779 1816 perigaeo.
825 1735 867 1797 Et
889 1742 991 1796 tamen
1018 1733 1115 1813 prima
1141 1734 1343 1815 inaequalitas
1366 1734 1516 1796 intercur-

167 1847 233 1889 rens
258 1824 363 1898 efficit,
388 1825 469 1910 ut.)
496 1843 632 1904 apogaea
650 1826 679 1886 iu
699 1828 782 1902 Μ
805 1824 902 1886 adhue
925 1824 1057 1886 velocior
1070 1823 1121 1898 sit,
1147 1843 1235 1904 qnam
1257 1823 1400 1905 perigaea
1422 1822 1451 1885 in
1471 1817 1516 1889 [].

167 1918 313 1978 llanente
337 1931 408 1974 vero
432 1913 520 1974 modo
544 1913 627 1976 dicta
649 1933 746 1990 eruce,
771 1933 838 1976 cum
862 1915 886 1985 h
913 1913 941 1975 in
967 1915 1052 1989 (Μ
1073 1912 1192 1988 incidit,
1214 1913 1284 1994 qnia
1307 1933 1327 1975 a
1348 1914 1432 1975 lente
1455 1913 1517 1975 vir-

168 2006 239 2068 tutis
264 2002 476 2064 vehementius
498 2002 658 2078 incitatur,
684 2022 807 2065 necesse
831 2011 880 2065 est
909 2002 1215 2082 contemperationem
1237 2001 1300 2064 lieri
1323 2011 1352 2064 et
1375 2010 1517 2082 punctum

168 2091 329 2176 aequantia
354 2091 394 2152 ad
416 2090 655 2155 mediocritatem
679 2094 870 2155 descendere.
909 2091 958 2154 Sit
976 2093 1001 2164 F
1017 2091 1121 2165 Terra,
1144 2091 1171 2154 Ε
1190 2098 1325 2154 centrum
1347 2092 1517 2167 eccentrici,

168 2188 194 2247 A
209 2200 349 2262 aequans
372 2199 426 2259 pro
449 2182 581 2243 maxima
600 2183 779 2262 aequatione
795 2186 832 2258 ὁ),
848 2184 887 2257 ἅ,
904 2181 1001 2263 Dpro
1020 2180 1151 2243 maxima
1174 2178 1352 2261 aequatione
1366 2162 1411 2246 [l
1435 2180 1517 2261 Ergo

169 2282 271 2335 centm
306 2269 468 2332 eccentrici
492 2280 633 2333 versante
656 2272 686 2333 in
711 2276 748 2347 00,
765 2273 804 2348 ό,
829 2271 862 2332 fit
884 2270 1005 2333 libratio
1028 2270 1057 2331 in
1080 2270 1154 2344 DE3
1178 2270 1230 2332 illo
1253 2270 1283 2332 in
1307 2263 1343 2334 U
1365 2279 1517 2345 versante,
1575 2302 1577 2306 Α

168 2360 288 2424 hbratio
314 2360 348 2420 lit
372 2358 402 2420 in
424 2357 496 2422 AG.
543 2359 647 2422 Media
669 2380 740 2440 ergo
765 2359 923 2441 aequantia
947 2359 1093 2422 distantia
1115 2366 1251 2438 augetur,
1275 2366 1310 2420 ut
1327 2359 1415 2422 sitin
1435 2362 1520 2437 (Μ
1604 2435 1606 2443 .

169 2452 231 2527 FA,
255 2450 288 2511 in
311 2442 349 2512 []
371 2448 435 2509 FD.
478 2449 584 2511 *Prima
607 2468 677 2530 ergo
710 2449 839 2512 variatio
864 2458 912 2511 est
942 2468 997 2528 pro
1023 2455 1107 2511 motu
1138 2448 1234 2510 centri
1264 2448 1424 2511 eccentrici
1446 2471 1465 2510 a
1488 2452 1539 2527 ό.

169 2542 210 2603 rel
236 2543 265 2612 8
291 2539 324 2600 in
346 2531 398 2612 U,
422 2537 469 2599 cui
491 2540 654 2618 respondet
683 2539 804 2601 libratio
828 2537 933 2600 centri·
947 2537 1058 2600 circelli
1081 2536 1228 2600 libratorii
1252 2557 1290 2599 ex
1312 2538 1342 2599 A
1367 2539 1399 2601 in
1421 2536 1460 2613 D,
1483 2547 1543 2605 ut.

170 2637 312 2710 quantum
336 2626 466 2688 interest
488 2626 566 2690 inter
589 2628 698 2703 lineas,
722 2637 841 2689 tantum
864 2628 903 2689 ab
925 2628 956 2688 H
978 2627 1008 2690 in
1030 2627 1059 2689 D
1087 2633 1259 2689 numeretur
1288 2626 1412 2709 ejusque
1436 2627 1519 2690 siuns

170 2720 262 2780 iaciat
294 2710 481 2778 additionem
504 2717 543 2778 ad
566 2718 631 2780 FA.
679 2717 820 2780 Secunda
853 2716 977 2779 libratio
1000 2717 1044 2779 sic
1071 2716 1258 2792 instituitur,
1291 2724 1326 2779 ut
1349 2718 1515 2798 quando)

171 2818 212 2871 est
235 2809 268 2869 in
292 2807 335 2883 ὅ,
351 2808 391 2877 0⁰,
414 2805 533 2868 sithoc
557 2815 699 2886 punctum
721 2806 888 2888 proximum
911 2814 1024 2887 puncto
1048 2804 1221 2881 eccentrici,
1250 2813 1393 2886 quantum
1414 2800 1526 2887 potest

170 2917 216 2977 per
239 2894 470 2976 amplitudinem
493 2894 624 2973 circelli;
650 2905 683 2958 at
707 2915 773 2960 cum
796 2904 844 2957 est
862 2892 891 2968 ξι)
917 2895 947 2956 in
971 2890 1015 2970 [J,
1040 2896 1082 2957 sit
1103 2895 1160 2956 hoc
1181 2904 1325 2975 punctum
1348 2894 1517 2958 remotissi-

172 3007 254 3049 mum.
293 2984 363 3046 Hoc
386 2984 475 3045 modo
499 2985 652 3059 conficitur
666 2986 719 3048 illa
733 2985 876 3059 varietas,
900 3004 989 3064 quam
1009 2985 1074 3064 jam
1088 2984 1176 3047 modo
1194 2984 1329 3067 physicis
1352 2985 1518 3048 rationibus

174 3077 229 3138 dixi
253 3081 502 3137 consentaneam.
540 3072 603 3137 Sed
626 3075 700 3138 haec
725 3075 826 3137 omnia
849 3074 985 3155 indigent
1005 3073 1141 3136 ulteriori
1163 3073 1246 3137 lima.
1281 3074 1418 3137 Maxima
1440 3092 1517 3155 qna·

174 3167 361 3228 draturarum
385 3162 525 3242 aequatio
549 3171 597 3225 est
619 3164 679 3227 illis
701 3160 723 3227 ·7
730 3162 742 3196 ⁰
763 3162 828 3227 28‘.
897 3196 899 3200 ·

250 3251 381 3316 Morbus
409 3271 457 3313 me
489 3253 647 3316 obscurum
680 3254 768 3329 fecit,
801 3260 894 3315 antea
919 3251 987 3333 plue
1020 3250 1096 3315 satis
1124 3250 1181 3314 hoc
1213 3252 1407 3316 obscuritatis
1440 3252 1518 3314 dono

172 3343 347 3424 praeditum.
393 3338 471 3404 Mihi
494 3342 628 3423 ipsiuon
651 3342 817 3406 satisfacio.
856 3341 918 3404 Sed
942 3340 1080 3403 existimo
1105 3349 1136 3403 te
1158 3340 1271 3418 videre,
1295 3344 1363 3424 plus
1387 3334 1517 3403 diffieil-

172 3436 239 3497 tatis
263 3451 335 3495 esee
359 3430 390 3491 in
413 3450 473 3492 una
486 3432 573 3493 Luna
596 3434 645 3506 (ut
662 3432 787 3513 ¹quidem
810 3433 889 3512 apud
903 3431 1075 3512 Tychonem
1097 3431 1154 3492 hoe
1178 3431 1262 3494 sidus
1284 3451 1317 3493 se
1337 3431 1518 3493 noscendum

172 3522 320 3604 praebuit)
345 3540 436 3601 quam
458 3520 488 3583 in
516 3521 651 3583 omnibus
680 3522 823 3602 planetis.
870 3519 937 3600 Ego
959 3539 1014 3599 per
1041 3521 1118 3583 hnnc
1149 3539 1248 3583 meum
1279 3520 1412 3582 morbum
1444 3519 1518 3583 nihil

174 3614 262 3691 alind,
297 3629 389 3692 quam
412 3610 492 3691 quod
521 3619 628 3673 eontra
649 3613 779 3675 Ursum
802 3610 902 3673 scribo
926 3609 1003 3689 (jam
1032 3610 1095 3673 lato
1120 3629 1173 3672 suo
1206 3611 1339 3671 functum
1371 3608 1519 3693 superiori

174 3704 313 3776 aestate),
338 3698 390 3761 ubi
412 3699 454 3760 nil
477 3706 579 3778 tango,
605 3700 662 3762 nisi
683 3720 758 3782 quaa
782 3699 914 3762 attinent
936 3699 1113 3762 scientiam:
1137 3698 1296 3779 potissima
1314 3717 1386 3761 cura
1409 3706 1458 3760 est
1480 3700 1518 3761 de

175 3791 350 3872 antiquitate
374 3788 466 3849 etde
496 3796 633 3852 vetemm
663 3789 822 3852 sententiis
855 3788 1050 3867 explicandis.
1098 3790 1203 3868 Itaque
1232 3787 1284 3849 vix
1316 3795 1365 3850 est
1395 3789 1517 3852 mathe-

175 3882 295 3944 maticus
320 3884 472 3940 tractatus
496 3878 622 3954 fntnms,
647 3880 700 3941 sed
724 3886 842 3941 tantum
864 3877 1076 3959 philologicus.
1113 3875 1225 3956 Siqua
1247 3876 1304 3939 tibi
1326 3877 1517 3955 videbuntur,

176 3989 203 4033 ea
222 3966 483 4043 subministrato,
517 3966 653 4030 lubenter
684 3969 763 4030 enim
795 3968 992 4040 admonebor,
1025 3965 1203 4048 praesertim
1226 3965 1256 4027 in
1280 3958 1518 4046 problematibus

178 4061 235 4141 ejus
255 4059 296 4121 ad
321 4056 736 4137 disceptandumpropositis
760 4060 1083 4129 (aversatione).
1128 4054 1229 4134 Aegre
1253 4063 1287 4118 et
1308 4075 1364 4135 ego
1389 4058 1463 4132 fero,
1486 4066 1518 4119 te

117 4196 119 4225 ,
178 4147 362 4233 usque-adeo
385 4155 496 4220 tacere,
521 4165 576 4208 nec
600 4166 666 4208 cum
689 4146 830 4229 Tyohone
853 4166 907 4227 per
929 4146 1036 4208 literas
1060 4143 1204 4206 conferre.
1253 4143 1518 4210 consultissimum

179 4256 238 4301 tana
263 4237 392 4310 iaceres,
417 4236 444 4297 si
466 4241 610 4318 quantum
632 4255 739 4316 posses
763 4236 911 4311 studeres,
937 4233 1162 4296 observationes
1186 4233 1214 4295 ei
1233 4256 1305 4298 suas
1330 4243 1517 4316 extorquere.

178 4325 246 4414 llam
268 4326 347 4391 mira
376 4324 525 4387 hominem
558 4324 678 4388 fortuna
709 4325 855 4406 exagitat.
902 4325 1027 4403 Semper
1058 4322 1176 4403 perdito
1210 4325 1335 4401 similis,
1368 4333 1517 4405 uteunque

181 4423 267 4480 tamen
291 4417 462 4489 eluctatur,
487 4414 617 4477 absurdo
641 4423 765 4488 eventu,
791 4414 818 4495 si
840 4415 940 4477 media
961 4412 1000 4474 ad
1022 4411 1184 4492 perniciem
1210 4415 1312 4494 potius
1343 4420 1519 4494 comparata

182 4507 324 4588 respicias.
361 4503 503 4566 mitteres
525 4504 667 4568 nonnulla
690 4524 727 4566 ex
743 4503 803 4567 tuis
826 4501 1096 4576 observationibus,
1122 4502 1220 4578 credo,
1245 4512 1279 4566 ut
1298 4510 1346 4565 est
1361 4502 1391 4565 in
1406 4521 1518 4582 magna

184 4610 280 4659 norum
308 4593 459 4656 varietate
487 4593 719 4657 humanissimus
749 4604 865 4669 tamen,
892 4592 1029 4655 mitteret
1052 4592 1092 4653 ad
1115 4599 1146 4653 te
1170 4593 1195 4654 si
1220 4611 1278 4672 qua
1301 4600 1332 4654 et
1353 4599 1387 4653 tu
1410 4601 1518 4671 postu-

186 4681 259 4749 lares.
304 4685 387 4748 Nam
409 4683 468 4746 etsi
492 4684 592 4746 omnia
613 4683 685 4746 mihi
714 4691 839 4766 patent:
874 4682 1037 4762 obliganda
1066 4689 1168 4744 tamen
1194 4682 1277 4762 prius
1300 4682 1375 4744 fides
1399 4681 1456 4744 fuit
1478 4682 1518 4744 ad

188 4775 367 4838 elationem:
393 4792 483 4855 quam
506 4792 562 4854 ego
585 4773 703 4856 quidem
726 4772 876 4855 pollicitus
899 4789 966 4836 sum
986 4770 1211 4852 praestiturum,
1238 4779 1411 4853 quantum
1434 4771 1521 4852 phi-¹

189 4859 500 4944 lorophumdecet.
548 4861 603 4929 Sin
625 4863 884 4936 metuishut'tuae
906 4860 1012 4925 literas
1034 4860 1177 4943 puthet,
1200 4879 1255 4943 per
1277 4878 1325 4922 me
1349 4873 1416 4942 age.
1499 4864 1502 4869 ’

250 4969 336 5022 tophet
349 4971 427 5020 omn.
445 4968 482 5010 ιιι.
1292 4966 1309 5023 q
