3354 5504
521 320 582 374 rm
600 321 701 387 Quinta
739 322 821 390 Caput
836 320 923 376 txlx.
1327 308 1388 383 ⁴34

59 505 129 568 hora
157 503 363 585 dieiflddita.
413 501 517 566 Inveni
545 510 644 565 tamen
673 502 848 583 longissima
878 501 1045 564 inductione
1082 521 1135 582 per
1165 521 1258 564 annos
1288 498 1330 567 50
1353 498 1392 560 ab

59 615 131 656 anuo
165 593 214 657 15.
241 594 388 655 adfinem
410 593 491 654 vitae
515 592 711 665 Aristotelis,
740 612 796 653 non
824 591 1054 672 potuisseesse
1077 593 1136 653 alio
1160 593 1221 664 die,
1251 610 1338 670 quam
1362 589 1389 653 in
1454 638 1462 655 .

58 703 183 763 vespera
212 683 271 744 diei
300 679 331 743 4.
355 682 470 762 Aprilis
497 694 576 743 anno
608 691 677 741 ante
711 680 823 744 Christi
853 681 1007 760 vulgarem
1040 681 1183 761 epocham
1214 677 1291 751 357,
1325 697 1391 741 cum

57 773 239 836 Aristoteles
269 770 307 834 tt
335 790 478 832 annorum
492 771 619 831 lntrdiret
642 769 807 842 Eudoxum,
844 779 877 830 ut
900 789 936 830 ex
960 767 1092 849 Diogene
1116 771 1240 854 laertio
1264 766 1391 830 constat!

57 862 224 927 Secundam
248 860 488 922 observationem
510 879 529 920 a
552 857 714 921 Chaldaeis
734 859 868 920 habitam
888 850 1179 959 Ptolerqac'ffinobis
1194 857 1392 929 conservavit,

55 971 129 1033 quae
156 951 239 1012 iacta
263 957 310 1011 est
332 968 410 1010 anno
434 955 504 1009 ante
529 947 680 1012 Christum
704 945 768 1011 272
793 947 820 1009 d.
848 945 897 1011 18.
921 947 1116 1029 lani-matio,
1141 960 1206 1009 cnm
1230 948 1313 1009 Mars
1336 947 1394 1007 bo-

56 1040 168 1103 realem
191 1038 220 1100 in
245 1039 342 1101 fronte
366 1037 481 1118 Scorpii
506 1038 676 1099 occultavit.
707 1037 837 1098 Rursum
852 1036 899 1097 hic
914 1034 1103 1117 nulla-horae
1117 1038 1262 1099 certitudo
1279 1037 1316 1098 ad
1341 1035 1347 1049 '
1404 1108 1407 1113 ⁵

57 1129 202 1210 Reliquas
226 1136 351 1209 quatuor
373 1127 564 1189 Ptolemaeus
588 1127 652 1206 ipse
675 1126 794 1200 habuit,
818 1125 968 1187 dimensus
992 1118 1154 1189 astrolabio
1179 1126 1262 1188 sidus
1284 1037 1406 1274 M*

57 1220 92 1280 ad
122 1219 217 1293 lixas3
246 1226 384 1279 recenset
411 1226 510 1277 tamen
539 1216 634 1276 solum
667 1216 763 1278 locum
786 1216 840 1276 sub
864 1214 1005 1291 zodiaco,
1036 1215 1091 1277 sub
1118 1216 1213 1298 ipsum
1237 1210 1364 1278 articulu

58 1305 256 1389 oppositionis
279 1326 344 1367 cnm
368 1306 464 1368 medio
488 1313 568 1366 motu
592 1305 682 1367 Solis.
1165 1300 1175 1311 “

141 1396 191 1458 Ex
213 1394 472 1457 observationibus
494 1400 557 1455 tam
579 1394 682 1473 paucis
705 1414 802 1456 rerum
824 1393 1019 1455 maximarum
1047 1401 1224 1474 argumenta
1246 1391 1393 1472 capienda

57 1495 141 1547 suut:
169 1492 222 1546 aut
244 1484 270 1545 si
293 1504 349 1545 nou
372 1491 507 1564 possunt,
530 1483 706 1562 imperfecta
728 1483 920 1562 relinquenda
939 1483 1134 1546 astronomia.
1166 1481 1394 1579 Primurqenim

56 1593 107 1656 ρετ
129 1582 258 1656 quatuor
281 1574 506 1635 observationes
528 1566 729 1634 Ptolemaicas
763 1573 876 1652 epocha
898 1580 995 1634 motus
1018 1572 1106 1633 medii
1131 1573 1168 1634 ad
1191 1560 1392 1653 fixassslati

57 1664 223 1727 Ptolemaei
246 1663 374 1742 tempori
398 1669 569 1742 competens
592 1661 775 1742 inquirenda,
798 1671 830 1722 et
852 1681 889 1722 ex
908 1661 971 1741 ejus
986 1679 1051 1722 cum
1069 1660 1221 1723 hodiernis
1236 1648 1395 1722 collatione

57 1748 118 1834 ipsc
149 1759 249 1814 motus
277 1753 391 1813 medius
420 1760 467 1811 est
490 1750 672 1812 limitandus.
718 1751 833 1812 Deinde
861 1769 915 1833 per
937 1749 1174 1812 observationem
1200 1749 1395 1814 Chaldaicam

60 1842 180 1903 videtur
212 1841 320 1921 inquiri
352 1859 461 1920 posse,
494 1860 530 1901 an
561 1859 630 1901 vere
654 1839 865 1903 eccentricitas'
883 1839 966 1903 Solis
985 1839 1053 1901 olim
1077 1840 1172 1919 major
1196 1840 1285 1901 suerit
1307 1855 1396 1922 quam
1484 1854 1488 1864 ·

61 1931 160 1992 hodie.
207 1929 342 2009 Denique
375 1938 407 1991 et
435 1947 488 2009 ρετ
509 1929 587 1990 hanc
611 1936 642 1988 et
663 1947 716 2009 per
740 1928 974 2004 Aristotelicam‚
993 1928 1025 1989 si
1047 1936 1163 2009 tempus
1187 1928 1325 2004 sciretur,
1359 1926 1395 1987 de

59 2019 167 2081 Martis
191 2018 350 2080 latitudine
374 2019 412 2080 ad
435 2019 488 2079 illa
511 2026 645 2097 tempora
668 2016 830 2097 periculum
852 2018 912 2079 fieri
936 2025 1048 2098 posset.
1370 2076 1372 2081 .

147 2105 246 2178 Quam
276 2126 347 2168 vero
375 2108 454 2168 viam
483 2107 654 2169 insistemus
682 2125 735 2186 per
758 2110 853 2170 Deum
886 2106 1097 2169 immortalem!
1131 2088 1196 2179 cd
1224 2105 1296 2179 nihil
1320 2122 1394 2184 pens

60 2197 223 2259 habeamus
247 2217 266 2257 a
290 2197 469 2268 Ptolemaeo,
494 2197 571 2275 quod
595 2215 652 2257 non
672 2197 737 2276 jure
759 2197 843 2277 prins
866 2196 896 2258 iu
919 2196 1151 2257 controversiam
1171 2214 1278 2257 vocare
1295 2193 1395 2276 possi-

61 2306 136 2362 mus,
161 2305 251 2367 quam
274 2286 313 2346 ad
332 2285 445 2365 justam
469 2285 665 2347 subtilitatem
687 2285 774 2347 nobis
796 2285 868 2346 utile
891 2286 990 2375 flatze

145 2376 172 2438 t
205 2376 337 2437 Primum
369 2376 407 2437 ad
435 2373 571 2454 exposita
602 2381 738 2455 tempora
760 2374 860 2454 prodit
880 2382 991 2436 motum
1015 2371 1096 2437 Solis
1118 2373 1246 2453 medium
1270 2393 1307 2435 ex
1331 2372 1395 2434 cal-

63 2465 142 2538 culo,
181 2464 232 2545 qui
264 2464 369 2527 nititur
398 2464 606 2525 observatione
637 2463 886 2544 aequinoctiorum
914 2473 946 2524 et
968 2461 1173 2527 solstitiorum.
1218 2461 1396 2544 Principium

53 2553 179 2634 ‚Arietis
209 2553 262 2616 Sol
286 2553 416 2632 detegit,
449 2572 506 2614 non
531 2552 625 2631 digito
649 2554 686 2614 ad
709 2554 803 2615 locum
828 2553 961 2624 intenso,
989 2551 1043 2614 sed
1066 2570 1158 2614 caeca
1180 2552 1397 2631 conjectatione

62 2643 219 2724 temporis.
255 2642 335 2704 Nam
357 2643 387 2705 id
411 2641 535 2703 dicimus
558 2660 624 2703 esse
647 2642 823 2721 principium
839 2640 964 2715 Arietis,
988 2640 1065 2722 qnod
1079 2639 1134 2703 Sol
1152 2642 1257 2713 tenuit,
1280 2640 1397 2722 quando

62 2733 144 2794 risus
165 2739 214 2793 est
240 2731 304 2793 dies
327 2732 464 2793 noctibus
487 2748 624 2810 aequare.
660 2729 740 2801 Quid
764 2732 789 2793 si
803 2731 994 2793 Ptolemaeus
1010 2731 1039 2791 in
1059 2722 1191 2809 tempdie
1208 2729 1398 2794 aberrasset?

63 2819 255 2902 Coniecturis
277 2840 335 2882 non
359 2818 507 2913 caram*
549 2819 677 2882 Primum
708 2820 785 2881 euim
816 2838 873 2881 non
906 2819 1005 2900 prodit
1026 2820 1142 2881 modum
1167 2819 1398 2883 observationis.

64 2908 143 2992 Opto
174 2918 209 2970 ut
238 2909 442 2972 observaverit
468 2909 647 2971 *altitudines
678 2910 877 2978 meridianas,
914 2928 951 2969 ex
979 2908 1084 2988 quibus
1111 2908 1280 2971 inductione
1317 2911 1399 2971 facta

64 3006 243 3079 momentum
266 2998 418 3078 ingressus
442 2998 523 3061 Solis
545 2999 575 3059 in
597 2998 718 3060 boreale
741 2973 989 3078 hemisphairium
1012 2996 1090 3059 citra
1111 3016 1239 3060 errorem
1262 2988 1397 3062 afflatu.

64 3089 105 3150 At
137 3087 264 3169 quid·'''si
286 3088 352 3169 ipse
375 3088 581 3149 observaverit
602 3087 632 3148 in
660 3088 821 3149 armillis
847 3085 1139 3160 Alexandrinis,
1170 3087 1220 3148 ubi
1249 3087 1277 3149 ei
1298 3082 1400 3168 potuit
1463 3132 1471 3146 s

67 3197 172 3240 nocere
198 3177 348 3252 retractio,
372 3177 456 3256 cujus
479 3175 639 3237 manifesta
652 3176 762 3247 indicia
775 3177 839 3258 ipse
854 3176 963 3258 prodit,
986 3175 1054 3236 dum
1075 3176 1127 3250 ait,
1152 3175 1256 3237 inillis
1274 3175 1398 3253 armillis

66 3267 260 3329 observatum
299 3285 366 3328 esse
409 3264 514 3328 eodem
547 3264 596 3326 die
632 3265 680 3327 bis
712 3265 948 3348 aequinoctium?
1000 3266 1071 3345 Ipse
1102 3265 1175 3328 vitio
1211 3263 1399 3337 instrumenti

66 3355 280 3429 transscribit3
302 3374 358 3435 ego
381 3353 485 3417 vitium
508 3374 544 3417 ex
567 3355 747 3417 refractione
771 3363 867 3418 ortum
882 3354 1025 3435 suspicor.
1063 3348 1271 3431 Esfltamen3
1295 3355 1401 3418 obser-

66 3445 186 3506 vaverit
208 3463 261 3524 per
283 3444 464 3507 meridianas
487 3443 669 3505 altitudines.
715 3444 787 3507 Alia
809 3445 939 3525 suspicio
957 3464 989 3506 se
1004 3440 1119 3521 summa
1133 3444 1161 3504 vi
1175 3444 1271 3511 invito¹
1282 3443 1400 3526 ingerit,

67 3534 145 3616 qnod
177 3532 428 3613 aequinoctiorum
464 3541 614 3595 momenta
645 3533 859 3595 aPtolemaeo
892 3534 1009 3614 prodita
1029 3512 1119 3596 ‘itera
1141 3532 1330 3615 sesquidiem'
1344 3552 1399 3595 nou
1518 3568 1521 3574 ι

64 3622 256 3686 consentiunt
294 3622 448 3702 analogiae
482 3621 711 3702 praeteritamm
745 3621 962 3704 Hipparchi·
1001 3630 1032 3683 et
1068 3623 1252 3703 sequentium
1281 3624 1398 3686 Alba-

68 3710 187 3791 tegnii
211 3719 243 3771 et
263 3712 404 3774 Brahei
432 3710 680 3784 observationum,
705 3730 781 3792 quae
804 3731 906 3773 omnes
928 3712 957 3773 in
981 3730 1070 3772 unam
1093 3710 1309 3797 aequalitatem
1327 3731 1400 3774 con-

63 3801 199 3882 spirant;
232 3801 297 3861 sola
328 3799 514 3862 Ptolemaica
546 3799 734 3881 aequinoctia
764 3801 944 3863 exorbitant.
1000 3797 1084 3871 Quae
1116 3819 1165 3861 res
1197 3800 1297 3863 multis
1329 3820 1400 3880 per-

63 3887 248 3972 plexissimis
277 3889 314 3950 de
341 3888 427 3951 coelo
457 3888 642 3970 opinionibus
672 3889 859 3951 occasionem
886 3888 982 3964 dedit,
1014 3896 1168 3970 motusque
1191 3889 1400 3970 trepidationis

39 3987 94 4061 ‚et
120 3977 294 4040 librationis
322 3972 454 4058 peperit:
486 3978 535 4059 qui
558 3997 660 4041 omnes
683 3985 871 4053 evertuntur,
895 3977 1093 4058 deprehenso,
1122 3979 1199 4059 quod
1222 3987 1400 4047 consecutae

62 4067 270 4131 Ptolemaeum
293 4067 520 4130 obsermtiones
543 4086 608 4129 cum
630 4068 836 4130 vetustissima
850 4067 1012 4148 Hipparchi
1035 4065 1073 4128 ad
1096 4067 1309 4148 aequahtatem
1328 4086 1401 4153 cou3

64 4162 185 4220 stanter
215 4157 412 4218 consentiunt.
463 4157 576 4218 Tuetur
608 4176 640 4217 se
664 4163 763 4218 tamen
786 4157 850 4238 ipse
873 4156 1063 4218 Ptolemaeus
1087 4154 1400 4233 consociationem}
1494 4220 1496 4224 ,

62 4246 176 4309 nulium
199 4244 449 4326 aequinoctiorum
472 4265 539 4306 cum
562 4246 790 4308 autumnalibus.
835 4246 913 4308 Nam
936 4245 963 4307 si
986 4245 1173 4307 instmmenti
1197 4245 1270 4309 vitio
1288 4247 1369 4308 iactu

63 4342 164 4410 esset,
198 4341 233 4394 ut
262 4333 407 4414 postridie
437 4353 537 4396 vemm
560 4332 1048 4416 pronunciaffrltaequinoctium,
1073 4352 1137 4395 cum
1161 4332 1255 4413 pridie
1278 4264 1404 4412 fuiss}

62 4424 238 4487 antumnale
279 4422 372 4503 pridie
415 4423 638 4504 pronunciatum
659 4418 788 4493 'inisset
836 4442 901 4486 cum
932 4421 1076 4503 postridie
1105 4432 1297 4501 competeret.
1329 4412 1401 4663 ἕ

46 4508 167 4609 ᾕρεε
191 4511 282 4575 biduo
306 4530 343 4573 ex
370 4513 551 4592 longitudine
575 4511 711 4599 seraptis,
734 4532 762 4574 m
866 4512 974 4574 fuisset
996 4520 1099 4573 secuta
1112 4512 1238 4577 mutatio
1253 4516 1342 4575 ecccn'
1383 4550 1400 4563 -

66 4603 169 4666 citatis
193 4598 285 4675 Solis,
307 4621 396 4683 quam
419 4610 518 4663 tamen
541 4599 683 4683 relinquit
704 4620 757 4681 ρετ
778 4621 832 4667 εει
855 4601 1158 4683 observataquanta
1176 4596 1329 4684 abilippa
1382 4621 1400 4662 o

66 4694 167 4755 fuerat
197 4689 328 4752 iuventa.
374 4691 479 4772 ltaque
508 4690 581 4753 nihil
603 4698 716 4765 restat,
745 4670 833 4785 quiin
855 4674 997 4773 effidem
1021 4684 1185 4751 Ptolemaei
1209 4690 1303 4753 'secuti
1331 4710 1398 4777 cre-

65 4782 172 4845 emus
191 4758 274 4859 rice
297 4779 488 4885 sewum
508 4770 645 4861 tenpus,
751 4778 773 4842 s
827 4774 917 4859 stent
936 4780 964 4841 u
989 4777 1219 4875 taatrennu,
1274 4826 1277 4831 .

155 4869 196 4939 ΙΙ.
230 4869 323 4943 roeo
346 4868 501 4956 principio,
526 4877 557 4932 et
578 4869 688 4954 obliqm
722 4862 810 4932 te'ec
824 4869 933 4953 ‘plicae
947 4887 1000 4953 per
1015 4864 1253 4933 observationem
1265 4869 1397 4944 iuventa,
