3354 5504
173 290 237 361 gos
715 290 825 344 snas·
842 292 870 342 ι.
891 289 980 344 stne

173 478 307 535 numeret
329 468 520 531 Ptolemaeus
543 469 581 529 ab
605 470 779 532 Alexandro
803 471 832 532 in
862 468 1122 532 observationibus
1149 466 1423 551 aequinoctiorum,
1453 487 1515 532 cnm

171 561 313 642 pleraque
337 557 473 619 hauserit
495 556 693 621 aChaldaeis
710 558 890 622 errantibus.
926 558 995 621 Non
1019 576 1086 619 sum
1108 565 1276 632 contentus,
1300 558 1398 620 multo
1421 559 1513 621 minus

173 668 261 730 qaam
285 648 375 726 prius.
422 645 457 709 Si
489 646 619 721 erravit,
653 668 705 709 cur
736 666 807 727 ergo
834 657 959 727 uterque
989 645 1125 727 superius
1156 647 1253 727 ipsum
1280 646 1515 722 conciliavimus,

172 737 257 818 quasi
277 735 483 817 Aegyptiacos
507 754 601 797 anuos
624 757 643 798 a
670 735 718 799 12.
741 737 922 799 Novembris
942 744 1067 799 mortem
1090 735 1181 797 Alex.
1204 735 1408 799 antecedente
1430 755 1515 800 usur-

172 834 303 929 pantem.
350 824 464 886 Deinde
487 824 677 904 aequinoctia
699 844 759 886 non
782 847 801 886 a
825 824 988 888 Chaldaeis
1011 825 1067 887 sed
1089 824 1261 904 Hipparcho
1285 825 1390 888 sumit
1435 824 1515 888 Nihil

171 915 263 996 igitur
284 913 342 976 huc
366 912 441 975 facit
463 911 681 977 Chaldaeorum
706 933 797 975 error.

257 1002 393 1083 Denique
430 1000 590 1081 epistolam
622 1004 665 1065 Μ.
695 1004 761 1064 Τιι
797 1003 910 1065 claudit
941 1001 1177 1082 propugnatione
1209 1000 1378 1082 eclipsis
1368 1019 1400 1063 m
1433 1000 1515 1063 clade

169 1092 275 1156 Persei
298 1112 318 1153 a
339 1111 372 1153 se
395 1091 543 1165 inventae,
568 1110 643 1172 quae
665 1080 823 1171 septennio
847 1091 968 1154 abesto
987 1091 1073 1153 clade
1087 1090 1201 1152 Persei.
1234 1090 1285 1153 Ex
1301 1107 1407 1152 errore
1421 1087 1514 1154 Chal·

170 1181 313 1244 dseorum
344 1188 376 1242 et
401 1198 507 1241 crassa
535 1181 755 1259 computatione
782 1180 881 1256 Livii,
913 1179 1027 1242 duabus
1059 1179 1177 1243 scilicet
1205 1178 1339 1259 egregiis
1367 1178 1515 1259 partibus,

170 1289 259 1333 unum
281 1276 376 1331 totum
395 1269 517 1344 conflat,
541 1269 657 1331 cladem
673 1268 776 1331 Persei
799 1269 817 1330 7
839 1269 925 1331 annis
944 1289 964 1330 a
978 1287 1048 1330 vero
1063 1269 1263 1332 aberrantem.
1298 1267 1517 1331 Characterem

170 1368 259 1440 putas
282 1357 497 1420 irrefutabilem
525 1356 586 1421 150
605 1376 700 1420 ιιιιι
716 1358 832 1439 imperii
847 1357 972 1422 Persici
1010 1358 1073 1419 lmo
1096 1357 1246 1420 refutatur
1262 1357 1418 1421 contrario
1441 1357 1517 1419 irre-

170 1447 289 1511 intabili
312 1448 498 1521 charactere,
522 1448 599 1526 quod
623 1447 676 1508 illa
698 1447 850 1528 eclipsis
843 1468 873 1509 m
896 1446 1022 1509 hiemem
1044 1447 1159 1519 incidit,
1182 1465 1249 1508 cum
1270 1464 1345 1507 vera
1364 1455 1397 1508 et
1414 1445 1517 1508 Persei

169 1538 273 1600 clades
296 1533 458 1615 contigerit
480 1534 560 1597 circa
583 1535 756 1612 solstitium,
780 1544 815 1596 ut
836 1534 1038 1617 superioribus
1062 1535 1179 1616 paginis
1202 1536 1396 1615 scripserant
1439 1532 1516 1606 Qun

92 1671 98 1690 ,
169 1625 271 1706 potius
302 1623 341 1685 ad
373 1643 481 1685 annum
513 1623 760 1689 antechristum
786 1619 858 1687 167.
889 1623 1027 1687 addimus
1060 1625 1129 1687 illos
1161 1622 1222 1689 150
1244 1622 1344 1698 Livii,
1378 1625 1453 1705 quia
1482 1642 1515 1685 ιι

169 1713 273 1795 eclipsi
306 1721 443 1782 constat,
475 1712 619 1775 Perseum
651 1714 760 1775 victum
790 1733 868 1775 anno
895 1709 975 1777 167:
1008 1732 1063 1775 nec
1091 1713 1163 1776 lasti
1192 1713 1372 1775 consulares
1400 1713 1472 1775 inde
1498 1733 1515 1772 ι

170 1799 200 1867 d.
216 1804 355 1882 Augusto
371 1809 451 1863 retro
473 1802 638 1864 continuati
661 1803 740 1865 ultra
763 1812 856 1864 unum‘
875 1821 983 1864 annum
1005 1801 1044 1864 ab
1066 1802 1124 1865 hac
1146 1803 1375 1882 computatione
1397 1802 1513 1876 abeam,

169 1891 277 1973 quibus
301 1900 331 1953 te
354 1889 402 1953 hic
425 1909 540 1971 quoque
570 1891 598 1952 in
623 1910 739 1953 summa
762 1887 800 1966 6,
832 1891 923 1953 'ivel
950 1888 971 1954 8
1001 1910 1144 1952 annornm
1175 1891 1262 1953 tidem
1293 1890 1443 1954 adhibere
1463 1910 1514 1972 psr

167 1989 227 2056 est,
253 1999 319 2042 cum
343 1979 417 2060 ipsis
440 1979 518 2041 infra
541 1981 577 2041 de
600 1980 686 2042 unico
710 1999 788 2042 anno
812 1987 918 2043 contra
940 1979 1147 2042 Ptolemaeum
1169 1978 1318 2058 αὖιοιιιιῃ
1340 1979 1511 2043 credideris

168 2070 251 2150 Ergo
274 2067 370 2130 additi
398 2065 459 2131 150
482 2070 520 2130 ad
547 2064 608 2132 167
632 2068 746 2132 iaciunt
766 2066 842 2143 317,
866 2088 923 2150 ιιι
946 2088 1024 2130 ιιιι
1047 2088 1168 2149 regnum
1183 2069 1398 2145 Macedoniae,
1422 2069 1512 2131 inter·

168 2161 248 2223 lecto
271 2157 410 2240 Philippo
434 2157 622 2232 Arrhidaeo,
646 2159 685 2220 ad
707 2157 800 2221 aliam
823 2158 948 2238 stirpem
970 2158 1101 2232 transiit,
1125 2156 1300 2222 Cassandro
1325 2159 1510 2222 succedente.

168 2251 219 2313 An
241 2248 290 2309 hic
314 2248 469 2326 quicquam
493 2256 599 2309 contra
621 2246 764 2309 Livium?
787 2256 924 2310 recenset
946 2266 1000 2327 per
1021 2255 1126 2327 partes
1149 2247 1301 2309 fortunam
1325 2247 1394 2328 ejus
1418 2245 1510 2329 regni:

170 2336 297 2400 seorsim
321 2335 546 2416 antiquissimos
569 2354 671 2415 reges,
704 2335 827 2398 seorsim
850 2336 932 2398 bella
954 2335 1056 2398 civilia
1085 2336 1307 2416 successorum,
1331 2337 1384 2419 qui
1406 2338 1447 2399 sd
1468 2338 1510 2399 in-

168 2427 243 2489 certi
266 2424 436 2487 dominatas
458 2424 533 2486 certi
556 2443 593 2486 ex
615 2425 782 2488 Alexandri
805 2434 894 2506 gente
917 2425 1062 2488 haeredes
1086 2425 1184 2488 fuere:
1209 2424 1260 2487 ubi
1282 2425 1415 2506 primum
1437 2425 1510 2491 Cas·

168 2515 277 2578 sandro
301 2514 505 2575 confirmatum
519 2514 713 2577 Macedoniae
731 2531 863 2594 reguum,
887 2523 920 2576 et
933 2514 1050 2576 occisus
1057 2514 1263 2589 Arrhidaeus,
1287 2515 1329 2576 ab
1345 2533 1384 2578 eo
1399 2530 1509 2579 summe

168 2603 290 2683 fastigio
313 2603 353 2663 ad
376 2602 510 2663 ultimum
533 2602 620 2664 finem
639 2623 733 2665 anuos
760 2600 821 2666 150
838 2613 984 2675 numerat.
1018 2601 1054 2667 Si
1071 2622 1129 2665 ιιι
1152 2604 1255 2684 placet
1277 2604 1410 2667 seorsim
1432 2623 1508 2666 com·

168 2699 332 2756 memorata
345 2691 425 2753 bella
438 2690 548 2766 civilia,
572 2691 626 2753 sed
648 2691 765 2755 inclusa
784 2711 916 2754 summae
932 2710 1074 2755 annorum
1090 2689 1153 2767 CL,
1176 2691 1257 2773 quod
1279 2692 1362 2755 forte
1386 2708 1426 2755 ex
1447 2703 1508 2755 ιιι·

166 2793 217 2845 tus
240 2780 424 2863 inspectione
448 2779 550 2842 dices:
585 2798 655 2860 ergo
688 2793 742 2842 aut
769 2799 884 2843 mecum
912 2781 1047 2855 fateare,
1081 2781 1199 2860 Livium
1228 2781 1378 2846 crassiori
1400 2782 1507 2845 calade

167 2870 329 2935 summaria
351 2887 536 2931 numerorum
560 2869 727 2930 consectari
750 2869 871 2932 omissis
900 2868 1051 2945 minutiis,
1084 2877 1137 2933 ιιι
1164 2869 1241 2933 hanc
1263 2862 1376 2934 Persei
1399 2870 1506 2935 cladem

166 2979 226 3024 non
252 2961 317 3040 jam
347 2966 462 3037 septem
492 2957 579 3019 annis
607 2957 692 3037 justo
722 2959 842 3040 propius
866 2957 988 3023 Christo
1011 2959 1207 3034 admoveas,
1223 2958 1279 3021 sed
1304 2960 1376 3024 aliis
1400 2970 1506 3042 septem

167 3049 255 3112 annis
282 3046 401 3127 lougius
429 3066 448 3106 a
471 3045 650 3111 Christum
680 3047 891 3110 antecedentia
917 3047 1065 3110 retrahas.
1110 3047 1264 3130 Exspecto
1300 3057 1404 3115 utrum
1429 3047 1504 3113 velis

165 3141 216 3202 An
231 3147 265 3201 tu
279 3146 380 3218 putus,
405 3153 551 3199 summum
574 3134 728 3215 festigium
743 3136 828 3217 regni
841 3136 1035 3221 Macedonici
1045 3137 1076 3199 in
1092 3146 1188 3200 morte
1203 3136 1379 3201 Alexandri
1402 3134 1504 3203 inisse?

167 3227 285 3290 minime
308 3222 437 3305 proprie.
474 3225 545 3287 Fuit
568 3224 595 3285 is
618 3226 776 3287 multorum
799 3244 956 3306 regnorum
978 3226 1114 3289 dominns
1137 3234 1169 3288 et
1190 3228 1368 3304 monarcha,
1394 3247 1503 3292 swes-

167 3334 266 3380 sorem
283 3314 315 3377 in
328 3313 506 3377 Monarchis
523 3312 729 3375 nominetenus
751 3313 865 3377 habens
884 3315 949 3395 jam
967 3314 1101 3390 fratrem,
1123 3316 1185 3397 jam
1206 3316 1297 3379 lilios
1335 3318 1391 3383 Ab
1413 3334 1499 3381 eorum

92 3474 111 3489 ‚,
166 3403 383 3485 exstirpatione
416 3403 533 3466 demum
566 3402 694 3464 seorsim
725 3401 762 3464 de
792 3422 885 3483 reguo
900 3404 1103 3467 Macedonico
1128 3404 1313 3485 judicamus.
1361 3408 1432 3473 Nisi
1456 3408 1499 3470 bue

163 3495 226 3568 list,
249 3512 308 3557 ιιι
320 3491 485 3595 poterimus
499 3492 698 3554 Macedonum
711 3500 893 3572 potestatem
914 3493 945 3555 in
968 3494 1053 3556 clade
1067 3491 1172 3555 Persei
1195 3494 1384 3560 terminare:
1406 3514 1499 3578 supcr-

165 3582 326 3647 stitibus
319 3601 349 3643 ιι
377 3581 455 3643 Asia
476 3580 626 3655 Eumene,
660 3580 689 3641 in
719 3580 808 3662 Syria
838 3581 1016 3656 Antiochia,
1049 3582 1079 3644 in
1107 3583 1259 3665 Aegypte
1284 3582 1497 3656 Ptolemaeicit.

165 3670 391 3736 Macedonibus

253 3758 315 3823 Sed
338 3758 416 3821 enim
440 3757 516 3820 satis
540 3756 599 3818 leci
622 3756 787 3819 verborum
824 3758 910 3839 Rogo
929 3759 1074 3839 majorem
1096 3757 1128 3820 in
1145 3722 1266 3823 modum
1285 3771 1322 3825 ut
1333 3761 1497 3847 Magnitudo

164 3852 229 3913 Tus
252 3848 324 3910 mihi
348 3847 519 3909 libertatem
541 3845 620 3908 hanc
641 3842 827 3926 disputandi,
856 3866 943 3928 quarn
965 3848 1230 3928 provocationibus
1252 3851 1320 3915 suis
1343 3860 1448 3935 auget,
1473 3850 1496 3912 in

164 3939 275 4002 malam
297 3944 413 4017 partem
437 3955 495 3998 non
519 3935 749 4015 interpretetur,
782 3943 812 3996 et
841 3954 888 3998 me
912 3936 969 3999 sibi
991 3937 1228 4001 commendatum
1250 3938 1380 4005 habeat.
1422 3942 1496 4005 Vale.

135 4055 137 4061 ·
164 4027 193 4091 7.
219 4026 363 4093 Octobris
387 4029 476 4087 Anno
504 4018 596 4087 1602.

825 4111 928 4193 Magn.
951 4112 1030 4177 Nob.
1055 4113 1136 4177 Tuae

1004 4202 1237 4268 officiosissimus

1227 4290 1412 4383 aaa„

711 4484 956 4565 Postscripts.

248 4646 353 4711 Lunae
377 4642 506 4727 eclipses
529 4644 670 4725 antiquae
694 4644 732 4706 ad
746 4643 828 4708 Solis
845 4652 960 4707 motum
982 4644 1027 4707 sic
1048 4652 1176 4725 possunt
1198 4665 1269 4711 esse
1292 4652 1400 4730 utiles,
1422 4648 1494 4717 sida

132 4792 136 4802 ‚
161 4752 239 4797 anno
264 4743 295 4797 et
316 4752 418 4799 mense
440 4733 516 4797 certi
539 4732 641 4809 simus,
666 4739 698 4795 et
717 4752 772 4815 pro
796 4732 844 4795 die
863 4751 927 4795 ιιι
949 4732 990 4796 sit
1012 4733 1104 4810 facts,
1126 4744 1198 4798 tunc
1220 4742 1376 4805 correctio
1397 4743 1494 4806 Prote-

160 4821 237 4885 nicis
259 4843 318 4888 non
340 4832 457 4887 tantm
479 4822 606 4902 eclipsin
628 4821 839 4903 praebentibus
865 4820 1003 4897 adhiberi
1028 4831 1151 4906 potest:
1183 4844 1221 4889 es
1242 4828 1296 4893 vel
1319 4830 1354 4896 in
1375 4830 1494 4897 motibus
