3354 5504
471 272 1065 347 commanserant-ruam
1132 305 1134 308 -
1391 276 1436 351 aa

72 456 319 534 eeeentrieitate,
342 459 434 541 idque
456 459 488 522 in
511 459 712 539 suspicionem
733 449 821 523 traxi'
839 459 994 547 falsitatis.
1038 461 1084 525 At
1110 479 1149 523 ex
1178 459 1297 525 tbeerm
1322 461 1435 527 Mune

74 550 106 612 id
127 538 377 613 luculentirisirue
399 548 521 630 probari
542 557 662 630 potest,
685 549 790 613 Solem
812 549 877 624 (vel
899 550 929 612 in
944 549 1112 631 Cepernioo
1126 551 1276 625 Terram),
1299 569 1377 615 cum·
1389 558 1455 629 est,

75 640 104 702 iu
127 655 289 720 apogaeo,
317 657 379 702 nou
405 638 451 700 itu
472 638 535 701 alte
558 637 738 713 ascendere,
771 638 815 701 uti
838 638 971 702 maxima
993 638 1221 720 ejusaequatio
1243 658 1299 720 per
1322 644 1437 721 suppo-

75 728 223 791 sitionem
246 727 403 809 sirnplicis·
417 726 655 793 eccentricitatis
677 726 818 808 requirit,
850 728 905 790 sed
935 729 1062 791 delicere
1084 735 1203 809 partem
1228 729 1295 807 ejus
1318 728 1439 793 circiter

77 817 212 894 tertiam,
236 836 292 898 per
307 816 489 898 positionem
503 815 662 898 aequantia
678 816 865 880 salvandum.
902 816 1228 899 Aequatiuuestamen
1242 818 1293 884 nbi
1306 819 1437 883 mxime

79 907 233 981 differunt,
252 906 284 968 in
298 906 451 970 menualia
467 902 557 981 135⁰,
570 905 713 987 acmpulo
726 926 785 968 uuo
800 926 869 970 cnm
883 914 972 975 sexta
986 914 1075 988 parts
1090 905 1241 984 differunt,
1256 907 1333 971 nihil
1345 907 1438 991 ultra.

164 995 290 1059 Eodem
312 996 457 1077 incapite
472 1014 580 1057 moneo
604 995 640 1056 de
658 994 805 1077 peculiari
823 995 1038 1077 inaequalitate
1067 995 1287 1060 revolutionum
1307 997 1440 1061 Veneria

81 1095 110 1147 et
129 1083 299 1160 Mercurii,
327 1086 407 1166 quod
431 1084 616 1166 Cupernious
638 1084 683 1151 ait
714 1093 818 1163 tenua
840 1093 1044 1149 eccentrorom
1066 1085 1183 1148 revolvi
1204 1085 1237 1149 in
1257 1104 1352 1169 parvo
1376 1086 1439 1149 cir..

81 1174 167 1250 cello,
191 1174 319 1254 tierique
342 1181 477 1236 centrum
500 1172 660 1235 eccentrioi
679 1173 819 1249 Veneris,
843 1193 910 1237 cum
932 1174 964 1237 in
985 1193 1121 1256 apogaeo
1143 1174 1193 1236 vel
1215 1176 1356 1255 perigaeo
1379 1184 1438 1252 est,

80 1271 185 1326 centro
209 1262 294 1326 orbis
314 1263 406 1327 annui
428 1264 562 1343 propius,
585 1281 652 1327 cum
665 1262 697 1324 in
721 1262 797 1325 locis
817 1253 1003 1327 intermediis
1024 1272 1083 1340 est,
1104 1262 1260 1339 remotius,
1285 1273 1438 1328 eteccen-

81 1353 250 1415 tricitatem
269 1353 431 1433 majorem
464 1360 569 1415 contra
592 1351 736 1415 Mercurii
758 1351 789 1414 in
812 1371 945 1433 apogaee
975 1360 1007 1416 et
1032 1353 1173 1434 opposito
1195 1353 1441 1419 locoeccentriu

83 1442 209 1504 uitatem
223 1461 293 1504 esee
307 1443 464 1521 majorem,
478 1440 509 1503 in
523 1440 740 1522 quadrantibus
755 1440 909 1505 minorem.
941 1442 1019 1517 His,
1028 1434 1165 1524 inquam,
1181 1462 1276 1506 novas
1292 1443 1439 1525 inaequred

83 1532 188 1593 litator
212 1548 273 1595 nun
295 1531 423 1595 obscum
444 1531 477 1594 in
500 1530 622 1593 dubium
644 1530 762 1592 vocavi.
803 1530 839 1593 Id
862 1538 963 1593 autem
985 1533 1073 1613 quale
1097 1532 1139 1594 sit
1161 1538 1193 1594 st
1213 1532 1295 1595 uude
1314 1532 1373 1595 bae
1391 1533 1440 1597 in·-

83 1619 288 1702 aeqnalitates
311 1618 503 1685 interioribus
526 1619 626 1683 inesse
649 1618 818 1694 videantur,
840 1619 898 1681 boc
921 1619 989 1702 ipso
1003 1621 1358 1702 temporedeprebeude,
1382 1641 1441 1704 quo

82 1710 184 1788 Praga
198 1709 308 1772 absum
320 1709 351 1772 in
366 1708 472 1791 Styria
492 1707 692 1773 baereditatis
715 1727 807 1771 causa
830 1715 920 1782 (unp.
933 1717 990 1768 vot
1003 1717 1024 1776 1,
1036 1733 1060 1783 p
1074 1715 1158 1784 tta),
1181 1710 1239 1773 nisi
1255 1710 1337 1792 quod
1351 1709 1438 1775 libris

82 1799 249 1861 destitutus
273 1818 414 1863 nmneros
443 1796 595 1879 applicare
622 1817 748 1878 nequeo.
793 1799 839 1861 Tu
870 1817 941 1862 vero
974 1798 1001 1862 si
1029 1799 1152 1863 schema
1174 1799 1281 1863 feceris
1305 1799 1345 1862 ad
1367 1799 1438 1879 imi-¹

82 1888 231 1951 tationem
246 1887 419 1970 Gepemici,
441 1896 473 1950 et
489 1886 734 1968 apogsessolis,
759 1886 889 1950 Veneris
903 1895 935 1950 et
949 1887 1094 1951 Mercurii
1111 1888 1309 1964 ordinaveris,
1332 1888 1440 1953 simul·

82 1998 136 2061 qne
160 1977 241 2039 dnos
263 1996 318 2058 pro
343 1979 438 2041 Terra
461 1976 590 2039 mentes
610 1977 744 2050 omens,
769 1976 898 2041 alterum
919 1995 974 2057 pro
996 1977 1048 2040 vic
1066 1979 1178 2041 Terrae
1200 1978 1347 2042 bactrum
1366 1997 1439 2043 crea

83 2069 161 2143 dita,
189 2065 322 2129 alterum
350 2085 389 2129 ex
411 2065 480 2129 Soli
504 2066 644 2147 propiore
668 2073 771 2129 oentm
790 2084 848 2146 pro
871 2064 921 2128 via
945 2068 1057 2129 Terrae
1079 2066 1255 2142 verissima,
1288 2066 1335 2130 eui
1357 2067 1441 2149 prior

82 2158 131 2219 ills
155 2158 228 2220 locu
249 2155 409 2238 aequantia
431 2154 610 2219 Ptolemaioi
633 2155 781 2219 inserviat
811 2155 897 2227 luam
928 2154 1127 2219 universalem
1158 2155 1342 2221 theoriarum
1373 2155 1440 2221 sire

83 2246 263 2309 malorum
285 2243 524 2329 planetariorum
544 2243 764 2308 ordinationem
784 2243 865 2309 facio
888 2243 928 2306 ad
950 2243 1154 2313 imitationem·
1173 2244 1334 2326 Gopemioi
1359 2244 1442 2313 eima

83 2335 188 2400 Solem
219 2334 419 2409 immobilem,
451 2332 675 2414 particulariter
706 2352 779 2395 vero
808 2332 944 2396 theorias
972 2333 1108 2413 singulas
1137 2353 1220 2401 mere
1242 2334 1441 2411 Ptolemaiou,
1538 2339 1539 2344 ’

82 2446 148 2488 cum
162 2422 392 2506 aequipolleant
405 2423 599 2504 hypotheses,
623 2422 811 2496 administro,
833 2422 1048 2505 selo'epicyclo
1067 2429 1204 2504 excepto,
1227 2423 1278 2504 qui
1291 2423 1409 2487 tollitur
1423 2445 1442 2487 a

82 2515 252 2578 mobilitate
275 2515 421 2588 Terrae);
446 2512 534 2588 haec,
558 2511 692 2593 iuquam,
727 2512 753 2594 si
775 2511 821 2575 ita
844 2511 1044 2592 disposueris,
1074 2512 1166 2575 facile
1192 2513 1248 2577 tibi
1272 2514 1441 2594 apparebit,

82 2605 138 2667 bas
162 2602 359 2667 existimatae
382 2601 615 2682 inaequalitates
637 2601 811 2688 inferiorum
833 2601 908 2665 nihil
929 2601 1012 2665 aliud
1036 2620 1123 2676 esse,
1146 2621 1234 2682 quatu
1269 2603 1442 2683 paralium

83 2714 118 2756 ex
131 2701 231 2769 mom,
254 2692 303 2755 rel
323 2710 448 2755 aoeessu
471 2699 503 2754 et
515 2709 638 2757 recessu
652 2693 765 2755 Terrae
786 2689 826 2753 ad
842 2690 945 2755 orbem
958 2690 1088 2755 Veneris
1111 2691 1257 2757 hactenus
1280 2692 1441 2759 nonsatis

84 2784 206 2865 cognito
230 2781 437 2846 resultantem.
482 2779 661 2861 Numquis
691 2798 829 2860 apogaes
850 2779 934 2843 Solis
965 2788 996 2841 et
1018 2780 1150 2843 Veneris
1182 2780 1345 2860 conjuncta
1376 2781 1441 2847 tete

84 2881 154 2936 sunt
176 2872 306 2955 ideoque
321 2872 416 2937 Terra
431 2890 450 2931 a
465 2869 538 2935 Sele
554 2869 735 2955 longissime*
744 2877 871 2943 remota,
893 2887 960 2937 cum
981 2876 1103 2949 putetur
1117 2877 1181 2937 tam
1204 2871 1293 2951 longe
1315 2879 1441 2955 remota,

85 2971 231 3045 qnantum
252 2961 390 3041 postulat
410 2958 495 3024 Solis
518 2959 658 3041 aequatio
681 2959 813 3021 maxima
835 2959 865 3021 in
888 2958 1113 3027 ecoentricitate
1136 2958 1277 3039 supplici,
1301 2959 1349 3026 sit
1369 2978 1441 3025 sero

85 3053 113 3115 in
135 3052 184 3115 rei
206 3050 339 3113 veritate
365 3048 488 3130 propior
510 3047 591 3123 Soli,
624 3048 747 3129 propior
775 3048 868 3111 etium
898 3047 958 3110 erit
978 3046 1044 3111 orbi
1067 3048 1199 3113 Veneris
1222 3048 1290 3114 Seli
1313 3049 1441 3113 circum—

84 3142 200 3223 posito:
225 3139 329 3221 itaque
352 3136 483 3202 Venerei
506 3138 589 3202 orbis
610 3145 748 3201 centrum
769 3137 809 3199 ad
832 3139 957 3202 Terram
985 3137 1152 3203 accessisse
1183 3147 1214 3202 et
1242 3138 1274 3202 in
1301 3137 1441 3223 opposito

85 3233 197 3295 Terrae
222 3229 285 3293 situ
307 3228 345 3290 ab
368 3248 406 3291 ea
427 3227 593 3292 recessisse
622 3226 785 3307 putabitur.
832 3227 881 3292 Ita
903 3227 982 3308 qnod
1011 3226 1093 3291 inest
1121 3227 1212 3306 globo
1234 3230 1347 3293 Tarae
1375 3224 1441 3298 (vu

87 3320 162 3397 Soli,
187 3317 240 3401 qui
254 3318 386 3381 Veneris
410 3317 512 3381 orbem
535 3323 637 3396 gestat
659 3316 822 3381 secundum
837 3315 1033 3397 hebonem),
1057 3316 1089 3379 id
1110 3316 1177 3381 orbi
1191 3315 1320 3383 Veneris
1339 3314 1440 3382 inesse

86 3416 242 3491 pntatar3.
262 3407 446 3472 contrarium
468 3405 580 3469 accidit
600 3405 769 3481 Mercurio,
799 3425 870 3469 nam
897 3405 962 3486 ejus
992 3424 1159 3486 apogaeum
1185 3405 1326 3485 perigaeo
1354 3403 1440 3471 Solis

86 3490 211 3602 propicia
246 3503 308 3571 est,
341 3515 431 3578 quam
461 3513 607 3576 apogaeo.
659 3496 757 3559 Parce
788 3495 917 3571 verbis,
935 3511 1002 3559 cnm
1032 3496 1080 3556 rel
1107 3495 1253 3559 hmteuus
1282 3492 1441 3583 ruborum

86 3590 211 3653 nisam
233 3605 336 3649 eoram
359 3584 558 3666 amatissimo
581 3583 701 3649 homme
724 3582 856 3651 fecerim.
897 3583 973 3650 Cum
990 3583 1083 3665 igitur
1097 3583 1153 3649 hoo
1168 3582 1212 3647 ita
1226 3582 1338 3647 habeat
1360 3582 1442 3649 circs

88 3677 259 3753 interiores
282 3676 315 3738 in
336 3694 446 3756 magna
467 3673 667 3761 dubitatione
679 3693 755 3748 sum,
775 3693 817 3739 an
839 3692 944 3740 rerum
959 3673 1001 3737 sit
1014 3675 1051 3737 de
1064 3671 1224 3746 Mercurio,
1247 3671 1327 3752 quod
1341 3671 1441 3752 gemis

88 3788 157 3830 num
176 3765 357 3847 perigaeum
377 3765 491 3829 habeat
511 3764 593 3827 circa
614 3762 751 3828 mentes.
797 3762 835 3826 si
858 3762 981 3829 schema
1003 3763 1090 3844 quale
1113 3760 1176 3831 dixi
1194 3759 1318 3837 leceris,
1342 3781 1441 3842 apps-

88 3857 167 3920 rebit
185 3854 418 3931 demonstratio,
441 3873 502 3937 qua
524 3855 546 3930 p
567 3852 709 3933 inprime
725 3852 835 3929 triente
850 3852 889 3914 ab
904 3870 1039 3933 apogaeo
1056 3849 1202 3929 majorem
1220 3849 1457 3930 &meseonem

88 3948 187 4009 tacere
210 3943 472 4025 deprehenditur,⁸
491 3961 582 4025 quarn
613 3942 645 4004 in
675 3941 833 4022 perigaeo,
853 3941 896 4004 ·in
919 3942 1014 4004 altero
1037 3958 1108 4002 vcro
1140 3938 1250 4003 triente
1280 3940 1438 4013 minorem.
1564 4010 1566 4015 ,

88 4038 178 4099 Forte
200 4035 235 4099 in
257 4033 311 4097 illo
333 4033 431 4097 altero
453 4051 514 4095 uon
536 4033 572 4095 tit
592 4031 773 4111 conspicuus
796 4039 932 4095 autnon
954 4034 1076 4092 exeunt
1091 4028 1195 4093 forsan
1217 4028 1440 4098 iuPtulemaeo

88 4124 214 4189 alteriue
236 4121 357 4189 trientis
379 4121 623 4197 observationem
647 4139 722 4202 quae
745 4121 834 4184 facile
857 4120 1029 4201 perquiras,
1061 4136 1118 4197 ego
1142 4118 1208 4198 jam
1230 4118 1317 4183 libris
1339 4137 1437 4185 careo.

88 4213 213 4279 llenuni
235 4220 348 4284 umen
370 4212 577 4275 Ptolemaeum
599 4207 724 4286 index
739 4209 855 4274 duabus
873 4205 1133 4272 observationibus
1152 4208 1240 4289 longe
1262 4206 1440 4277 distantium

89 4321 234 4369 amorum
257 4321 348 4364 uuam
368 4301 441 4365 anni
461 4299 632 4363 intermedii
654 4299 819 4375 effinxisse,
851 4317 910 4380 qna
936 4297 1089 4360 commode
1112 4292 1288 4372 uteretur.⁰)
1332 4299 1439 4376 Itaque

89 4392 162 4459 mihi
182 4409 292 4474 parum
313 4399 414 4454 metuo
436 4410 456 4452 a
476 4391 653 4453 Ptolemaeo
675 4388 707 4451 in
728 4389 786 4453 boc
808 4385 938 4467 negotio.
983 4385 1091 4462 Adde,
1114 4386 1193 4470 qnod
1215 4385 1439 4465 magnumst-⁰

89 4483 160 4566 quid
180 4481 276 4551 defert
297 4479 453 4545 inclinatio
475 4478 558 4561 plani
575 4477 767 4543 Mercuridis
782 4477 824 4541 ad
841 4476 964 4557 planum
987 4475 1154 4556 eclipticas,
1176 4494 1265 4557 quam
1288 4474 1318 4537 in
1341 4473 1441 4537 torna

89 4571 302 4657 hymnarium
324 4568 482 4651 Coperuici
503 4567 606 4633 inveni
628 4567 772 4648 majorem
792 4563 917 4640 quen,
941 4583 983 4628 sc.
1008 4559 1046 4629 7⁰
1067 4560 1122 4630 lt‘
1145 4585 1182 4640 c,
1204 4561 1341 4644 quamvis
1363 4561 1439 4625 lsti-

90 4664 161 4727 tudc
183 4661 254 4724 visa
275 4679 426 4741 uunquam
447 4665 534 4721 tanta
556 4658 619 4721 liat
664 4659 770 4739 Itaque
799 4655 828 4719 si
849 4650 912 4718 45⁰
932 4674 953 4716 a
973 4654 1053 4719 nodo
1078 4655 1110 4719 in
1125 4730 1128 4735 ¹
1142 4654 1269 4721 alterum
1297 4650 1440 4715 trientem

91 4753 126 4817 ab
148 4768 288 4834 apogeeo
311 4747 435 4824 incidit,
467 4743 518 4813 16‘
541 4747 688 4811 alteratur
716 4751 857 4828 punctum
887 4743 1044 4831 eclipticas
1073 4741 1259 4824 respondeus
1287 4747 1440 4821 apuncto

93 4843 172 4909 orbis
192 4838 400 4916 Mercurialis,
419 4836 510 4909 lineis
532 4855 572 4899 ex
584 4835 659 4909 Sole
681 4833 808 4910 eductis,
829 4852 907 4916 quae
930 4832 1116 4903 diffuantiae
1137 4829 1251 4918 aliquid
1273 4829 1385 4911 inferre
1407 4836 1441 4899 et
