3354 5504
490 1408 797 1511 Introductio
828 1409 884 1509 iu
912 1409 1007 1512 hoc
1038 1435 1171 1536 opus

764 1631 888 1643 nm

163 1734 366 1816 Durissima
385 1767 442 1815 est
461 1759 562 1813 hodie
583 1759 739 1813 conditio
760 1761 939 1815 scribendi
961 1756 1075 1815 libros
1096 1761 1318 1825 mathematicos,
1348 1762 1498 1833 praecipue

164 1843 366 1898 astronomicas.
406 1841 466 1895 Nisi
479 1834 556 1893 'euim
577 1841 728 1893 servaveris
748 1842 896 1912 genuinam
917 1841 1099 1896 subtilitatem
1127 1843 1354 1913 propositionum,
1383 1842 1497 1896 instruc·

164 1925 278 1986 tionum,
309 1920 579 1983 demonstrationum,
610 1921 824 1983 conclusionum,
855 1922 926 1976 liber
946 1939 998 1975 uon
1019 1922 1072 1974 erit
1091 1922 1315 1985 mathematicus;
1343 1922 1385 1976 sin
1407 1931 1498 1977 autem

164 2003 323 2066 servaveris,
345 2002 426 2055 lectio
447 2000 563 2054 efficitur
577 2001 767 2064 morosissime,
787 2002 949 2071 praesertim
964 2002 992 2055 iu
1005 2002 1107 2055 Latina
1120 2003 1226 2074 lingua,
1248 2020 1319 2073 quae
1340 2010 1418 2057 caret
1432 2003 1497 2058 orti·

164 2085 231 2138 culis
252 2089 281 2136 et
300 2083 350 2136 illa
369 2081 471 2153 gratia,
493 2097 573 2152 quam
593 2081 680 2133 habet
700 2082 815 2144 Graeca,
837 2099 896 2135 cum
917 2099 967 2152 per
987 2082 1069 2153 signa
1089 2082 1214 2137 literaria
1235 2083 1364 2153 loquitur.
1408 2085 1496 2137 Adeo-

164 2181 215 2234 que
236 2162 316 2217 hodic
335 2178 466 2232 perquam
479 2160 561 2231 pauci
576 2169 638 2214 sunt
655 2161 770 2214 lectores
785 2163 888 2216 idonei:
910 2162 993 2215 ceteri
1009 2162 1035 2216 in
1051 2179 1188 2216 commune
1202 2171 1344 2233 respuunt.
1380 2164 1497 2226 Quotus·

164 2244 276 2315 quisque
295 2242 546 2296 mathematicorum
576 2248 634 2304 est,
665 2241 709 2312 qui
740 2243 842 2295 tolerat
870 2243 993 2297 laborem
1021 2243 1182 2313 perlegendi
1209 2244 1350 2313 Apollonii
1378 2241 1499 2316 Pergaei

164 2324 284 2379 Couioal
323 2323 376 2378 Est
395 2330 488 2376 tamen
509 2323 558 2375 illa
577 2322 696 2375 materia
715 2339 751 2375 ex
771 2341 804 2376 eo
826 2339 915 2377 rerum
934 2339 1050 2395 genere,
1080 2325 1152 2395 quod
1171 2325 1255 2396 longe
1276 2323 1385 2379 facilius
1406 2323 1498 2395 expri-

162 2405 244 2460 mitur
263 2401 357 2475 figuris
379 2408 409 2457 et
428 2402 508 2456 lineis
528 2417 609 2472 quam
630 2402 820 2458 astronomica.

240 2483 303 2555 lpse
323 2500 391 2555 ego,
420 2483 465 2553 qui
485 2481 693 2536 mathematicus
714 2482 809 2545 audio,
831 2483 883 2536 hoc
902 2499 991 2537 meum
1017 2499 1085 2553 opus
1110 2483 1237 2553 relegens
1267 2481 1365 2538 fatisoo
1395 2482 1498 2550 viribus

159 2564 275 2629 cerebri,
297 2566 358 2618 dum
379 2580 415 2617 ex
435 2563 529 2634 liguris
551 2563 586 2616 ad
607 2568 722 2616 mentem
743 2579 846 2636 revoco⁸
861 2579 957 2616 sensus
978 2562 1250 2628 demonstrationum,
1280 2580 1347 2634 quos
1368 2579 1387 2617 a
1407 2568 1498 2617 mente

162 2647 189 2700 in
209 2646 313 2717 figuras
333 2651 362 2697 et
383 2650 489 2697 textum
511 2643 570 2712 ipse
590 2659 644 2713 ego
664 2642 788 2710 primitus
809 2643 976 2698 induxeram.
994 2634 1081 2696 'Dum
1101 2642 1187 2715 igitur
1206 2644 1316 2697 medeor
1336 2641 1498 2697 obscuritati

161 2725 293 2780 materiae
313 2723 422 2778 insertis
444 2721 737 2787 circumlocutionibus,
763 2723 823 2792 jam
850 2722 914 2777 mibi
936 2721 1072 2776 contrario
1092 2722 1159 2777 vitio
1179 2722 1273 2778 videor
1292 2723 1321 2777 in
1339 2739 1370 2777 re
1390 2723 1497 2778 usatbe-

162 2805 263 2861 matica
285 2806 398 2874 loquax.

239 2885 277 2939 Et
296 2885 382 2939 habet
401 2883 463 2953 ipsa
482 2881 564 2935 etiam
584 2881 730 2952 prolixitas
750 2881 891 2953 phrasium
904 2899 981 2937 suam
994 2881 1189 2937 obscuritatem
1207 2900 1260 2937 nou
1274 2881 1403 2937 minorem
1417 2892 1498 2954 quam

159 2965 268 3021 canusa
287 2964 418 3019 brevitas.
461 2963 538 3016 Haec
558 2962 655 3016 mentis
677 2963 769 3016 oculos
790 2963 900 3035 altingit,
930 2963 982 3019 illa
1002 2963 1142 3018 distrahit:
1171 2968 1238 3036 egat
1258 2965 1330 3018 haec
1348 2964 1426 3029 luce,
1447 2963 1499 3019 illa

159 3044 312 3117 splendoris
331 3043 410 3114 copia
430 3043 554 3097 laborat:
575 3040 692 3097 hicnon
712 3051 836 3097 movetur
855 3044 938 3108 visus,
959 3043 1016 3098 illic
1036 3043 1121 3112 plane
1140 3052 1317 3098 excoecatur.

236 3126 282 3180 Ex
296 3141 329 3179 eo
344 3122 483 3178 consilium
497 3122 566 3192 cepi,
584 3125 701 3194 quadam
716 3124 858 3178 luculenta
872 3123 1070 3179 introductione
1084 3123 1111 3177 iu
1125 3123 1178 3178 hoo
1190 3140 1259 3194 opus
1269 3123 1370 3194 juvare
1385 3129 1497 3195 sapum

160 3205 280 3270 lectoris,
305 3205 396 3275 quoad
414 3202 475 3273 ejus
495 3202 553 3256 fieri
574 3202 669 3272 possit.

237 3285 317 3340 Illam
336 3301 402 3338 vero
422 3282 558 3355 geminam
579 3300 639 3336 esse
659 3282 742 3338 volui.
782 3282 872 3337 Primo
901 3300 1017 3355 namque
1038 3285 1200 3339 Tabulam
1230 3284 1349 3339 exhibeo
1369 3284 1496 3356 Syuop·

158 3367 268 3421 ticam
297 3365 416 3435 capitum
446 3362 508 3417 libri
539 3361 669 3426 omnium,
698 3363 775 3432 cujus
796 3363 868 3417 hauc
887 3364 1037 3419 utilitatem
1057 3365 1176 3419 futuram
1197 3365 1339 3430 existimo,
1369 3371 1403 3419 ut
1432 3365 1497 3436 quia

159 3446 278 3501 materia
297 3450 342 3499 est
360 3449 466 3498 remma
486 3459 505 3497 a
523 3442 624 3497 notitia
644 3442 789 3497 multorum
808 3443 970 3515 terminique
990 3443 1018 3498 iu
1039 3461 1074 3498 ea
1093 3445 1178 3508 varii,
1207 3445 1302 3499 variae
1331 3445 1496 3506 molitiones.

158 3542 261 3598 magna
274 3524 387 3579 invicem
400 3522 582 3587 similitudine,
597 3539 698 3594 magna
714 3522 877 3596 cognatione
889 3524 935 3578 vel
948 3525 1058 3597 generis
1071 3526 1117 3580 vel
1131 3525 1266 3595 partium:
1287 3525 1396 3579 termini
1409 3524 1497 3598 igitur

160 3624 266 3670 omnes,
297 3605 449 3660 molitiones
479 3620 570 3658 omues
586 3603 674 3673 juxta
703 3603 815 3657 invicem
844 3604 951 3673 positae
978 3622 1085 3675 unoque
1106 3613 1253 3675 conspectu
1274 3606 1495 3677 comprehensae,

160 3685 309 3742 collatione
329 3692 424 3740 mutua
444 3701 505 3737 sese
525 3683 638 3736 invicem
659 3685 801 3756 detegant.
842 3685 926 3739 Verbi
947 3700 1048 3739 causa:
1078 3685 1196 3756 Disputo
1217 3688 1249 3740 de
1270 3686 1361 3740 causis
1381 3694 1496 3741 natura·

161 3767 240 3830 libus,
262 3782 333 3837 quae
353 3766 499 3836 ignoratae
513 3771 664 3833 coegerunt
677 3769 793 3827 veteres,
813 3770 845 3817 ut
859 3764 988 3820 circulum
1003 3774 1165 3835 aequantem
1180 3783 1229 3820 seu
1240 3774 1377 3836 ¹punctum
1392 3782 1494 3838 aequa·

160 3847 258 3902 torium
278 3853 420 3917 ponerent.
461 3845 491 3898 ld
511 3850 602 3898 autem
623 3843 694 3897 facio
715 3845 818 3897 duobus
839 3845 920 3910 locis,
951 3847 1077 3916 partibus
1105 3847 1210 3900 scilicet
1230 3845 1314 3900 tertia
1333 3853 1364 3901 et
1384 3840 1494 3918 quarta.

160 3928 261 3983 Iactor
280 3943 393 3980 versans
414 3925 442 3979 iu
462 3925 514 3979 hac
535 3924 651 3978 lectione
677 3930 757 3993 parte
782 3924 866 3979 tertia
885 3932 983 3996 putare
1003 3932 1098 3995 posset
1118 3943 1160 3980 me
1175 3926 1235 3996 jaul
1254 3942 1340 3999 agere
1354 3927 1495 4000 negotium

160 4006 367 4078 inaequalitatis
386 4005 507 4076 primae,
538 4020 609 4075 quae
636 4005 712 4058 inest
728 4004 897 4077 singulorum
917 4006 1091 4076 planetarum
1111 4007 1228 4061 motibus
1249 4006 1370 4064 seorsim
1411 4005 1496 4079 Atqui

159 4088 230 4142 baec
249 4087 366 4142 conditio
387 4086 464 4139 valet
484 4087 588 4139 demum
609 4092 689 4155 parte
710 4091 816 4154 quarta.
858 4086 952 4139 Tertia
971 4103 1036 4138 vero
1056 4093 1153 4156 parte,
1183 4094 1215 4141 ut
1235 4088 1362 4159 synopsis
1382 4087 1503 4152 iudicat.

160 4170 194 4222 de
214 4168 261 4221 illo
281 4171 419 4238 aequante
434 4165 550 4235 disputo,
573 4166 618 4235 qui
632 4166 682 4219 sub
697 4164 802 4218 nomine
819 4165 1024 4235 inaequalitatis
1039 4169 1174 4221 secundae
1188 4167 1365 4222 communiter
1379 4169 1495 4223 omnium

160 4249 334 4318 planetarum
354 4253 442 4301 motus
462 4245 554 4299 variat
573 4253 603 4300 et
622 4245 750 4314 primario
771 4245 797 4298 in
818 4245 879 4315 ipsa
899 4245 971 4300 Solis
992 4246 1099 4300 theoria
1111 4254 1221 4319 regnat.
1257 4248 1329 4303 Huic
1349 4248 1437 4321 igitur
1455 4246 1494 4304 rai

160 4329 353 4383 discernendae
375 4325 476 4379 serviet
496 4326 642 4395 synoptica
661 4327 778 4380 tabula.-

238 4410 340 4464 Verum
360 4406 430 4460 enim
453 4422 518 4458 vero
538 4421 572 4459 ne
593 4406 718 4476 synopsis
749 4405 854 4476 quidem
885 4421 975 4458 omnes
1005 4424 1041 4460 ex
1069 4423 1156 4477 aequo
1173 4407 1264 4476 juvat.
1304 4408 1395 4463 Erunt
1415 4407 1493 4474 euim,

160 4488 257 4563 quibus
278 4491 348 4544 baec
368 4486 466 4541 tabula
487 4481 581 4554 (quam
601 4503 655 4557 ego
675 4502 725 4556 pro
738 4485 785 4539 filo
799 4485 917 4539 exhibeo
931 4487 966 4539 ad
980 4488 1151 4541 remeandum
1165 4506 1202 4543 ex
1217 4488 1306 4559 operis
1320 4481 1493 4562 labyrintho)

159 4573 230 4627 nodo
251 4569 351 4626 Gordio
372 4564 524 4620 intricatior
548 4566 692 4621 videbitur,
733 4566 763 4619 ln
790 4582 882 4620 eorum
909 4565 994 4638 igitur
1020 4567 1139 4639 gratiam
1166 4570 1254 4625 multa
1279 4570 1324 4623 hic
1349 4569 1378 4624 in
1405 4570 1494 4624 nonu

160 4649 288 4706 collocari
310 4650 411 4702 debent
431 4645 587 4710 acervatim,
610 4663 679 4716 quae
699 4645 799 4715 partim
819 4663 869 4716 per
890 4663 957 4715 opus
979 4647 1101 4718 dispersa
1125 4650 1240 4709 nonita
1259 4650 1342 4704 facile
1362 4649 1390 4704 iu
1404 4656 1494 4705 traus-

161 4749 242 4785 cursu
263 4729 520 4785 animadvertentur.
545 4726 698 4798 'Detegam
720 4731 811 4779 autem
833 4727 859 4779 iu
879 4727 998 4797 matiam
1018 4728 1187 4799 potissimum
1207 4747 1312 4795 eorum,
1344 4731 1390 4802 qui
1410 4730 1492 4802 phy·

159 4811 263 4866 sicam
283 4809 446 4880 profitentur
465 4806 564 4879 quique
584 4805 682 4874 mihi,
704 4804 756 4863 imo
770 4822 834 4862 vcro
848 4807 1039 4879 Copernico
1053 4811 1175 4881 adeoque
1189 4813 1366 4868 vetustati
1380 4811 1492 4868 ultimae
