3354 5504
652 288 815 358 ninom
1334 288 1399 358 539
1512 331 1518 353 .

63 462 179 526 anodo
202 466 309 546 (quare
332 461 387 529 551
409 468 605 550 digressionis
627 493 646 534 a
669 469 756 544 Sole)
779 467 961 549 respondere
983 456 1107 550 putatur
1121 475 1311 548 augmentum
1325 468 1400 533 lati·-

59 553 170 615 tudiuis'
193 554 274 617 circa
295 556 392 619 nodos
415 556 446 621 5‘
475 557 548 632 13”,
577 560 741 641 parallaxis
774 559 957 639 igitur.talis
980 566 1028 620 est
1049 558 1198 637 eligenda,
1227 577 1301 640 quae
1327 560 1399 621 lati-

58 642 192 707 tudinem
214 645 350 724 proferat
371 646 550 728 longitudini
577 652 616 712 ad
639 651 716 713 hunc
737 648 888 711 modulum
912 646 1203 728 correspondentem.
1251 647 1318 718 Quo
1341 648 1399 710 im-

57 740 177 812 petrato
201 734 391 797 certisucnns
407 739 488 799 etde
505 739 696 819 longitudine,
719 738 739 799 i.
756 758 781 799 e.
797 737 927 810 horario,
948 745 979 798 et
997 738 1033 798 de
1048 734 1207 817 parallaxi.
1246 736 1341 809 Quem
1360 738 1399 801 ad

58 823 145 884 duem
155 821 187 884 iu
201 821 316 886 duobus
326 827 470 906 exemplis
480 846 571 907 supra
584 829 691 908 positis
706 828 835 889 tractavi
850 826 1023 907 parallaxes
1034 824 1209 900 latitudiuis,
1225 834 1255 888 et
1267 829 1293 887 in
1304 828 1400 907 primo

59 910 178 990 quidem
201 913 337 992 exemplo
357 914 551 991 longitudinis
566 918 648 980 arcui
672 915 725 981 52‘
749 913 812 978 35”
837 914 1004 978 latitudinis
1021 913 1233 976 incrementum
1248 915 1402 995 competiit

56 997 89 1062 δ’
112 995 190 1076 44¹2
213 1001 361 1081 parallaxi
384 998 446 1066 56¹.
485 1006 530 1067 At
552 1026 618 1068 cum
641 1006 789 1088 parallaxi
813 1001 876 1077 ὅθ’,
901 1003 1079 1083 digressioui
1094 1002 1196 1063 Lunae
1220 1004 1322 1067 aSolc
1337 1004 1400 1078 51⁴,

58 1090 262 1168 respondebat
284 1091 409 1153 variatio
426 1089 457 1155 6‘
480 1090 533 1169 9“,
557 1095 610 1156 illa
633 1097 725 1175 igitur
746 1095 910 1174 parallaxis
935 1094 1034 1154 verior
1049 1101 1107 1167 est,
1130 1111 1217 1172 quam
1239 1094 1320 1154 haec.
1364 1095 1399 1156 lu

59 1179 190 1239 secundo
214 1199 284 1241 vero
308 1182 443 1261 exemplo
467 1191 548 1245 motu
564 1205 583 1244 a
599 1182 670 1246 Sole
690 1203 742 1264 per
769 1178 804 1244 1ο
826 1180 857 1246 6⁴
882 1180 945 1247 38“
968 1182 1056 1243 Luua
1077 1181 1308 1261 deprehenditur
1325 1183 1399 1244 lati-

57 1266 192 1335 tudinem
214 1275 347 1331 mutasse
371 1289 423 1349 per
446 1267 477 1334 6¹
506 1271 554 1346 ¹¹¹,
588 1273 687 1355 itaquo
709 1270 874 1353 parallaxis
896 1267 950 1335 59‘
974 1271 1014 1332 ihi
1038 1269 1174 1332 adhibita
1194 1290 1253 1333 non
1275 1271 1400 1334 multum

59 1356 168 1418 abesse
190 1357 303 1439 poterit
324 1378 343 1419 a
365 1378 454 1435 vero;
480 1369 511 1422 et
533 1362 577 1423 sic
601 1373 632 1424 et
654 1362 790 1424 honorius
812 1360 949 1440 utrinqne
974 1361 1172 1422 confirmatur.

146 1446 260 1509 Verum
288 1447 355 1527 plus
379 1448 532 1511 delectant
554 1451 628 1513 haec
650 1451 837 1533 problemata
860 1449 996 1523 artificio,
1020 1467 1107 1529 quam
1130 1455 1256 1529 prosunt
1277 1449 1400 1512 subtili-

59 1543 123 1598 tate
157 1555 353 1599 numerorum.
419 1537 656 1602 Observationes
697 1540 775 1601 euim
816 1539 934 1602 nonnisi
963 1536 1171 1600 limatissimac
1199 1536 1401 1620 requirunturp

60 1644 134 1706 quae
160 1625 211 1686 vix
234 1645 363 1705 unquam
386 1627 489 1689 haberi
512 1639 648 1708 possunt.

150 1714 313 1776 Praeterea
343 1718 520 1796 supponitur
548 1720 684 1798 cognitus
708 1715 874 1778 latitudiuis
897 1715 1039 1794 angulus,
1067 1715 1104 1775 de
1127 1732 1184 1794 quo
1207 1714 1280 1775 nihil
1304 1714 1402 1777 adhuc

61 1804 183 1865 dictum.
229 1804 270 1864 Et
293 1805 363 1885 quia
385 1807 478 1866 multo
503 1810 600 1886 magis
623 1807 747 1886 prodest
770 1806 817 1867 hic
840 1805 945 1866 modus
964 1803 1132 1884 arguendae
1148 1803 1296 1883 paradoxi
1315 1823 1401 1865 cras-

61 1892 131 1954 siori
156 1893 302 1968 Minerva,
328 1914 416 1974 quam
442 1895 570 1969 horario,
595 1897 726 1976 pertinet
747 1892 840 1975 igitur
862 1894 900 1954 ad
924 1893 1089 1974 sequeutia.

148 1982 257 2044 Missis
279 1983 370 2062 igitur
393 1984 440 2044 his
454 1984 568 2045 duobus
588 1985 682 2046 modis
698 1984 833 2047 horarius
848 1982 1037 2055 observandi,
1060 1989 1248 2044 transeamus
1263 1981 1302 2042 ad
1315 1983 1401 2058 alios,

60 2071 88 2133 in
113 2072 222 2153 quibus
243 2091 302 2133 non
325 2081 440 2133 tantum
458 2073 528 2134 nihil
545 2073 812 2137 indemonstratum
828 2071 1087 2153 praesupponitur,
1112 2071 1270 2133 sedetiam
1283 2070 1401 2150 magni-

61 2161 131 2222 tudo
166 2160 229 2239 ejus
258 2161 317 2234 rei,
350 2179 387 2221 ex
411 2181 468 2240 (pua
491 2163 720 2238 ratiocinamur,
753 2163 917 2242 pleniorem
944 2160 1033 2223 fidem
1060 2159 1135 2222 facit
1165 2160 1244 2222 circa
1271 2160 1300 2223 id
1325 2159 1403 2241 qnod

61 2249 270 2311 ratiocinando
294 2251 507 2313 concludimus.

149 2337 252 2398 Motus
276 2338 379 2400 Lunae
403 2338 560 2420 oppositae
583 2339 648 2402 Soli
670 2339 708 2401 ad
734 2356 859 2416 unguem
879 2338 1022 2418 aequales
1038 2356 1105 2399 esse
1125 2336 1254 2400 motibus
1271 2337 1404 2415 ejusdem

61 2429 239 2507 conjunctae
264 2427 328 2489 Soli
357 2430 469 2490 ceteris
491 2428 623 2509 paribus,
648 2429 835 2491 tritissimum
862 2434 909 2488 est
931 2427 1008 2509 apud
1033 2436 1231 2488 astronomos.
1277 2425 1309 2489 Si
1333 2442 1404 2507 ergo
1525 2442 1528 2446 ⁴

60 2515 279 2597 prodiderimus
302 2517 439 2579 horarios
464 2519 492 2578 in
509 2517 755 2597 oppositionibus,
780 2517 798 2576 ii
814 2517 957 2578 valebunt
974 2525 1006 2577 et
1019 2517 1047 2578 in
1063 2515 1329 2596 conjunctionibus.
1370 2514 1405 2579 Si

61 2606 125 2685 quis
155 2605 212 2666 hoc
242 2604 422 2686 principium
447 2626 558 2687 negare
589 2608 718 2669 voluerit
740 2605 935 2680 astronomis,
973 2605 1050 2687 quod
1075 2604 1192 2686 quidem
1217 2624 1253 2666 ex
1276 2603 1404 2667 omnium

60 2694 179 2756 illorum
203 2693 422 2775 hypothesibus
445 2696 588 2777 sequitur,
614 2695 747 2758 couvioci
772 2695 798 2756 is
821 2696 933 2775 poterit
952 2714 1097 2756 consensu
1115 2693 1306 2768 horariorum,
1331 2713 1405 2774 quos

61 2784 208 2846 hacteuus
231 2785 286 2845 sub
308 2784 438 2847 articulo
460 2784 702 2864 conjunctionum
725 2783 990 2864 investigavimus,
1017 2802 1081 2844 cum
1106 2783 1152 2857 iis,
1177 2783 1226 2863 qui
1245 2784 1309 2861 jam
1333 2800 1410 2863 pro-

61 2871 168 2935 dihunt
191 2891 229 2933 ex
252 2866 534 2953 oppositionalihus.
580 2874 725 2935 Horarius
749 2892 819 2935 vero
843 2873 1062 2955 oppositionum
1085 2871 1212 2932 hahetur
1237 2872 1343 2946 lacile,
1366 2870 1402 2947 si,

63 2969 206 3043 qnantum
236 2963 325 3024 Luna
360 2962 442 3025 circa
476 2962 694 3044 oppositionem
726 2964 916 3045 progreditur
946 2962 977 3024 in
1009 2979 1066 3022 nno
1094 2960 1143 3021 dis
1171 2961 1316 3034 naturali,
1350 2977 1405 3021 ex·

62 3053 205 3131 plorctur.
904 3102 907 3111 .

103 3180 114 3195 ·
150 3138 207 3203 111.
241 3138 372 3211 Diumos
406 3139 498 3218 igitur
521 3138 625 3200 Lunae
654 3145 753 3201 motus
774 3140 912 3203 Braheus
941 3147 976 3200 ut
997 3137 1173 3198 observaret
1194 3135 1270 3199 citra
1292 3136 1404 3199 mixtu-
1521 3150 1526 3157 ·

64 3246 126 3292 ram
149 3227 355 3310 paraliaxeon,
380 3229 456 3291 hanc
479 3226 560 3289 viam
584 3235 632 3290 est
649 3228 813 3308 ingressus,
838 3236 871 3290 ut
889 3228 1069 3309 exploraret,
1092 3225 1209 3306 quaudo
1222 3226 1308 3287 Luua
1323 3232 1407 3288 esset

65 3317 92 3378 iu
115 3317 311 3397 nonagesimo
335 3317 431 3397 gradu
455 3337 474 3378 a
495 3324 605 3398 puncto
630 3316 787 3397 eclipticas
810 3318 934 3380 oriente.
980 3317 1062 3379 Tunc
1084 3316 1161 3378 enim
1183 3315 1278 3379 omnis
1300 3316 1405 3396 paral-

67 3406 145 3469 iaxis
170 3405 199 3468 in
224 3407 318 3468 latum
341 3407 434 3491 abit,
460 3404 533 3468 uihil
557 3407 586 3467 iu
612 3406 740 3486 longum.
787 3406 833 3468 Eo
856 3407 901 3468 sic
923 3407 1005 3468 lacto
1029 3405 1142 3467 duobus
1165 3404 1311 3466 continuis
1334 3404 1402 3467 dis-

66 3494 119 3559 bus
143 3496 225 3558 circa
247 3495 478 3576 oppositionem,
503 3495 591 3556 facile
615 3495 713 3572 patuit
734 3495 838 3556 Lunae
862 3495 985 3558 diuinus
1007 3504 1106 3557 motus
1128 3512 1226 3556 verus.

152 3587 243 3648 Auno
268 3581 361 3649 1595.
386 3582 415 3648 8.
441 3582 510 3646 Oct.
534 3603 620 3645 mane
645 3583 702 3645 luit
724 3583 872 3665 oppositio
887 3583 990 3647 Lunae
1013 3591 1045 3645 et
1063 3581 1153 3655 Solis,
1175 3582 1262 3644 Luna
1278 3579 1309 3644 iu
1326 3601 1410 3665 apo--

67 3692 142 3754 goso
166 3685 315 3738 versante.
356 3673 451 3753 Igitur
472 3671 663 3752 praecedenti
684 3691 809 3753 vespera
831 3673 859 3734 h.
885 3669 915 3737 9.
940 3670 994 3736 24’
1017 3672 1097 3734 circa
1120 3671 1343 3751 nonagesimum
1365 3671 1404 3735 oh

67 3775 132 3826 ortu
171 3781 225 3843 per
261 3763 498 3835 observationem
532 3762 654 3823 inventa
679 3773 731 3831 ‚est
760 3763 788 3823 in
821 3757 878 3824 18ο
908 3759 962 3823 47’
985 3760 1038 3838 Υ,
1068 3780 1133 3822 cum
1159 3760 1315 3822 latitudine
1339 3761 1404 3823 visa

70 3847 104 3914 1⁰
137 3850 189 3914 12¹
217 3852 391 3914 meridiana.
443 3851 593 3932 Sequente
622 3868 749 3930 vespera
772 3847 803 3914 8.
829 3848 897 3913 Oct.
922 3851 952 3913 h.
980 3850 1028 3913 11.
1052 3847 1122 3925 22’,
1154 3844 1267 3912 oriente
1298 3844 1338 3914 9⁰
1368 3855 1403 3927 ti,

67 3939 134 4020 ipsa
159 3941 319 4004 observata
342 3941 399 4003 fuit
421 3938 450 4002 in
479 3936 513 4002 ¹⁰
534 3933 633 4024 26¹ss
656 3938 693 4015 ὅ,
718 3938 835 4001 distans
858 3935 897 4003 8ο
919 3960 937 4001 a
959 3938 1160 4019 nonagesimo.
1207 3937 1282 4002 Cum
1305 3949 1373 4002 aute
1409 3930 1481 3975 Μ’

67 4026 105 4095 9⁰
127 4032 157 4107 ὅ
180 4030 350 4095 distareta
379 4030 490 4091 vertice
515 4029 633 4091 circiter
655 4022 730 4105 45⁸,
767 4029 866 4108 itaque
899 4029 1063 4109 parallaxis
1094 4024 1351 4115 μηκοῐιλατηςρθ
1373 3950 1472 4107 ³3,

67 4120 223 4183 horizonte
246 4127 330 4183 esset
351 4115 406 4182 lu
428 4118 562 4193 circiter,
592 4118 628 4178 de
652 4138 711 4201 qua
733 4112 774 4182 8⁰
795 4129 966 4198 competunt
989 4112 1071 4201 5¹1„
1096 4116 1211 4181 tantulo
1243 4116 1407 4201 promotio}

68 4219 134 4272 erat
156 4209 263 4284 Luna,
295 4209 404 4290 quippe
435 4227 509 4287 quae
529 4207 593 4287 jam
617 4207 646 4269 in
671 4207 854 4271 occidentem
872 4206 1078 4288 propenderet.
1125 4205 1176 4269 Sic
1199 4207 1299 4288 itaque
1322 4208 1405 4272 locus
1524 4235 1528 4247 ·

67 4298 174 4362 Lunae
215 4317 303 4361 verus
343 4293 379 4360 1⁰
414 4293 467 4360 321
499 4297 536 4372 ὅ.
591 4296 736 4361 Promota
768 4305 815 4357 est
847 4296 938 4376 igitur
967 4296 1049 4358 horis
1087 4292 1129 4360 26
1158 4297 1254 4359 minus
1289 4294 1320 4359 2‘
1350 4313 1405 4378 per

70 4383 131 4452 12⁰
153 4381 218 4462 dd‘,
241 4388 329 4467 idque
352 4408 372 4448 a
393 4386 471 4448 funis.
517 4385 642 4447 Interim
665 4404 735 4447 vero
759 4384 811 4448 Sol
836 4385 874 4446 ab
897 4385 1003 4447 iisdem
1026 4384 1093 4447 fixis
1107 4393 1257 4465 promotus
1271 4394 1319 4448 est
1334 4405 1406 4450 arcu

71 4474 108 4542 1⁰
131 4474 164 4539 2⁴
188 4472 270 4551 20¹‘,
298 4476 384 4538 Luua
407 4475 497 4555 igitur
519 4495 538 4535 a
561 4473 632 4537 Sole
657 4482 810 4555 promotus
833 4480 882 4535 est
907 4469 964 4536 11ο
986 4471 1039 4537 421
1062 4471 1136 4537 10”.
1184 4471 1276 4554 Oujus
1299 4474 1405 4538 distri·

11 4636 17 4650 .
66 4566 191 4631 butioue
225 4564 305 4627 lacta
333 4565 361 4627 in
391 4565 481 4629 horas
509 4558 551 4627 26
575 4563 672 4626 minus
695 4557 746 4636 ²¹,
783 4563 865 4622 venit
888 4563 935 4625 uni
959 4564 1049 4626 horae
1073 4561 1126 4625 27‘
1148 4559 1201 4627 3⁴⁴.
1247 4563 1352 4646 Itaque
1374 4565 1404 4627 in

67 4656 135 4735 ipso
158 4661 269 4735 puncto
292 4654 407 4727 medio,
449 4654 566 4731 quaudo
599 4650 778 4714 acceleratio
800 4652 986 4728 (copularum
1007 4651 1142 4734 propria)
1169 4660 1217 4714 est
1239 4651 1268 4714 iu
1291 4671 1404 4717 summo

68 4743 186 4824 vigore,
211 4739 298 4823 plane
320 4739 486 4805 verisimile
507 4749 563 4813 est,
585 4738 736 4805 horarium
757 4758 825 4801 esse
848 4734 902 4801 27‘
930 4740 1000 4805 12¹¹.
1034 4742 1139 4804 Potest
1152 4739 1232 4803 euim
1246 4749 1277 4803 st
1290 4743 1405 4806 ratione
