<?xml version="1.0" encoding="UTF-8"?>
<!DOCTYPE html PUBLIC "-//W3C//DTD XHTML 1.0 Transitional//EN"
    "http://www.w3.org/TR/xhtml1/DTD/xhtml1-transitional.dtd">
<html xmlns="http://www.w3.org/1999/xhtml" xml:lang="en" lang="en">
 <head>
  <title>
</title>
<meta http-equiv="Content-Type" content="text/html;charset=utf-8" />
  <meta name='ocr-system' content='tesseract 3.04.00' />
  <meta name='ocr-capabilities' content='ocr_page ocr_carea ocr_par ocr_line ocrx_word'/>
</head>
<body>
  <div class='ocr_page' id='page_1' title='image "./joanniskepleria14frisgoog_0076.png"; bbox 0 0 3354 5504; ppageno 0'>
   <div class='ocr_carea' id='block_1_1' title="bbox 171 235 1090 349">
    <p class='ocr_par' dir='ltr' id='par_1_1' title="bbox 171 235 1090 349">
     <span class='ocr_line' id='line_1_1' title="bbox 171 235 1090 349; baseline -0.011 -16"><span class='ocrx_word' id='word_1_1' title='bbox 171 267 216 338; x_wconf 83' lang='grc'><strong>66</strong></span> <span class='ocrx_word' id='word_1_2' title='bbox 248 241 251 248; x_wconf 32' lang='lat'>¹</span> <span class='ocrx_word' id='word_1_3' title='bbox 342 235 345 242; x_wconf 69' lang='lat'><em>=</em></span> <span class='ocrx_word' id='word_1_4' title='bbox 584 268 684 343; x_wconf 73' lang='lat' dir='ltr'><strong>marae</strong></span> <span class='ocrx_word' id='word_1_5' title='bbox 701 272 803 349; x_wconf 75' lang='lat' dir='ltr'><strong>Keplsri</strong></span> <span class='ocrx_word' id='word_1_6' title='bbox 822 270 972 337; x_wconf 81' lang='lat' dir='ltr'><strong>aliorumque</strong></span> <span class='ocrx_word' id='word_1_7' title='bbox 989 277 1090 324; x_wconf 76' lang='lat' dir='ltr'><strong>mamae</strong></span> 
     </span>
    </p>
   </div>
   <div class='ocr_carea' id='block_1_2' title="bbox 162 448 1558 1242">
    <p class='ocr_par' dir='ltr' id='par_1_2' title="bbox 162 448 1558 1242">
     <span class='ocr_line' id='line_1_2' title="bbox 168 448 1517 534; baseline 0.005 -19"><span class='ocrx_word' id='word_1_8' title='bbox 168 470 299 532; x_wconf 84' lang='lat' dir='ltr'><strong>sequeus</strong></span> <span class='ocrx_word' id='word_1_9' title='bbox 322 449 443 512; x_wconf 90' lang='lat' dir='ltr'><strong>multum</strong></span> <span class='ocrx_word' id='word_1_10' title='bbox 468 448 549 510; x_wconf 88' lang='lat' dir='ltr'><strong>lacit.</strong></span> <span class='ocrx_word' id='word_1_11' title='bbox 596 449 663 521; x_wconf 90' lang='lat' dir='ltr'><strong>Quo</strong></span> <span class='ocrx_word' id='word_1_12' title='bbox 687 449 715 509; x_wconf 92' lang='lat' dir='ltr'><strong>in</strong></span> <span class='ocrx_word' id='word_1_13' title='bbox 739 448 804 509; x_wconf 91' lang='lat' dir='ltr'><strong>loco</strong></span> <span class='ocrx_word' id='word_1_14' title='bbox 827 450 979 529; x_wconf 80' lang='lat' dir='ltr'>planetam</span> <span class='ocrx_word' id='word_1_15' title='bbox 1003 450 1147 524; x_wconf 88' lang='lat' dir='ltr'><strong>videmus,</strong></span> <span class='ocrx_word' id='word_1_16' title='bbox 1171 470 1208 513; x_wconf 83' lang='lat' dir='ltr'><strong>ex</strong></span> <span class='ocrx_word' id='word_1_17' title='bbox 1232 471 1267 514; x_wconf 93' lang='lat' dir='ltr'><strong>eo</strong></span> <span class='ocrx_word' id='word_1_18' title='bbox 1291 453 1319 516; x_wconf 90' lang='lat' dir='ltr'><strong>in</strong></span> <span class='ocrx_word' id='word_1_19' title='bbox 1344 454 1517 534; x_wconf 71' lang='lat' dir='ltr'><strong>eclipticam</strong></span> 
     </span>
     <span class='ocr_line' id='line_1_3' title="bbox 169 537 1517 618; baseline 0.005 -13"><span class='ocrx_word' id='word_1_20' title='bbox 169 549 257 606; x_wconf 88' lang='lat' dir='ltr'><strong>recta</strong></span> <span class='ocrx_word' id='word_1_21' title='bbox 280 538 403 611; x_wconf 81' lang='lat' dir='ltr'><strong>ducitur,</strong></span> <span class='ocrx_word' id='word_1_22' title='bbox 428 537 627 600; x_wconf 77' lang='lat' dir='ltr'><strong>determinans</strong></span> <span class='ocrx_word' id='word_1_23' title='bbox 651 539 745 598; x_wconf 90' lang='lat' dir='ltr'><strong>locum</strong></span> <span class='ocrx_word' id='word_1_24' title='bbox 763 537 827 616; x_wconf 89' lang='lat' dir='ltr'><strong>ejus</strong></span> <span class='ocrx_word' id='word_1_25' title='bbox 844 539 1028 618; x_wconf 83' lang='lat' dir='ltr'><strong>eclipticum3</strong></span> <span class='ocrx_word' id='word_1_26' title='bbox 1052 539 1127 600; x_wconf 90' lang='lat' dir='ltr'><strong>haec</strong></span> <span class='ocrx_word' id='word_1_27' title='bbox 1151 548 1198 601; x_wconf 90' lang='lat' dir='ltr'><strong>est</strong></span> <span class='ocrx_word' id='word_1_28' title='bbox 1221 542 1354 605; x_wconf 91' lang='lat' dir='ltr'><strong>reductio</strong></span> <span class='ocrx_word' id='word_1_29' title='bbox 1379 543 1438 605; x_wconf 90' lang='lat' dir='ltr'><strong>visi</strong></span> <span class='ocrx_word' id='word_1_30' title='bbox 1459 547 1517 612; x_wconf 89' lang='lat' dir='ltr'><strong>loci</strong></span> 
     </span>
     <span class='ocr_line' id='line_1_4' title="bbox 171 626 1517 714; baseline 0.003 -22"><span class='ocrx_word' id='word_1_31' title='bbox 171 631 213 693; x_wconf 88' lang='lat' dir='ltr'><strong>ad</strong></span> <span class='ocrx_word' id='word_1_32' title='bbox 237 627 416 707; x_wconf 84' lang='lat' dir='ltr'><strong>eclipticam.</strong></span> <span class='ocrx_word' id='word_1_33' title='bbox 462 627 530 688; x_wconf 88' lang='lat' dir='ltr'><strong>Jam</strong></span> <span class='ocrx_word' id='word_1_34' title='bbox 555 626 624 707; x_wconf 84' lang='lat' dir='ltr'><strong>quia</strong></span> <span class='ocrx_word' id='word_1_35' title='bbox 646 626 769 706; x_wconf 87' lang='lat' dir='ltr'><strong>planeta</strong></span> <span class='ocrx_word' id='word_1_36' title='bbox 792 627 898 689; x_wconf 77' lang='lat' dir='ltr'><strong>nec-in</strong></span> <span class='ocrx_word' id='word_1_37' title='bbox 922 647 975 690; x_wconf 91' lang='lat' dir='ltr'><strong>suo</strong></span> <span class='ocrx_word' id='word_1_38' title='bbox 999 629 1064 689; x_wconf 91' lang='lat' dir='ltr'><strong>loco</strong></span> <span class='ocrx_word' id='word_1_39' title='bbox 1079 629 1217 709; x_wconf 88' lang='lat' dir='ltr'><strong>ecliptico</strong></span> <span class='ocrx_word' id='word_1_40' title='bbox 1232 651 1286 692; x_wconf 92' lang='lat' dir='ltr'><strong>uec</strong></span> <span class='ocrx_word' id='word_1_41' title='bbox 1301 652 1371 695; x_wconf 90' lang='lat' dir='ltr'><strong>vero</strong></span> <span class='ocrx_word' id='word_1_42' title='bbox 1386 633 1517 714; x_wconf 87' lang='lat' dir='ltr'><strong>videtur,</strong></span> 
     </span>
     <span class='ocr_line' id='line_1_5' title="bbox 169 715 1519 806; baseline 0.005 -24"><span class='ocrx_word' id='word_1_43' title='bbox 169 719 224 782; x_wconf 87' lang='lat' dir='ltr'><strong>sed</strong></span> <span class='ocrx_word' id='word_1_44' title='bbox 248 718 314 778; x_wconf 91' lang='lat' dir='ltr'><strong>loco</strong></span> <span class='ocrx_word' id='word_1_45' title='bbox 337 715 510 778; x_wconf 83' lang='lat' dir='ltr'><strong>intermedio</strong></span> <span class='ocrx_word' id='word_1_46' title='bbox 535 716 631 789; x_wconf 84' lang='lat' dir='ltr'><strong>(visus</strong></span> <span class='ocrx_word' id='word_1_47' title='bbox 660 715 738 775; x_wconf 90' lang='lat' dir='ltr'><strong>enim</strong></span> <span class='ocrx_word' id='word_1_48' title='bbox 762 715 843 778; x_wconf 91' lang='lat' dir='ltr'><strong>locus</strong></span> <span class='ocrx_word' id='word_1_49' title='bbox 867 717 1014 796; x_wconf 83' lang='lat' dir='ltr'><strong>parallaxi</strong></span> <span class='ocrx_word' id='word_1_50' title='bbox 1037 717 1119 779; x_wconf 87' lang='lat' dir='ltr'><strong>orbis</strong></span> <span class='ocrx_word' id='word_1_51' title='bbox 1148 722 1263 781; x_wconf 83' lang='lat' dir='ltr'><strong>annuae</strong></span> <span class='ocrx_word' id='word_1_52' title='bbox 1288 722 1316 782; x_wconf 92' lang='lat' dir='ltr'><strong>iu</strong></span> <span class='ocrx_word' id='word_1_53' title='bbox 1350 724 1444 806; x_wconf 76' lang='lat' dir='ltr'><strong>latum</strong></span> <span class='ocrx_word' id='word_1_54' title='bbox 1469 735 1519 790; x_wconf 86' lang='lat' dir='ltr'><strong>est</strong></span> 
     </span>
     <span class='ocr_line' id='line_1_6' title="bbox 169 805 1558 892; baseline 0.004 -20"><span class='ocrx_word' id='word_1_55' title='bbox 169 806 342 885; x_wconf 88' lang='lat' dir='ltr'><strong>implicatus</strong></span> <span class='ocrx_word' id='word_1_56' title='bbox 365 805 524 865; x_wconf 84' lang='lat' dir='ltr'><strong>etiamnum</strong></span> <span class='ocrx_word' id='word_1_57' title='bbox 549 805 604 866; x_wconf 87' lang='lat' dir='ltr'><strong>sub</strong></span> <span class='ocrx_word' id='word_1_58' title='bbox 627 805 722 883; x_wconf 88' lang='lat' dir='ltr'><strong>ipsam</strong></span> <span class='ocrx_word' id='word_1_59' title='bbox 746 805 953 887; x_wconf 90' lang='lat' dir='ltr'><strong>acronychiam</strong></span> <span class='ocrx_word' id='word_1_60' title='bbox 984 805 1154 882; x_wconf 86' lang='lat' dir='ltr'><strong>visionem),</strong></span> <span class='ocrx_word' id='word_1_61' title='bbox 1179 828 1294 871; x_wconf 87' lang='lat' dir='ltr'><strong>rursum</strong></span> <span class='ocrx_word' id='word_1_62' title='bbox 1314 830 1384 892; x_wconf 91' lang='lat' dir='ltr'><strong>ergo</strong></span> <span class='ocrx_word' id='word_1_63' title='bbox 1409 815 1518 879; x_wconf 85' lang='lat' dir='ltr'><strong>eadem</strong></span> <span class='ocrx_word' id='word_1_64' title='bbox 1555 820 1558 825; x_wconf 81' lang='grc'><strong>’</strong></span> 
     </span>
     <span class='ocr_line' id='line_1_7' title="bbox 167 893 1520 974; baseline 0.004 -13"><span class='ocrx_word' id='word_1_65' title='bbox 167 895 285 960; x_wconf 87' lang='lat' dir='ltr'><strong>illaad</strong></span> <span class='ocrx_word' id='word_1_66' title='bbox 309 893 478 973; x_wconf 89' lang='lat' dir='ltr'><strong>eclipticam</strong></span> <span class='ocrx_word' id='word_1_67' title='bbox 502 903 594 967; x_wconf 90' lang='lat' dir='ltr'><strong>recta,</strong></span> <span class='ocrx_word' id='word_1_68' title='bbox 620 914 694 973; x_wconf 89' lang='lat' dir='ltr'><strong>quae</strong></span> <span class='ocrx_word' id='word_1_69' title='bbox 715 903 801 954; x_wconf 86' lang='lat' dir='ltr'><strong>secat</strong></span> <span class='ocrx_word' id='word_1_70' title='bbox 820 894 948 956; x_wconf 85' lang='lat' dir='ltr'><strong>orbitam</strong></span> <span class='ocrx_word' id='word_1_71' title='bbox 971 896 1121 974; x_wconf 87' lang='lat' dir='ltr'><strong>planetae,</strong></span> <span class='ocrx_word' id='word_1_72' title='bbox 1148 898 1243 959; x_wconf 88' lang='lat' dir='ltr'><strong>locum</strong></span> <span class='ocrx_word' id='word_1_73' title='bbox 1268 900 1309 961; x_wconf 92' lang='lat' dir='ltr'><strong>illi</strong></span> <span class='ocrx_word' id='word_1_74' title='bbox 1334 903 1520 968; x_wconf 87' lang='lat' dir='ltr'><strong>determinat</strong></span> 
     </span>
     <span class='ocr_line' id='line_1_8' title="bbox 170 982 1519 1062; baseline 0.004 -12"><span class='ocrx_word' id='word_1_75' title='bbox 170 989 202 1050; x_wconf 91' lang='lat' dir='ltr'><strong>iu</strong></span> <span class='ocrx_word' id='word_1_76' title='bbox 226 1004 280 1046; x_wconf 90' lang='lat' dir='ltr'><strong>sua</strong></span> <span class='ocrx_word' id='word_1_77' title='bbox 302 983 409 1044; x_wconf 87' lang='lat' dir='ltr'><strong>orbita.</strong></span> <span class='ocrx_word' id='word_1_78' title='bbox 455 985 593 1062; x_wconf 86' lang='lat' dir='ltr'><strong>Angulus</strong></span> <span class='ocrx_word' id='word_1_79' title='bbox 617 991 716 1044; x_wconf 88' lang='lat' dir='ltr'><strong>rectus</strong></span> <span class='ocrx_word' id='word_1_80' title='bbox 741 982 778 1042; x_wconf 91' lang='lat' dir='ltr'><strong>ab</strong></span> <span class='ocrx_word' id='word_1_81' title='bbox 802 984 941 1062; x_wconf 81' lang='lat' dir='ltr'><strong>ecliptica</strong></span> <span class='ocrx_word' id='word_1_82' title='bbox 964 992 995 1044; x_wconf 91' lang='lat' dir='ltr'><strong>et</strong></span> <span class='ocrx_word' id='word_1_83' title='bbox 1025 1005 1095 1047; x_wconf 91' lang='lat' dir='ltr'><strong>arcu</strong></span> <span class='ocrx_word' id='word_1_84' title='bbox 1126 987 1293 1049; x_wconf 87' lang='lat' dir='ltr'><strong>latitudiuis</strong></span> <span class='ocrx_word' id='word_1_85' title='bbox 1326 990 1519 1057; x_wconf 78' lang='lat' dir='ltr'><strong>subtenditur</strong></span> 
     </span>
     <span class='ocr_line' id='line_1_9' title="bbox 162 1071 1520 1162; baseline 0.004 -24"><span class='ocrx_word' id='word_1_86' title='bbox 162 1072 241 1138; x_wconf 53' lang='lat' dir='ltr'><strong>‘arcu</strong></span> <span class='ocrx_word' id='word_1_87' title='bbox 263 1072 378 1151; x_wconf 77' lang='lat' dir='ltr'><strong>orbitae</strong></span> <span class='ocrx_word' id='word_1_88' title='bbox 393 1074 500 1135; x_wconf 86' lang='lat' dir='ltr'><strong>Martis</strong></span> <span class='ocrx_word' id='word_1_89' title='bbox 524 1094 543 1132; x_wconf 94' lang='lat' dir='ltr'><strong>a</strong></span> <span class='ocrx_word' id='word_1_90' title='bbox 565 1073 643 1132; x_wconf 91' lang='lat' dir='ltr'><strong>uodo</strong></span> <span class='ocrx_word' id='word_1_91' title='bbox 667 1071 704 1130; x_wconf 90' lang='lat' dir='ltr'><strong>ad</strong></span> <span class='ocrx_word' id='word_1_92' title='bbox 728 1071 804 1132; x_wconf 90' lang='lat' dir='ltr'><strong>hunc</strong></span> <span class='ocrx_word' id='word_1_93' title='bbox 828 1072 934 1146; x_wconf 92' lang='lat' dir='ltr'><strong>locum,</strong></span> <span class='ocrx_word' id='word_1_94' title='bbox 959 1082 1008 1135; x_wconf 90' lang='lat' dir='ltr'><strong>est</strong></span> <span class='ocrx_word' id='word_1_95' title='bbox 1025 1094 1096 1153; x_wconf 91' lang='lat' dir='ltr'><strong>ergo</strong></span> <span class='ocrx_word' id='word_1_96' title='bbox 1119 1074 1177 1137; x_wconf 90' lang='lat' dir='ltr'><strong>iste</strong></span> <span class='ocrx_word' id='word_1_97' title='bbox 1192 1096 1279 1138; x_wconf 88' lang='lat' dir='ltr'><strong>arcus</strong></span> <span class='ocrx_word' id='word_1_98' title='bbox 1294 1079 1412 1158; x_wconf 83' lang='lat' dir='ltr'><strong>longior</strong></span> <span class='ocrx_word' id='word_1_99' title='bbox 1426 1102 1520 1162; x_wconf 84' lang='lat' dir='ltr'><strong>quam</strong></span> 
     </span>
     <span class='ocr_line' id='line_1_10' title="bbox 170 1158 1518 1242; baseline 0.006 -15"><span class='ocrx_word' id='word_1_100' title='bbox 170 1186 189 1227; x_wconf 91' lang='lat' dir='ltr'><strong>a</strong></span> <span class='ocrx_word' id='word_1_101' title='bbox 213 1163 289 1225; x_wconf 91' lang='lat' dir='ltr'><strong>nodo</strong></span> <span class='ocrx_word' id='word_1_102' title='bbox 313 1163 351 1222; x_wconf 89' lang='lat' dir='ltr'><strong>ad</strong></span> <span class='ocrx_word' id='word_1_103' title='bbox 374 1170 514 1242; x_wconf 90' lang='lat' dir='ltr'><strong>puuctum</strong></span> <span class='ocrx_word' id='word_1_104' title='bbox 539 1161 705 1240; x_wconf 88' lang='lat' dir='ltr'><strong>eclipticae.</strong></span> <span class='ocrx_word' id='word_1_105' title='bbox 753 1158 844 1222; x_wconf 87' lang='lat' dir='ltr'><strong>Certe</strong></span> <span class='ocrx_word' id='word_1_106' title='bbox 869 1162 1005 1242; x_wconf 87' lang='lat' dir='ltr'><strong>nuspiam</strong></span> <span class='ocrx_word' id='word_1_107' title='bbox 1020 1164 1104 1225; x_wconf 88' lang='lat' dir='ltr'><strong>Mars</strong></span> <span class='ocrx_word' id='word_1_108' title='bbox 1128 1165 1183 1226; x_wconf 89' lang='lat' dir='ltr'><strong>nisi</strong></span> <span class='ocrx_word' id='word_1_109' title='bbox 1205 1166 1234 1226; x_wconf 92' lang='lat' dir='ltr'><strong>in</strong></span> <span class='ocrx_word' id='word_1_110' title='bbox 1250 1167 1349 1229; x_wconf 89' lang='lat' dir='ltr'><strong>orbita</strong></span> <span class='ocrx_word' id='word_1_111' title='bbox 1370 1191 1426 1232; x_wconf 81' lang='lat' dir='ltr'><strong>sua</strong></span> <span class='ocrx_word' id='word_1_112' title='bbox 1445 1191 1518 1235; x_wconf 91' lang='lat' dir='ltr'><strong>ver-</strong></span> 
     </span>
    </p>
   </div>
   <div class='ocr_carea' id='block_1_3' title="bbox 7 1249 1519 1339">
    <p class='ocr_par' dir='ltr' id='par_1_3' title="bbox 7 1249 1519 1339">
     <span class='ocr_line' id='line_1_11' title="bbox 7 1249 1519 1339; baseline 0.004 -22"><span class='ocrx_word' id='word_1_113' title='bbox 7 1255 9 1258; x_wconf 56' lang='lat'>‘</span> <span class='ocrx_word' id='word_1_114' title='bbox 78 1328 80 1333; x_wconf 9' lang='lat' dir='ltr'><strong>g</strong></span> <span class='ocrx_word' id='word_1_115' title='bbox 169 1261 268 1326; x_wconf 78' lang='lat' dir='ltr'><strong>eatur,</strong></span> <span class='ocrx_word' id='word_1_116' title='bbox 292 1250 411 1313; x_wconf 89' lang='lat' dir='ltr'><strong>minime</strong></span> <span class='ocrx_word' id='word_1_117' title='bbox 434 1252 463 1312; x_wconf 92' lang='lat' dir='ltr'><strong>iu</strong></span> <span class='ocrx_word' id='word_1_118' title='bbox 488 1251 648 1312; x_wconf 85' lang='lat' dir='ltr'><strong>latitudine</strong></span> <span class='ocrx_word' id='word_1_119' title='bbox 672 1249 791 1323; x_wconf 85' lang='lat' dir='ltr'><strong>visibili,</strong></span> <span class='ocrx_word' id='word_1_120' title='bbox 816 1269 870 1325; x_wconf 82' lang='lat' dir='ltr'><strong>uec</strong></span> <span class='ocrx_word' id='word_1_121' title='bbox 890 1252 1000 1312; x_wconf 91' lang='lat' dir='ltr'><strong>attinet</strong></span> <span class='ocrx_word' id='word_1_122' title='bbox 1013 1253 1051 1314; x_wconf 90' lang='lat' dir='ltr'><strong>ad</strong></span> <span class='ocrx_word' id='word_1_123' title='bbox 1064 1254 1199 1334; x_wconf 89' lang='lat' dir='ltr'><strong>proprios</strong></span> <span class='ocrx_word' id='word_1_124' title='bbox 1214 1256 1279 1334; x_wconf 91' lang='lat' dir='ltr'><strong>ejus</strong></span> <span class='ocrx_word' id='word_1_125' title='bbox 1293 1265 1402 1334; x_wconf 82' lang='lat' dir='ltr'><strong>motus,</strong></span> <span class='ocrx_word' id='word_1_126' title='bbox 1427 1280 1519 1339; x_wconf 84' lang='lat' dir='ltr'><strong>quam</strong></span> 
     </span>
    </p>
   </div>
   <div class='ocr_carea' id='block_1_4' title="bbox 119 1339 1554 3032">
    <p class='ocr_par' dir='ltr' id='par_1_4' title="bbox 119 1339 1554 3032">
     <span class='ocr_line' id='line_1_12' title="bbox 168 1339 1518 1414; baseline 0.006 -12"><span class='ocrx_word' id='word_1_127' title='bbox 168 1344 249 1405; x_wconf 90' lang='lat' dir='ltr'><strong>viam</strong></span> <span class='ocrx_word' id='word_1_128' title='bbox 273 1340 357 1402; x_wconf 90' lang='lat' dir='ltr'><strong>nobis</strong></span> <span class='ocrx_word' id='word_1_129' title='bbox 381 1340 518 1402; x_wconf 84' lang='lat' dir='ltr'><strong>videatur</strong></span> <span class='ocrx_word' id='word_1_130' title='bbox 542 1339 599 1401; x_wconf 88' lang='lat' dir='ltr'><strong>sub</strong></span> <span class='ocrx_word' id='word_1_131' title='bbox 620 1339 686 1400; x_wconf 81' lang='lat' dir='ltr'><strong>fixis</strong></span> <span class='ocrx_word' id='word_1_132' title='bbox 709 1339 887 1402; x_wconf 88' lang='lat' dir='ltr'><strong>describere.</strong></span> <span class='ocrx_word' id='word_1_133' title='bbox 933 1341 1012 1403; x_wconf 90' lang='lat' dir='ltr'><strong>Nam</strong></span> <span class='ocrx_word' id='word_1_134' title='bbox 1035 1344 1090 1404; x_wconf 91' lang='lat' dir='ltr'><strong>suh</strong></span> <span class='ocrx_word' id='word_1_135' title='bbox 1110 1343 1176 1405; x_wconf 81' lang='lat' dir='ltr'><strong>fixis</strong></span> <span class='ocrx_word' id='word_1_136' title='bbox 1191 1364 1244 1406; x_wconf 90' lang='lat' dir='ltr'><strong>uec</strong></span> <span class='ocrx_word' id='word_1_137' title='bbox 1260 1356 1307 1407; x_wconf 90' lang='lat' dir='ltr'><strong>est</strong></span> <span class='ocrx_word' id='word_1_138' title='bbox 1326 1347 1518 1414; x_wconf 84' lang='lat' dir='ltr'><strong>intermixtus</strong></span> 
     </span>
     <span class='ocr_line' id='line_1_13' title="bbox 169 1427 1518 1512; baseline 0.001 -17"><span class='ocrx_word' id='word_1_139' title='bbox 169 1431 229 1496; x_wconf 84' lang='lat' dir='ltr'><strong>illie</strong></span> <span class='ocrx_word' id='word_1_140' title='bbox 251 1449 306 1492; x_wconf 89' lang='lat' dir='ltr'><strong>nec</strong></span> <span class='ocrx_word' id='word_1_141' title='bbox 329 1437 495 1491; x_wconf 89' lang='lat' dir='ltr'><strong>tortuosam</strong></span> <span class='ocrx_word' id='word_1_142' title='bbox 519 1429 599 1490; x_wconf 86' lang='lat' dir='ltr'><strong>viam</strong></span> <span class='ocrx_word' id='word_1_143' title='bbox 623 1427 765 1489; x_wconf 89' lang='lat' dir='ltr'><strong>describit</strong></span> <span class='ocrx_word' id='word_1_144' title='bbox 792 1448 846 1490; x_wconf 93' lang='lat' dir='ltr'><strong>nec</strong></span> <span class='ocrx_word' id='word_1_145' title='bbox 876 1431 1056 1508; x_wconf 83' lang='lat' dir='ltr'><strong>regreditur,</strong></span> <span class='ocrx_word' id='word_1_146' title='bbox 1092 1452 1167 1512; x_wconf 91' lang='lat' dir='ltr'><strong>quae</strong></span> <span class='ocrx_word' id='word_1_147' title='bbox 1199 1435 1299 1496; x_wconf 90' lang='lat' dir='ltr'><strong>omnia</strong></span> <span class='ocrx_word' id='word_1_148' title='bbox 1331 1436 1433 1499; x_wconf 89' lang='lat' dir='ltr'><strong>videre</strong></span> <span class='ocrx_word' id='word_1_149' title='bbox 1461 1459 1518 1504; x_wconf 77' lang='lat' dir='ltr'><strong>uos</strong></span> 
     </span>
     <span class='ocr_line' id='line_1_14' title="bbox 167 1506 1517 1604; baseline 0.007 -20"><span class='ocrx_word' id='word_1_150' title='bbox 167 1529 317 1604; x_wconf 85' lang='lat' dir='ltr'><strong>putamus.</strong></span> <span class='ocrx_word' id='word_1_151' title='bbox 356 1519 478 1580; x_wconf 86' lang='lat' dir='ltr'><strong>Videris</strong></span> <span class='ocrx_word' id='word_1_152' title='bbox 498 1518 618 1580; x_wconf 89' lang='lat' dir='ltr'><strong>taudem</strong></span> <span class='ocrx_word' id='word_1_153' title='bbox 632 1536 795 1596; x_wconf 91' lang='lat' dir='ltr'><strong>provocare</strong></span> <span class='ocrx_word' id='word_1_154' title='bbox 811 1519 849 1578; x_wconf 91' lang='lat' dir='ltr'><strong>ad</strong></span> <span class='ocrx_word' id='word_1_155' title='bbox 864 1519 1088 1582; x_wconf 89' lang='lat' dir='ltr'><strong>observationes</strong></span> <span class='ocrx_word' id='word_1_156' title='bbox 1098 1522 1216 1600; x_wconf 87' lang='lat' dir='ltr'><strong>rejecto</strong></span> <span class='ocrx_word' id='word_1_157' title='bbox 1227 1524 1339 1602; x_wconf 91' lang='lat' dir='ltr'><strong>judicio</strong></span> <span class='ocrx_word' id='word_1_158' title='bbox 1355 1506 1517 1592; x_wconf 51' lang='lat' dir='ltr'><strong>rationum,</strong></span> 
     </span>
     <span class='ocr_line' id='line_1_15' title="bbox 168 1604 1518 1695; baseline -0.003 -19"><span class='ocrx_word' id='word_1_159' title='bbox 168 1611 215 1676; x_wconf 79' lang='lat' dir='ltr'><strong>Aa</strong></span> <span class='ocrx_word' id='word_1_160' title='bbox 236 1608 367 1689; x_wconf 89' lang='lat' dir='ltr'><strong>iniquum</strong></span> <span class='ocrx_word' id='word_1_161' title='bbox 395 1617 443 1670; x_wconf 90' lang='lat' dir='ltr'><strong>est</strong></span> <span class='ocrx_word' id='word_1_162' title='bbox 469 1607 663 1687; x_wconf 88' lang='lat' dir='ltr'><strong>postulatum.</strong></span> <span class='ocrx_word' id='word_1_163' title='bbox 711 1604 813 1677; x_wconf 85' lang='lat' dir='ltr'><strong>Quid?</strong></span> <span class='ocrx_word' id='word_1_164' title='bbox 845 1608 969 1670; x_wconf 89' lang='lat' dir='ltr'><strong>Nihilne</strong></span> <span class='ocrx_word' id='word_1_165' title='bbox 996 1610 1025 1671; x_wconf 92' lang='lat' dir='ltr'><strong>iu</strong></span> <span class='ocrx_word' id='word_1_166' title='bbox 1057 1612 1240 1673; x_wconf 86' lang='lat' dir='ltr'><strong>astronomia</strong></span> <span class='ocrx_word' id='word_1_167' title='bbox 1271 1634 1433 1695; x_wconf 81' lang='lat' dir='ltr'><strong>sequamur</strong></span> <span class='ocrx_word' id='word_1_168' title='bbox 1459 1617 1518 1683; x_wconf 69' lang='lat' dir='ltr'><strong>nisi</strong></span> 
     </span>
     <span class='ocr_line' id='line_1_16' title="bbox 170 1694 1517 1783; baseline 0.006 -21"><span class='ocrx_word' id='word_1_169' title='bbox 170 1699 249 1783; x_wconf 92' lang='lat' dir='ltr'><strong>quod</strong></span> <span class='ocrx_word' id='word_1_170' title='bbox 277 1697 503 1760; x_wconf 85' lang='lat' dir='ltr'><strong>observationes</strong></span> <span class='ocrx_word' id='word_1_171' title='bbox 534 1696 760 1758; x_wconf 90' lang='lat' dir='ltr'><strong>monstrarunt?</strong></span> <span class='ocrx_word' id='word_1_172' title='bbox 806 1694 892 1783; x_wconf 83' lang='lat' dir='ltr'><strong>Quae</strong></span> <span class='ocrx_word' id='word_1_173' title='bbox 923 1717 993 1777; x_wconf 90' lang='lat' dir='ltr'><strong>ergo</strong></span> <span class='ocrx_word' id='word_1_174' title='bbox 1024 1697 1177 1762; x_wconf 87' lang='lat' dir='ltr'><strong>subtilitas</strong></span> <span class='ocrx_word' id='word_1_175' title='bbox 1205 1702 1386 1766; x_wconf 91' lang='lat' dir='ltr'><strong>observandi</strong></span> <span class='ocrx_word' id='word_1_176' title='bbox 1415 1708 1517 1770; x_wconf 90' lang='lat' dir='ltr'><strong>docuit</strong></span> 
     </span>
     <span class='ocr_line' id='line_1_17' title="bbox 170 1785 1517 1876; baseline 0.004 -24"><span class='ocrx_word' id='word_1_177' title='bbox 170 1787 379 1871; x_wconf 83' lang='lat' dir='ltr'><strong>aequationem</strong></span> <span class='ocrx_word' id='word_1_178' title='bbox 403 1795 571 1866; x_wconf 90' lang='lat' dir='ltr'><strong>temporum</strong></span> <span class='ocrx_word' id='word_1_179' title='bbox 592 1785 680 1864; x_wconf 89' lang='lat' dir='ltr'><strong>idque</strong></span> <span class='ocrx_word' id='word_1_180' title='bbox 701 1786 839 1847; x_wconf 88' lang='lat' dir='ltr'><strong>veteres?</strong></span> <span class='ocrx_word' id='word_1_181' title='bbox 863 1786 899 1847; x_wconf 90' lang='lat' dir='ltr'><strong>de</strong></span> <span class='ocrx_word' id='word_1_182' title='bbox 914 1787 1085 1867; x_wconf 86' lang='lat' dir='ltr'><strong>Tychonica</strong></span> <span class='ocrx_word' id='word_1_183' title='bbox 1108 1808 1166 1851; x_wconf 90' lang='lat' dir='ltr'><strong>non</strong></span> <span class='ocrx_word' id='word_1_184' title='bbox 1191 1791 1303 1870; x_wconf 90' lang='lat' dir='ltr'><strong>loquor.</strong></span> <span class='ocrx_word' id='word_1_185' title='bbox 1341 1794 1426 1857; x_wconf 83' lang='lat' dir='ltr'><strong>Haec</strong></span> <span class='ocrx_word' id='word_1_186' title='bbox 1450 1797 1517 1876; x_wconf 84' lang='lat' dir='ltr'><strong>ipsa</strong></span> 
     </span>
     <span class='ocr_line' id='line_1_18' title="bbox 168 1871 1515 1961; baseline 0.004 -20"><span class='ocrx_word' id='word_1_187' title='bbox 168 1888 284 1961; x_wconf 87' lang='lat' dir='ltr'><strong>quoque</strong></span> <span class='ocrx_word' id='word_1_188' title='bbox 307 1871 442 1938; x_wconf 81' lang='lat' dir='ltr'><strong>reductio</strong></span> <span class='ocrx_word' id='word_1_189' title='bbox 466 1876 543 1936; x_wconf 88' lang='lat' dir='ltr'><strong>uude</strong></span> <span class='ocrx_word' id='word_1_190' title='bbox 566 1874 691 1954; x_wconf 86' lang='lat' dir='ltr'><strong>primurn</strong></span> <span class='ocrx_word' id='word_1_191' title='bbox 715 1875 800 1936; x_wconf 87' lang='lat' dir='ltr'><strong>orta?</strong></span> <span class='ocrx_word' id='word_1_192' title='bbox 845 1876 895 1938; x_wconf 85' lang='lat' dir='ltr'><strong>Ab</strong></span> <span class='ocrx_word' id='word_1_193' title='bbox 918 1877 1129 1941; x_wconf 90' lang='lat' dir='ltr'><strong>observatione</strong></span> <span class='ocrx_word' id='word_1_194' title='bbox 1153 1899 1190 1941; x_wconf 87' lang='lat' dir='ltr'><strong>au</strong></span> <span class='ocrx_word' id='word_1_195' title='bbox 1214 1900 1234 1940; x_wconf 89' lang='lat' dir='ltr'><strong>a</strong></span> <span class='ocrx_word' id='word_1_196' title='bbox 1256 1882 1392 1946; x_wconf 87' lang='lat' dir='ltr'><strong>ratione?</strong></span> <span class='ocrx_word' id='word_1_197' title='bbox 1438 1886 1515 1953; x_wconf 85' lang='lat' dir='ltr'><strong>Puto</strong></span> 
     </span>
     <span class='ocr_line' id='line_1_19' title="bbox 168 1964 1516 2049; baseline 0.006 -18"><span class='ocrx_word' id='word_1_198' title='bbox 168 1992 188 2032; x_wconf 88' lang='lat' dir='ltr'><strong>a</strong></span> <span class='ocrx_word' id='word_1_199' title='bbox 210 1969 337 2030; x_wconf 89' lang='lat' dir='ltr'><strong>ratione.</strong></span> <span class='ocrx_word' id='word_1_200' title='bbox 383 1967 450 2045; x_wconf 88' lang='lat' dir='ltr'><strong>Ego</strong></span> <span class='ocrx_word' id='word_1_201' title='bbox 474 1964 565 2025; x_wconf 88' lang='lat' dir='ltr'><strong>doceo</strong></span> <span class='ocrx_word' id='word_1_202' title='bbox 590 1965 750 2037; x_wconf 87' lang='lat' dir='ltr'><strong>rationem,</strong></span> <span class='ocrx_word' id='word_1_203' title='bbox 775 1983 876 2026; x_wconf 90' lang='lat' dir='ltr'><strong>veram</strong></span> <span class='ocrx_word' id='word_1_204' title='bbox 900 1984 1048 2028; x_wconf 89' lang='lat' dir='ltr'><strong>essenon</strong></span> <span class='ocrx_word' id='word_1_205' title='bbox 1072 1967 1179 2042; x_wconf 90' lang='lat' dir='ltr'><strong>doceo,</strong></span> <span class='ocrx_word' id='word_1_206' title='bbox 1211 1988 1299 2049; x_wconf 87' lang='lat' dir='ltr'><strong>quam</strong></span> <span class='ocrx_word' id='word_1_207' title='bbox 1322 1974 1426 2037; x_wconf 84' lang='lat' dir='ltr'><strong>eodem</strong></span> <span class='ocrx_word' id='word_1_208' title='bbox 1450 1994 1516 2038; x_wconf 90' lang='lat' dir='ltr'><strong>cum</strong></span> 
     </span>
     <span class='ocr_line' id='line_1_20' title="bbox 168 2054 1516 2145; baseline 0.004 -27"><span class='ocrx_word' id='word_1_209' title='bbox 168 2057 322 2121; x_wconf 89' lang='lat' dir='ltr'><strong>veteribus</strong></span> <span class='ocrx_word' id='word_1_210' title='bbox 341 2055 410 2134; x_wconf 89' lang='lat' dir='ltr'><strong>jure</strong></span> <span class='ocrx_word' id='word_1_211' title='bbox 434 2072 556 2133; x_wconf 87' lang='lat' dir='ltr'><strong>sequ0r;</strong></span> <span class='ocrx_word' id='word_1_212' title='bbox 589 2054 815 2115; x_wconf 86' lang='lat' dir='ltr'><strong>observationes</strong></span> <span class='ocrx_word' id='word_1_213' title='bbox 847 2073 899 2133; x_wconf 90' lang='lat' dir='ltr'><strong>per</strong></span> <span class='ocrx_word' id='word_1_214' title='bbox 921 2055 1131 2118; x_wconf 80' lang='lat' dir='ltr'><strong>reductionem</strong></span> <span class='ocrx_word' id='word_1_215' title='bbox 1155 2062 1362 2136; x_wconf 91' lang='lat' dir='ltr'><strong>accommodo,</strong></span> <span class='ocrx_word' id='word_1_216' title='bbox 1394 2083 1432 2126; x_wconf 93' lang='lat' dir='ltr'><strong>ue</strong></span> <span class='ocrx_word' id='word_1_217' title='bbox 1462 2084 1516 2145; x_wconf 89' lang='lat' dir='ltr'><strong>pre</strong></span> 
     </span>
     <span class='ocr_line' id='line_1_21' title="bbox 170 2140 1515 2230; baseline 0 -23"><span class='ocrx_word' id='word_1_218' title='bbox 170 2146 250 2210; x_wconf 90' lang='lat' dir='ltr'><strong>veris</strong></span> <span class='ocrx_word' id='word_1_219' title='bbox 282 2145 408 2207; x_wconf 87' lang='lat' dir='ltr'><strong>vitiosas</strong></span> <span class='ocrx_word' id='word_1_220' title='bbox 441 2143 609 2206; x_wconf 88' lang='lat' dir='ltr'><strong>adhibeam.</strong></span> <span class='ocrx_word' id='word_1_221' title='bbox 656 2140 725 2212; x_wconf 89' lang='lat' dir='ltr'><strong>Qua</strong></span> <span class='ocrx_word' id='word_1_222' title='bbox 754 2161 809 2220; x_wconf 91' lang='lat' dir='ltr'><strong>ego</strong></span> <span class='ocrx_word' id='word_1_223' title='bbox 839 2162 893 2204; x_wconf 86' lang='lat' dir='ltr'><strong>ceu</strong></span> <span class='ocrx_word' id='word_1_224' title='bbox 925 2144 1010 2206; x_wconf 91' lang='lat' dir='ltr'><strong>clave</strong></span> <span class='ocrx_word' id='word_1_225' title='bbox 1043 2148 1244 2209; x_wconf 83' lang='lat' dir='ltr'><strong>astronomiae</strong></span> <span class='ocrx_word' id='word_1_226' title='bbox 1276 2158 1398 2230; x_wconf 85' lang='lat' dir='ltr'><strong>reperta</strong></span> <span class='ocrx_word' id='word_1_227' title='bbox 1429 2154 1515 2217; x_wconf 70' lang='lat' dir='ltr'><strong>unica</strong></span> 
     </span>
     <span class='ocr_line' id='line_1_22' title="bbox 169 2230 1544 2322; baseline 0.004 -23"><span class='ocrx_word' id='word_1_228' title='bbox 169 2234 292 2319; x_wconf 86' lang='lat' dir='ltr'><strong>gloriari</strong></span> <span class='ocrx_word' id='word_1_229' title='bbox 314 2253 449 2314; x_wconf 88' lang='lat' dir='ltr'><strong>possum,</strong></span> <span class='ocrx_word' id='word_1_230' title='bbox 481 2232 704 2294; x_wconf 85' lang='lat' dir='ltr'><strong>eccentricitate</strong></span> <span class='ocrx_word' id='word_1_231' title='bbox 729 2230 811 2293; x_wconf 91' lang='lat' dir='ltr'><strong>Solis</strong></span> <span class='ocrx_word' id='word_1_232' title='bbox 826 2233 1007 2310; x_wconf 86' lang='lat' dir='ltr'><strong>dimidiata,</strong></span> <span class='ocrx_word' id='word_1_233' title='bbox 1039 2236 1068 2296; x_wconf 91' lang='lat' dir='ltr'><strong>id</strong></span> <span class='ocrx_word' id='word_1_234' title='bbox 1092 2256 1185 2315; x_wconf 85' lang='lat' dir='ltr'><strong>negas</strong></span> <span class='ocrx_word' id='word_1_235' title='bbox 1209 2245 1240 2299; x_wconf 89' lang='lat' dir='ltr'><strong>te</strong></span> <span class='ocrx_word' id='word_1_236' title='bbox 1263 2240 1390 2319; x_wconf 88' lang='lat' dir='ltr'><strong>probare</strong></span> <span class='ocrx_word' id='word_1_237' title='bbox 1414 2262 1515 2322; x_wconf 87' lang='lat' dir='ltr'><strong>posse.</strong></span> <span class='ocrx_word' id='word_1_238' title='bbox 1542 2284 1544 2291; x_wconf 90' lang='lat'>·</span> 
     </span>
     <span class='ocr_line' id='line_1_23' title="bbox 119 2321 1516 2404; baseline 0.004 -14"><span class='ocrx_word' id='word_1_239' title='bbox 119 2374 121 2379; x_wconf 85' lang='lat'>-</span> <span class='ocrx_word' id='word_1_240' title='bbox 169 2328 238 2391; x_wconf 90' lang='lat' dir='ltr'><strong>Non</strong></span> <span class='ocrx_word' id='word_1_241' title='bbox 255 2333 364 2396; x_wconf 88' lang='lat' dir='ltr'><strong>tamen,</strong></span> <span class='ocrx_word' id='word_1_242' title='bbox 389 2323 444 2398; x_wconf 86' lang='lat' dir='ltr'><strong>ais,</strong></span> <span class='ocrx_word' id='word_1_243' title='bbox 470 2322 525 2383; x_wconf 91' lang='lat' dir='ltr'><strong>abs</strong></span> <span class='ocrx_word' id='word_1_244' title='bbox 544 2340 590 2383; x_wconf 88' lang='lat' dir='ltr'><strong>rue</strong></span> <span class='ocrx_word' id='word_1_245' title='bbox 605 2321 778 2383; x_wconf 88' lang='lat' dir='ltr'><strong>constitutis</strong></span> <span class='ocrx_word' id='word_1_246' title='bbox 802 2321 1024 2385; x_wconf 87' lang='lat' dir='ltr'><strong>discedendum.</strong></span> <span class='ocrx_word' id='word_1_247' title='bbox 1061 2325 1128 2387; x_wconf 92' lang='lat' dir='ltr'><strong>Nou</strong></span> <span class='ocrx_word' id='word_1_248' title='bbox 1150 2326 1226 2388; x_wconf 81' lang='lat' dir='ltr'><strong>facio</strong></span> <span class='ocrx_word' id='word_1_249' title='bbox 1246 2334 1368 2404; x_wconf 90' lang='lat' dir='ltr'><strong>temere,</strong></span> <span class='ocrx_word' id='word_1_250' title='bbox 1393 2340 1516 2396; x_wconf 81' lang='lat' dir='ltr'><strong>auctore</strong></span> 
     </span>
     <span class='ocr_line' id='line_1_24' title="bbox 169 2409 1518 2500; baseline 0 -23"><span class='ocrx_word' id='word_1_251' title='bbox 169 2415 309 2498; x_wconf 87' lang='lat' dir='ltr'><strong>Tychone</strong></span> <span class='ocrx_word' id='word_1_252' title='bbox 334 2413 411 2475; x_wconf 86' lang='lat' dir='ltr'><strong>facio</strong></span> <span class='ocrx_word' id='word_1_253' title='bbox 434 2431 487 2482; x_wconf 82' lang='lat' dir='ltr'><strong>seu</strong></span> <span class='ocrx_word' id='word_1_254' title='bbox 512 2411 642 2473; x_wconf 85' lang='lat' dir='ltr'><strong>conscio.</strong></span> <span class='ocrx_word' id='word_1_255' title='bbox 680 2409 763 2473; x_wconf 86' lang='lat' dir='ltr'><strong>Nihil</strong></span> <span class='ocrx_word' id='word_1_256' title='bbox 787 2430 888 2472; x_wconf 89' lang='lat' dir='ltr'><strong>eorum</strong></span> <span class='ocrx_word' id='word_1_257' title='bbox 910 2413 993 2488; x_wconf 90' lang='lat' dir='ltr'><strong>tollo,</strong></span> <span class='ocrx_word' id='word_1_258' title='bbox 1019 2433 1094 2494; x_wconf 90' lang='lat' dir='ltr'><strong>quae</strong></span> <span class='ocrx_word' id='word_1_259' title='bbox 1118 2435 1155 2476; x_wconf 85' lang='lat' dir='ltr'><strong>ex</strong></span> <span class='ocrx_word' id='word_1_260' title='bbox 1170 2417 1330 2497; x_wconf 89' lang='lat' dir='ltr'><strong>hypothesi</strong></span> <span class='ocrx_word' id='word_1_261' title='bbox 1345 2420 1518 2500; x_wconf 72' lang='lat' dir='ltr'><strong>&#39;l&#39;ycheqica</strong></span> 
     </span>
     <span class='ocr_line' id='line_1_25' title="bbox 169 2499 1516 2585; baseline -0.01 -19"><span class='ocrx_word' id='word_1_262' title='bbox 169 2512 346 2585; x_wconf 87' lang='lat' dir='ltr'><strong>sequuntur,</strong></span> <span class='ocrx_word' id='word_1_263' title='bbox 373 2511 410 2564; x_wconf 79' lang='lat' dir='ltr'><strong>et.</strong></span> <span class='ocrx_word' id='word_1_264' title='bbox 432 2501 487 2564; x_wconf 84' lang='lat' dir='ltr'><strong>Ch.</strong></span> <span class='ocrx_word' id='word_1_265' title='bbox 518 2499 652 2561; x_wconf 86' lang='lat' dir='ltr'><strong>Severini</strong></span> <span class='ocrx_word' id='word_1_266' title='bbox 676 2506 900 2574; x_wconf 75' lang='lat' dir='ltr'><strong>(Logomentanus)</strong></span> <span class='ocrx_word' id='word_1_267' title='bbox 927 2502 995 2564; x_wconf 87' lang='lat' dir='ltr'><strong>vivo</strong></span> <span class='ocrx_word' id='word_1_268' title='bbox 1028 2504 1167 2585; x_wconf 75' lang='lat' dir='ltr'><strong>Tychone</strong></span> <span class='ocrx_word' id='word_1_269' title='bbox 1197 2505 1226 2566; x_wconf 77' lang='lat' dir='ltr'><strong>in</strong></span> <span class='ocrx_word' id='word_1_270' title='bbox 1257 2507 1426 2572; x_wconf 62' lang='lat' dir='ltr'><strong>Lunarqbug</strong></span> <span class='ocrx_word' id='word_1_271' title='bbox 1459 2512 1516 2575; x_wconf 90' lang='lat' dir='ltr'><strong>hoc</strong></span> 
     </span>
     <span class='ocr_line' id='line_1_26' title="bbox 172 2586 1517 2675; baseline 0.001 -18"><span class='ocrx_word' id='word_1_272' title='bbox 172 2614 268 2657; x_wconf 86' lang='lat' dir='ltr'><strong>meum</strong></span> <span class='ocrx_word' id='word_1_273' title='bbox 293 2592 406 2671; x_wconf 85' lang='lat' dir='ltr'><strong>recepit</strong></span> <span class='ocrx_word' id='word_1_274' title='bbox 430 2597 461 2653; x_wconf 86' lang='lat' dir='ltr'><strong>et</strong></span> <span class='ocrx_word' id='word_1_275' title='bbox 483 2590 618 2652; x_wconf 86' lang='lat' dir='ltr'><strong>imitatus</strong></span> <span class='ocrx_word' id='word_1_276' title='bbox 642 2596 700 2650; x_wconf 89' lang='lat' dir='ltr'><strong>est.</strong></span> <span class='ocrx_word' id='word_1_277' title='bbox 747 2589 849 2669; x_wconf 89' lang='lat' dir='ltr'><strong>Tycho</strong></span> <span class='ocrx_word' id='word_1_278' title='bbox 874 2586 960 2655; x_wconf 79' lang='lat'>3600</span> <span class='ocrx_word' id='word_1_279' title='bbox 984 2591 1060 2653; x_wconf 88' lang='lat' dir='ltr'><strong>dixit</strong></span> <span class='ocrx_word' id='word_1_280' title='bbox 1082 2592 1283 2675; x_wconf 88' lang='lat' dir='ltr'><strong>hypotheseos</strong></span> <span class='ocrx_word' id='word_1_281' title='bbox 1307 2599 1425 2675; x_wconf 87' lang='lat' dir='ltr'><strong>gratia,</strong></span> <span class='ocrx_word' id='word_1_282' title='bbox 1459 2621 1517 2669; x_wconf 80' lang='lat' dir='ltr'><strong>neo</strong></span> 
     </span>
     <span class='ocr_line' id='line_1_27' title="bbox 169 2678 1554 2765; baseline 0.002 -20"><span class='ocrx_word' id='word_1_283' title='bbox 169 2684 247 2765; x_wconf 92' lang='lat' dir='ltr'><strong>quod</strong></span> <span class='ocrx_word' id='word_1_284' title='bbox 272 2683 327 2743; x_wconf 91' lang='lat' dir='ltr'><strong>hoc</strong></span> <span class='ocrx_word' id='word_1_285' title='bbox 346 2681 410 2760; x_wconf 87' lang='lat' dir='ltr'><strong>jam</strong></span> <span class='ocrx_word' id='word_1_286' title='bbox 434 2689 658 2741; x_wconf 88' lang='lat' dir='ltr'><strong>sacrosanctum</strong></span> <span class='ocrx_word' id='word_1_287' title='bbox 678 2678 764 2740; x_wconf 87' lang='lat' dir='ltr'><strong>uobis</strong></span> <span class='ocrx_word' id='word_1_288' title='bbox 788 2697 856 2739; x_wconf 88' lang='lat' dir='ltr'><strong>esse</strong></span> <span class='ocrx_word' id='word_1_289' title='bbox 880 2681 1003 2756; x_wconf 87' lang='lat' dir='ltr'><strong>debeat,</strong></span> <span class='ocrx_word' id='word_1_290' title='bbox 1032 2689 1065 2743; x_wconf 89' lang='lat' dir='ltr'><strong>ut</strong></span> <span class='ocrx_word' id='word_1_291' title='bbox 1095 2692 1165 2744; x_wconf 92' lang='lat' dir='ltr'><strong>sunt</strong></span> <span class='ocrx_word' id='word_1_292' title='bbox 1194 2684 1431 2751; x_wconf 87' lang='lat' dir='ltr'><strong>observationes.</strong></span> <span class='ocrx_word' id='word_1_293' title='bbox 1482 2694 1516 2754; x_wconf 87' lang='lat' dir='ltr'><strong>ln</strong></span> <span class='ocrx_word' id='word_1_294' title='bbox 1551 2718 1554 2723; x_wconf 45' lang='lat'><strong>⁴</strong></span> 
     </span>
     <span class='ocr_line' id='line_1_28' title="bbox 169 2768 1517 2857; baseline 0 -21"><span class='ocrx_word' id='word_1_295' title='bbox 169 2774 299 2836; x_wconf 88' lang='lat' dir='ltr'><strong>alienum</strong></span> <span class='ocrx_word' id='word_1_296' title='bbox 322 2790 369 2832; x_wconf 90' lang='lat' dir='ltr'><strong>me</strong></span> <span class='ocrx_word' id='word_1_297' title='bbox 393 2790 496 2850; x_wconf 88' lang='lat' dir='ltr'><strong>agrum</strong></span> <span class='ocrx_word' id='word_1_298' title='bbox 519 2769 662 2837; x_wconf 89' lang='lat' dir='ltr'><strong>invadere</strong></span> <span class='ocrx_word' id='word_1_299' title='bbox 686 2768 795 2847; x_wconf 88' lang='lat' dir='ltr'><strong>arguis,</strong></span> <span class='ocrx_word' id='word_1_300' title='bbox 844 2768 964 2840; x_wconf 85' lang='lat' dir='ltr'><strong>Quaero</strong></span> <span class='ocrx_word' id='word_1_301' title='bbox 988 2789 1070 2849; x_wconf 90' lang='lat' dir='ltr'><strong>ergo,</strong></span> <span class='ocrx_word' id='word_1_302' title='bbox 1094 2791 1180 2852; x_wconf 90' lang='lat' dir='ltr'><strong>quem</strong></span> <span class='ocrx_word' id='word_1_303' title='bbox 1203 2793 1307 2853; x_wconf 89' lang='lat' dir='ltr'><strong>agrum</strong></span> <span class='ocrx_word' id='word_1_304' title='bbox 1331 2775 1517 2857; x_wconf 78' lang='lat' dir='ltr'><strong>(lopemicus</strong></span> 
     </span>
     <span class='ocr_line' id='line_1_29' title="bbox 167 2857 1516 2947; baseline -0.005 -21"><span class='ocrx_word' id='word_1_305' title='bbox 167 2861 322 2935; x_wconf 88' lang='lat' dir='ltr'><strong>invaserit,</strong></span> <span class='ocrx_word' id='word_1_306' title='bbox 347 2860 415 2922; x_wconf 88' lang='lat' dir='ltr'><strong>dum</strong></span> <span class='ocrx_word' id='word_1_307' title='bbox 439 2858 540 2922; x_wconf 84' lang='lat' dir='ltr'><strong>Solem</strong></span> <span class='ocrx_word' id='word_1_308' title='bbox 563 2859 682 2941; x_wconf 90' lang='lat' dir='ltr'><strong>penitus</strong></span> <span class='ocrx_word' id='word_1_309' title='bbox 702 2857 791 2937; x_wconf 90' lang='lat' dir='ltr'><strong>jubet</strong></span> <span class='ocrx_word' id='word_1_310' title='bbox 813 2859 986 2937; x_wconf 83' lang='lat' dir='ltr'><strong>quiescere?</strong></span> <span class='ocrx_word' id='word_1_311' title='bbox 1026 2860 1175 2942; x_wconf 88' lang='lat' dir='ltr'><strong>Numquid</strong></span> <span class='ocrx_word' id='word_1_312' title='bbox 1198 2864 1387 2942; x_wconf 87' lang='lat' dir='ltr'><strong>planetarum</strong></span> <span class='ocrx_word' id='word_1_313' title='bbox 1410 2869 1516 2947; x_wconf 69' lang='lat' dir='ltr'><strong>paral.</strong></span> 
     </span>
     <span class='ocr_line' id='line_1_30' title="bbox 167 2946 1515 3032; baseline -0.003 -16"><span class='ocrx_word' id='word_1_314' title='bbox 167 2950 273 3016; x_wconf 86' lang='lat' dir='ltr'><strong>laxes?</strong></span> <span class='ocrx_word' id='word_1_315' title='bbox 312 2950 424 3012; x_wconf 85' lang='lat' dir='ltr'><strong>Eodem</strong></span> <span class='ocrx_word' id='word_1_316' title='bbox 443 2949 509 3028; x_wconf 88' lang='lat' dir='ltr'><strong>jure</strong></span> <span class='ocrx_word' id='word_1_317' title='bbox 535 2967 589 3028; x_wconf 89' lang='lat' dir='ltr'><strong>ego</strong></span> <span class='ocrx_word' id='word_1_318' title='bbox 613 2948 642 3009; x_wconf 93' lang='lat' dir='ltr'><strong>in</strong></span> <span class='ocrx_word' id='word_1_319' title='bbox 667 2966 739 3008; x_wconf 87' lang='lat' dir='ltr'><strong>casu</strong></span> <span class='ocrx_word' id='word_1_320' title='bbox 762 2946 850 3026; x_wconf 87' lang='lat' dir='ltr'><strong>plane</strong></span> <span class='ocrx_word' id='word_1_321' title='bbox 874 2948 977 3009; x_wconf 85' lang='lat' dir='ltr'><strong>eodem</strong></span> <span class='ocrx_word' id='word_1_322' title='bbox 1001 2956 1078 3011; x_wconf 92' lang='lat' dir='ltr'><strong>utor.</strong></span> <span class='ocrx_word' id='word_1_323' title='bbox 1117 2951 1194 3013; x_wconf 89' lang='lat' dir='ltr'><strong>Nam</strong></span> <span class='ocrx_word' id='word_1_324' title='bbox 1210 2954 1355 3032; x_wconf 88' lang='lat' dir='ltr'><strong>quomodo</strong></span> <span class='ocrx_word' id='word_1_325' title='bbox 1370 2976 1408 3019; x_wconf 82' lang='lat' dir='ltr'><strong>ex</strong></span> <span class='ocrx_word' id='word_1_326' title='bbox 1423 2957 1515 3020; x_wconf 62' lang='lat' dir='ltr'><strong>Sola.</strong></span> 
     </span>
    </p>
   </div>
   <div class='ocr_carea' id='block_1_5' title="bbox 48 3036 1515 3118">
    <p class='ocr_par' dir='ltr' id='par_1_5' title="bbox 48 3036 1515 3118">
     <span class='ocr_line' id='line_1_31' title="bbox 48 3036 1515 3118; baseline -0.007 -8"><span class='ocrx_word' id='word_1_327' title='bbox 48 3048 53 3058; x_wconf 88' lang='lat'><em>&#39;</em></span> <span class='ocrx_word' id='word_1_328' title='bbox 166 3042 250 3106; x_wconf 86' lang='lat' dir='ltr'><strong>ribus</strong></span> <span class='ocrx_word' id='word_1_329' title='bbox 273 3036 533 3101; x_wconf 87' lang='lat' dir='ltr'><strong>observationibus</strong></span> <span class='ocrx_word' id='word_1_330' title='bbox 563 3038 624 3099; x_wconf 90' lang='lat' dir='ltr'><strong>ista</strong></span> <span class='ocrx_word' id='word_1_331' title='bbox 654 3036 882 3111; x_wconf 89' lang='lat' dir='ltr'><strong>deducerentur,</strong></span> <span class='ocrx_word' id='word_1_332' title='bbox 912 3056 997 3117; x_wconf 90' lang='lat' dir='ltr'><strong>quae,</strong></span> <span class='ocrx_word' id='word_1_333' title='bbox 1029 3039 1087 3100; x_wconf 87' lang='lat' dir='ltr'><strong>etsi</strong></span> <span class='ocrx_word' id='word_1_334' title='bbox 1115 3042 1263 3103; x_wconf 89' lang='lat' dir='ltr'><strong>concedas</strong></span> <span class='ocrx_word' id='word_1_335' title='bbox 1294 3063 1371 3118; x_wconf 88' lang='lat' dir='ltr'><strong>esse,</strong></span> <span class='ocrx_word' id='word_1_336' title='bbox 1407 3065 1444 3112; x_wconf 77' lang='lat' dir='ltr'><strong>ex</strong></span> <span class='ocrx_word' id='word_1_337' title='bbox 1477 3047 1515 3109; x_wconf 73' lang='lat' dir='ltr'><strong>iis</strong></span> 
     </span>
    </p>
   </div>
   <div class='ocr_carea' id='block_1_6' title="bbox 134 3126 1522 4908">
    <p class='ocr_par' dir='ltr' id='par_1_6' title="bbox 139 3126 1517 3480">
     <span class='ocr_line' id='line_1_32' title="bbox 139 3126 1516 3215; baseline 0.001 -21"><span class='ocrx_word' id='word_1_338' title='bbox 139 3161 141 3168; x_wconf 95' lang='lat'>·</span> <span class='ocrx_word' id='word_1_339' title='bbox 168 3129 297 3194; x_wconf 87' lang='lat' dir='ltr'><strong>derivari</strong></span> <span class='ocrx_word' id='word_1_340' title='bbox 320 3147 378 3190; x_wconf 89' lang='lat' dir='ltr'><strong>non</strong></span> <span class='ocrx_word' id='word_1_341' title='bbox 401 3127 546 3207; x_wconf 88' lang='lat' dir='ltr'><strong>possunt?</strong></span> <span class='ocrx_word' id='word_1_342' title='bbox 591 3127 677 3188; x_wconf 90' lang='lat' dir='ltr'><strong>Adeo</strong></span> <span class='ocrx_word' id='word_1_343' title='bbox 701 3145 747 3187; x_wconf 93' lang='lat' dir='ltr'><strong>me</strong></span> <span class='ocrx_word' id='word_1_344' title='bbox 771 3126 947 3189; x_wconf 90' lang='lat' dir='ltr'><strong>destitutum</strong></span> <span class='ocrx_word' id='word_1_345' title='bbox 972 3129 1116 3207; x_wconf 85' lang='lat' dir='ltr'><strong>exemplis</strong></span> <span class='ocrx_word' id='word_1_346' title='bbox 1139 3131 1249 3208; x_wconf 82' lang='lat' dir='ltr'><strong>putas?</strong></span> <span class='ocrx_word' id='word_1_347' title='bbox 1287 3130 1366 3203; x_wconf 93' lang='lat' dir='ltr'><strong>Quid</strong></span> <span class='ocrx_word' id='word_1_348' title='bbox 1390 3153 1464 3215; x_wconf 85' lang='lat' dir='ltr'><strong>ergo</strong></span> <span class='ocrx_word' id='word_1_349' title='bbox 1487 3138 1516 3199; x_wconf 87' lang='lat' dir='ltr'><strong>in</strong></span> 
     </span>
     <span class='ocr_line' id='line_1_33' title="bbox 171 3214 1516 3301; baseline 0.004 -18"><span class='ocrx_word' id='word_1_350' title='bbox 171 3217 357 3283; x_wconf 72' lang='lat' dir='ltr'><strong>mtsouemia</strong></span> <span class='ocrx_word' id='word_1_351' title='bbox 379 3225 435 3291; x_wconf 86' lang='lat' dir='ltr'><strong>est,</strong></span> <span class='ocrx_word' id='word_1_352' title='bbox 460 3235 625 3296; x_wconf 87' lang='lat' dir='ltr'><strong>apogaeum</strong></span> <span class='ocrx_word' id='word_1_353' title='bbox 650 3214 731 3277; x_wconf 87' lang='lat' dir='ltr'><strong>Solis</strong></span> <span class='ocrx_word' id='word_1_354' title='bbox 755 3233 809 3294; x_wconf 89' lang='lat' dir='ltr'><strong>per</strong></span> <span class='ocrx_word' id='word_1_355' title='bbox 831 3216 957 3295; x_wconf 87' lang='lat' dir='ltr'><strong>eclipses</strong></span> <span class='ocrx_word' id='word_1_356' title='bbox 982 3218 1130 3296; x_wconf 86' lang='lat' dir='ltr'><strong>probare?</strong></span> <span class='ocrx_word' id='word_1_357' title='bbox 1175 3221 1239 3281; x_wconf 83' lang='lat' dir='ltr'><strong>Aut</strong></span> <span class='ocrx_word' id='word_1_358' title='bbox 1266 3214 1340 3301; x_wconf 82' lang='lat' dir='ltr'><strong>quis⁸</strong></span> <span class='ocrx_word' id='word_1_359' title='bbox 1364 3223 1394 3285; x_wconf 91' lang='lat' dir='ltr'><strong>id</strong></span> <span class='ocrx_word' id='word_1_360' title='bbox 1425 3225 1516 3288; x_wconf 87' lang='lat' dir='ltr'><strong>fecit?</strong></span> 
     </span>
     <span class='ocr_line' id='line_1_34' title="bbox 170 3304 1517 3393; baseline -0.001 -20"><span class='ocrx_word' id='word_1_361' title='bbox 170 3309 252 3373; x_wconf 87' lang='lat' dir='ltr'><strong>Male</strong></span> <span class='ocrx_word' id='word_1_362' title='bbox 276 3314 386 3387; x_wconf 88' lang='lat' dir='ltr'><strong>agatur</strong></span> <span class='ocrx_word' id='word_1_363' title='bbox 408 3304 693 3372; x_wconf 80' lang='lat' dir='ltr'><strong>cumaetrouomis,</strong></span> <span class='ocrx_word' id='word_1_364' title='bbox 727 3304 753 3365; x_wconf 89' lang='lat' dir='ltr'><strong>si</strong></span> <span class='ocrx_word' id='word_1_365' title='bbox 777 3304 857 3365; x_wconf 90' lang='lat' dir='ltr'><strong>circa</strong></span> <span class='ocrx_word' id='word_1_366' title='bbox 881 3306 1033 3385; x_wconf 88' lang='lat' dir='ltr'><strong>quodlibet</strong></span> <span class='ocrx_word' id='word_1_367' title='bbox 1066 3308 1148 3369; x_wconf 91' lang='lat' dir='ltr'><strong>sidus</strong></span> <span class='ocrx_word' id='word_1_368' title='bbox 1180 3310 1210 3371; x_wconf 94' lang='lat' dir='ltr'><strong>iu</strong></span> <span class='ocrx_word' id='word_1_369' title='bbox 1233 3310 1383 3390; x_wconf 87' lang='lat' dir='ltr'><strong>proprium</strong></span> <span class='ocrx_word' id='word_1_370' title='bbox 1412 3333 1517 3393; x_wconf 52' lang='lat' dir='ltr'><strong>Qum</strong></span> 
     </span>
     <span class='ocr_line' id='line_1_35' title="bbox 169 3393 803 3480; baseline -0.011 -19"><span class='ocrx_word' id='word_1_371' title='bbox 169 3409 310 3480; x_wconf 89' lang='lat' dir='ltr'><strong>tanquam</strong></span> <span class='ocrx_word' id='word_1_372' title='bbox 333 3397 364 3458; x_wconf 92' lang='lat' dir='ltr'><strong>iu</strong></span> <span class='ocrx_word' id='word_1_373' title='bbox 389 3395 520 3458; x_wconf 88' lang='lat' dir='ltr'><strong>ordinem</strong></span> <span class='ocrx_word' id='word_1_374' title='bbox 545 3394 656 3456; x_wconf 88' lang='lat' dir='ltr'><strong>fuerint</strong></span> <span class='ocrx_word' id='word_1_375' title='bbox 678 3393 803 3455; x_wconf 91' lang='lat' dir='ltr'><strong>redacti.</strong></span> 
     </span>
    </p>

    <p class='ocr_par' dir='ltr' id='par_1_7' title="bbox 170 3484 1522 4280">
     <span class='ocr_line' id='line_1_36' title="bbox 256 3484 1518 3572; baseline 0.003 -22"><span class='ocrx_word' id='word_1_376' title='bbox 256 3487 323 3562; x_wconf 83' lang='lat' dir='ltr'><strong>Ais,</strong></span> <span class='ocrx_word' id='word_1_377' title='bbox 349 3484 545 3547; x_wconf 87' lang='lat' dir='ltr'><strong>variationem</strong></span> <span class='ocrx_word' id='word_1_378' title='bbox 568 3485 650 3549; x_wconf 91' lang='lat' dir='ltr'><strong>illam</strong></span> <span class='ocrx_word' id='word_1_379' title='bbox 675 3501 803 3546; x_wconf 90' lang='lat' dir='ltr'><strong>annuam</strong></span> <span class='ocrx_word' id='word_1_380' title='bbox 827 3484 903 3544; x_wconf 83' lang='lat' dir='ltr'><strong>sorte</strong></span> <span class='ocrx_word' id='word_1_381' title='bbox 927 3486 1004 3546; x_wconf 89' lang='lat' dir='ltr'><strong>elias</strong></span> <span class='ocrx_word' id='word_1_382' title='bbox 1030 3484 1140 3549; x_wconf 73' lang='lat' dir='ltr'><strong>habere</strong></span> <span class='ocrx_word' id='word_1_383' title='bbox 1163 3505 1287 3560; x_wconf 88' lang='lat' dir='ltr'><strong>causas;</strong></span> <span class='ocrx_word' id='word_1_384' title='bbox 1317 3490 1362 3551; x_wconf 88' lang='lat' dir='ltr'><strong>ito</strong></span> <span class='ocrx_word' id='word_1_385' title='bbox 1391 3499 1518 3572; x_wconf 89' lang='lat' dir='ltr'><strong>ergoet</strong></span> 
     </span>
     <span class='ocr_line' id='line_1_37' title="bbox 170 3572 1517 3658; baseline -0.003 -17"><span class='ocrx_word' id='word_1_386' title='bbox 170 3577 190 3642; x_wconf 82' lang='lat'><strong>5</strong></span> <span class='ocrx_word' id='word_1_387' title='bbox 214 3575 364 3658; x_wconf 87' lang='lat' dir='ltr'><strong>epicycloe</strong></span> <span class='ocrx_word' id='word_1_388' title='bbox 387 3574 464 3636; x_wconf 82' lang='lat' dir='ltr'><strong>iuier</strong></span> <span class='ocrx_word' id='word_1_389' title='bbox 486 3574 515 3635; x_wconf 91' lang='lat' dir='ltr'><strong>iu</strong></span> <span class='ocrx_word' id='word_1_390' title='bbox 538 3575 687 3654; x_wconf 87' lang='lat' dir='ltr'><strong>planetas,</strong></span> <span class='ocrx_word' id='word_1_391' title='bbox 713 3572 818 3653; x_wconf 92' lang='lat' dir='ltr'><strong>quibus</strong></span> <span class='ocrx_word' id='word_1_392' title='bbox 841 3582 946 3635; x_wconf 88' lang='lat' dir='ltr'><strong>centra</strong></span> <span class='ocrx_word' id='word_1_393' title='bbox 968 3575 1123 3637; x_wconf 89' lang='lat' dir='ltr'><strong>librentur.</strong></span> <span class='ocrx_word' id='word_1_394' title='bbox 1161 3576 1196 3636; x_wconf 94' lang='lat' dir='ltr'><strong>Id</strong></span> <span class='ocrx_word' id='word_1_395' title='bbox 1215 3577 1335 3657; x_wconf 89' lang='lat' dir='ltr'><strong>quidem</strong></span> <span class='ocrx_word' id='word_1_396' title='bbox 1349 3580 1379 3639; x_wconf 94' lang='lat' dir='ltr'><strong>iu</strong></span> <span class='ocrx_word' id='word_1_397' title='bbox 1396 3580 1517 3645; x_wconf 80' lang='lat' dir='ltr'><strong>Venere</strong></span> 
     </span>
     <span class='ocr_line' id='line_1_38' title="bbox 171 3661 1522 3749; baseline 0.003 -20"><span class='ocrx_word' id='word_1_398' title='bbox 171 3675 202 3729; x_wconf 89' lang='lat' dir='ltr'><strong>et</strong></span> <span class='ocrx_word' id='word_1_399' title='bbox 215 3664 363 3728; x_wconf 89' lang='lat' dir='ltr'><strong>Mercurio</strong></span> <span class='ocrx_word' id='word_1_400' title='bbox 378 3664 569 3727; x_wconf 86' lang='lat' dir='ltr'><strong>Ptolemaeus</strong></span> <span class='ocrx_word' id='word_1_401' title='bbox 586 3661 826 3743; x_wconf 86' lang='lat' dir='ltr'><strong>Ceperuicusque</strong></span> <span class='ocrx_word' id='word_1_402' title='bbox 842 3661 938 3724; x_wconf 91' lang='lat' dir='ltr'><strong>coacti</strong></span> <span class='ocrx_word' id='word_1_403' title='bbox 963 3673 1033 3727; x_wconf 89' lang='lat' dir='ltr'><strong>suut</strong></span> <span class='ocrx_word' id='word_1_404' title='bbox 1054 3665 1092 3725; x_wconf 92' lang='lat' dir='ltr'><strong>ob</strong></span> <span class='ocrx_word' id='word_1_405' title='bbox 1116 3665 1192 3727; x_wconf 87' lang='lat' dir='ltr'><strong>hanc</strong></span> <span class='ocrx_word' id='word_1_406' title='bbox 1208 3685 1329 3729; x_wconf 87' lang='lat' dir='ltr'><strong>causam</strong></span> <span class='ocrx_word' id='word_1_407' title='bbox 1349 3669 1522 3749; x_wconf 77' lang='lat' dir='ltr'><strong>ignoratam</strong></span> 
     </span>
     <span class='ocr_line' id='line_1_39' title="bbox 172 3751 1518 3832; baseline 0.003 -14"><span class='ocrx_word' id='word_1_408' title='bbox 172 3757 289 3826; x_wconf 86' lang='lat' dir='ltr'><strong>facere,</strong></span> <span class='ocrx_word' id='word_1_409' title='bbox 321 3755 350 3816; x_wconf 91' lang='lat' dir='ltr'><strong>in</strong></span> <span class='ocrx_word' id='word_1_410' title='bbox 374 3752 504 3816; x_wconf 86' lang='lat' dir='ltr'><strong>Saturno</strong></span> <span class='ocrx_word' id='word_1_411' title='bbox 535 3759 566 3815; x_wconf 92' lang='lat' dir='ltr'><strong>et</strong></span> <span class='ocrx_word' id='word_1_412' title='bbox 587 3751 664 3814; x_wconf 88' lang='lat' dir='ltr'><strong>Jove</strong></span> <span class='ocrx_word' id='word_1_413' title='bbox 687 3752 874 3832; x_wconf 86' lang='lat' dir='ltr'><strong>negligentes</strong></span> <span class='ocrx_word' id='word_1_414' title='bbox 899 3753 936 3814; x_wconf 90' lang='lat' dir='ltr'><strong>ob</strong></span> <span class='ocrx_word' id='word_1_415' title='bbox 964 3753 1242 3830; x_wconf 60' lang='lat' dir='ltr'><strong>insensibilitatem</strong></span> <span class='ocrx_word' id='word_1_416' title='bbox 1274 3756 1428 3822; x_wconf 85' lang='lat' dir='ltr'><strong>iuMarte</strong></span> <span class='ocrx_word' id='word_1_417' title='bbox 1452 3780 1518 3823; x_wconf 84' lang='lat' dir='ltr'><strong>cum</strong></span> 
     </span>
     <span class='ocr_line' id='line_1_40' title="bbox 173 3841 1518 3923; baseline 0.004 -16"><span class='ocrx_word' id='word_1_418' title='bbox 173 3846 272 3907; x_wconf 87' lang='lat' dir='ltr'><strong>iacere</strong></span> <span class='ocrx_word' id='word_1_419' title='bbox 296 3843 510 3923; x_wconf 83' lang='lat' dir='ltr'><strong>neglexissent,</strong></span> <span class='ocrx_word' id='word_1_420' title='bbox 540 3841 758 3903; x_wconf 88' lang='lat' dir='ltr'><strong>inobservabile</strong></span> <span class='ocrx_word' id='word_1_421' title='bbox 782 3841 866 3913; x_wconf 83' lang='lat' dir='ltr'><strong>sidus</strong></span> <span class='ocrx_word' id='word_1_422' title='bbox 889 3842 1037 3905; x_wconf 82' lang='lat' dir='ltr'><strong>dixerunt.</strong></span> <span class='ocrx_word' id='word_1_423' title='bbox 1085 3843 1196 3905; x_wconf 87' lang='lat' dir='ltr'><strong>Verum</strong></span> <span class='ocrx_word' id='word_1_424' title='bbox 1227 3853 1259 3907; x_wconf 92' lang='lat' dir='ltr'><strong>tu</strong></span> <span class='ocrx_word' id='word_1_425' title='bbox 1287 3847 1403 3910; x_wconf 83' lang='lat' dir='ltr'><strong>usitata</strong></span> <span class='ocrx_word' id='word_1_426' title='bbox 1425 3849 1518 3912; x_wconf 81' lang='lat' dir='ltr'><strong>utaris</strong></span> 
     </span>
     <span class='ocr_line' id='line_1_41' title="bbox 173 3931 1516 4016; baseline 0.003 -21"><span class='ocrx_word' id='word_1_427' title='bbox 173 3933 339 4016; x_wconf 87' lang='lat' dir='ltr'><strong>sophistice</strong></span> <span class='ocrx_word' id='word_1_428' title='bbox 363 3933 441 4006; x_wconf 91' lang='lat' dir='ltr'><strong>(scio</strong></span> <span class='ocrx_word' id='word_1_429' title='bbox 466 3951 525 4012; x_wconf 88' lang='lat' dir='ltr'><strong>qua</strong></span> <span class='ocrx_word' id='word_1_430' title='bbox 548 3939 647 3994; x_wconf 91' lang='lat' dir='ltr'><strong>mente</strong></span> <span class='ocrx_word' id='word_1_431' title='bbox 672 3939 704 3991; x_wconf 90' lang='lat' dir='ltr'><strong>et</strong></span> <span class='ocrx_word' id='word_1_432' title='bbox 725 3932 814 3993; x_wconf 92' lang='lat' dir='ltr'><strong>credo</strong></span> <span class='ocrx_word' id='word_1_433' title='bbox 845 3931 974 4009; x_wconf 85' lang='lat' dir='ltr'><strong>praeiat&#39;</strong></span> <span class='ocrx_word' id='word_1_434' title='bbox 995 3933 1024 3993; x_wconf 91' lang='lat' dir='ltr'><strong>ui</strong></span> <span class='ocrx_word' id='word_1_435' title='bbox 1048 3940 1117 3994; x_wconf 90' lang='lat' dir='ltr'><strong>tuae</strong></span> <span class='ocrx_word' id='word_1_436' title='bbox 1141 3954 1176 3995; x_wconf 87' lang='lat' dir='ltr'><strong>ac</strong></span> <span class='ocrx_word' id='word_1_437' title='bbox 1200 3953 1304 4012; x_wconf 87' lang='lat' dir='ltr'><strong>spero,</strong></span> <span class='ocrx_word' id='word_1_438' title='bbox 1335 3946 1364 3996; x_wconf 89' lang='lat' dir='ltr'><strong>te</strong></span> <span class='ocrx_word' id='word_1_439' title='bbox 1392 3939 1516 4005; x_wconf 80' lang='lat' dir='ltr'><strong>voculas</strong></span> 
     </span>
     <span class='ocr_line' id='line_1_42' title="bbox 172 3951 1517 4106; baseline -0.001 -20"><span class='ocrx_word' id='word_1_440' title='bbox 172 4025 288 4105; x_wconf 75' lang='lat' dir='ltr'><strong>aliquas</strong></span> <span class='ocrx_word' id='word_1_441' title='bbox 303 4022 469 4102; x_wconf 87' lang='lat' dir='ltr'><strong>hujusmodi</strong></span> <span class='ocrx_word' id='word_1_442' title='bbox 484 4042 542 4084; x_wconf 92' lang='lat' dir='ltr'><strong>nou</strong></span> <span class='ocrx_word' id='word_1_443' title='bbox 557 4040 646 4100; x_wconf 89' lang='lat' dir='ltr'><strong>aegre</strong></span> <span class='ocrx_word' id='word_1_444' title='bbox 663 4021 824 4094; x_wconf 88' lang='lat' dir='ltr'><strong>laturum);</strong></span> <span class='ocrx_word' id='word_1_445' title='bbox 840 3951 1084 4100; x_wconf 61' lang='lat' dir='ltr'><strong>exemplihausa,</strong></span> <span class='ocrx_word' id='word_1_446' title='bbox 1108 4022 1134 4085; x_wconf 87' lang='lat' dir='ltr'><strong>si</strong></span> <span class='ocrx_word' id='word_1_447' title='bbox 1150 4023 1233 4085; x_wconf 90' lang='lat' dir='ltr'><strong>dicat</strong></span> <span class='ocrx_word' id='word_1_448' title='bbox 1246 4024 1364 4106; x_wconf 85' lang='lat' dir='ltr'><strong>aliquis,</strong></span> <span class='ocrx_word' id='word_1_449' title='bbox 1380 4028 1517 4106; x_wconf 81' lang='lat' dir='ltr'><strong>phasium</strong></span> 
     </span>
     <span class='ocr_line' id='line_1_43' title="bbox 173 4110 1517 4191; baseline 0.004 -15"><span class='ocrx_word' id='word_1_450' title='bbox 173 4115 276 4176; x_wconf 91' lang='lat' dir='ltr'><strong>Lunae</strong></span> <span class='ocrx_word' id='word_1_451' title='bbox 300 4132 422 4174; x_wconf 86' lang='lat' dir='ltr'><strong>causam</strong></span> <span class='ocrx_word' id='word_1_452' title='bbox 445 4119 557 4173; x_wconf 91' lang='lat' dir='ltr'><strong>motum</strong></span> <span class='ocrx_word' id='word_1_453' title='bbox 581 4111 646 4190; x_wconf 90' lang='lat' dir='ltr'><strong>ejus</strong></span> <span class='ocrx_word' id='word_1_454' title='bbox 671 4129 737 4171; x_wconf 90' lang='lat' dir='ltr'><strong>esse</strong></span> <span class='ocrx_word' id='word_1_455' title='bbox 761 4110 841 4172; x_wconf 90' lang='lat' dir='ltr'><strong>circa</strong></span> <span class='ocrx_word' id='word_1_456' title='bbox 864 4111 998 4185; x_wconf 87' lang='lat' dir='ltr'><strong>Terram,</strong></span> <span class='ocrx_word' id='word_1_457' title='bbox 1023 4112 1161 4191; x_wconf 83' lang='lat' dir='ltr'><strong>sophista</strong></span> <span class='ocrx_word' id='word_1_458' title='bbox 1183 4113 1300 4189; x_wconf 78' lang='lat' dir='ltr'><strong>dixerit,</strong></span> <span class='ocrx_word' id='word_1_459' title='bbox 1326 4117 1403 4178; x_wconf 83' lang='lat' dir='ltr'><strong>forte</strong></span> <span class='ocrx_word' id='word_1_460' title='bbox 1427 4119 1517 4182; x_wconf 77' lang='lat' dir='ltr'><strong>aliam</strong></span> 
     </span>
     <span class='ocr_line' id='line_1_44' title="bbox 173 4200 952 4280; baseline -0.013 -14"><span class='ocrx_word' id='word_1_461' title='bbox 173 4223 241 4266; x_wconf 89' lang='lat' dir='ltr'><strong>esse</strong></span> <span class='ocrx_word' id='word_1_462' title='bbox 264 4221 385 4277; x_wconf 79' lang='lat' dir='ltr'><strong>causam</strong></span> <span class='ocrx_word' id='word_1_463' title='bbox 409 4200 555 4280; x_wconf 86' lang='lat' dir='ltr'><strong>phasium.</strong></span> <span class='ocrx_word' id='word_1_464' title='bbox 947 4259 952 4267; x_wconf 77' lang='grc'>,</span> 
     </span>
    </p>

    <p class='ocr_par' dir='ltr' id='par_1_8' title="bbox 134 4287 1519 4823">
     <span class='ocr_line' id='line_1_45' title="bbox 134 4287 1519 4375; baseline 0 -20"><span class='ocrx_word' id='word_1_465' title='bbox 134 4365 139 4375; x_wconf 30' lang='grc' dir='ltr'>Ι</span> <span class='ocrx_word' id='word_1_466' title='bbox 260 4293 308 4354; x_wconf 84' lang='lat' dir='ltr'><strong>Ex</strong></span> <span class='ocrx_word' id='word_1_467' title='bbox 331 4290 454 4353; x_wconf 87' lang='lat' dir='ltr'><strong>incertis</strong></span> <span class='ocrx_word' id='word_1_468' title='bbox 477 4298 566 4369; x_wconf 90' lang='lat' dir='ltr'><strong>putas</strong></span> <span class='ocrx_word' id='word_1_469' title='bbox 585 4289 715 4369; x_wconf 90' lang='lat' dir='ltr'><strong>judicari</strong></span> <span class='ocrx_word' id='word_1_470' title='bbox 739 4289 776 4349; x_wconf 93' lang='lat' dir='ltr'><strong>de</strong></span> <span class='ocrx_word' id='word_1_471' title='bbox 800 4289 900 4350; x_wconf 90' lang='lat' dir='ltr'><strong>certis.</strong></span> <span class='ocrx_word' id='word_1_472' title='bbox 937 4287 987 4350; x_wconf 88' lang='lat' dir='ltr'><strong>Au</strong></span> <span class='ocrx_word' id='word_1_473' title='bbox 1007 4288 1097 4369; x_wconf 91' lang='lat' dir='ltr'><strong>igitur</strong></span> <span class='ocrx_word' id='word_1_474' title='bbox 1111 4289 1270 4371; x_wconf 90' lang='lat' dir='ltr'><strong>quidquam</strong></span> <span class='ocrx_word' id='word_1_475' title='bbox 1288 4293 1317 4355; x_wconf 94' lang='lat' dir='ltr'><strong>iu</strong></span> <span class='ocrx_word' id='word_1_476' title='bbox 1333 4297 1519 4363; x_wconf 82' lang='lat' dir='ltr'><strong>astronomia</strong></span> 
     </span>
     <span class='ocr_line' id='line_1_46' title="bbox 174 4377 1517 4461; baseline 0 -16"><span class='ocrx_word' id='word_1_477' title='bbox 174 4384 285 4445; x_wconf 90' lang='lat' dir='ltr'><strong>rectius</strong></span> <span class='ocrx_word' id='word_1_478' title='bbox 309 4379 569 4443; x_wconf 89' lang='lat' dir='ltr'><strong>observationibus</strong></span> <span class='ocrx_word' id='word_1_479' title='bbox 600 4399 654 4441; x_wconf 90' lang='lat' dir='ltr'><strong>seu</strong></span> <span class='ocrx_word' id='word_1_480' title='bbox 677 4377 758 4441; x_wconf 87' lang='lat' dir='ltr'><strong>Solis</strong></span> <span class='ocrx_word' id='word_1_481' title='bbox 788 4398 841 4439; x_wconf 89' lang='lat' dir='ltr'><strong>eeu</strong></span> <span class='ocrx_word' id='word_1_482' title='bbox 865 4378 994 4439; x_wconf 89' lang='lat' dir='ltr'><strong>Martis?</strong></span> <span class='ocrx_word' id='word_1_483' title='bbox 1039 4378 1087 4440; x_wconf 86' lang='lat' dir='ltr'><strong>Ex</strong></span> <span class='ocrx_word' id='word_1_484' title='bbox 1114 4380 1161 4441; x_wconf 89' lang='lat' dir='ltr'><strong>his</strong></span> <span class='ocrx_word' id='word_1_485' title='bbox 1191 4379 1268 4441; x_wconf 88' lang='lat' dir='ltr'><strong>euim</strong></span> <span class='ocrx_word' id='word_1_486' title='bbox 1294 4383 1409 4461; x_wconf 87' lang='lat' dir='ltr'><strong>judico.</strong></span> <span class='ocrx_word' id='word_1_487' title='bbox 1457 4384 1517 4449; x_wconf 87' lang='lat' dir='ltr'><strong>Sed</strong></span> 
     </span>
     <span class='ocr_line' id='line_1_47' title="bbox 175 4468 1516 4550; baseline 0.003 -16"><span class='ocrx_word' id='word_1_488' title='bbox 175 4473 252 4535; x_wconf 86' lang='lat' dir='ltr'><strong>forte</strong></span> <span class='ocrx_word' id='word_1_489' title='bbox 274 4473 331 4535; x_wconf 91' lang='lat' dir='ltr'><strong>hoc</strong></span> <span class='ocrx_word' id='word_1_490' title='bbox 354 4471 500 4532; x_wconf 90' lang='lat' dir='ltr'><strong>incertum</strong></span> <span class='ocrx_word' id='word_1_491' title='bbox 524 4470 601 4550; x_wconf 91' lang='lat' dir='ltr'><strong>quod</strong></span> <span class='ocrx_word' id='word_1_492' title='bbox 625 4477 743 4536; x_wconf 83' lang='lat' dir='ltr'><strong>statuo,</strong></span> <span class='ocrx_word' id='word_1_493' title='bbox 767 4468 897 4536; x_wconf 88' lang='lat' dir='ltr'><strong>Martem</strong></span> <span class='ocrx_word' id='word_1_494' title='bbox 920 4475 990 4546; x_wconf 90' lang='lat' dir='ltr'><strong>post</strong></span> <span class='ocrx_word' id='word_1_495' title='bbox 1013 4469 1160 4548; x_wconf 88' lang='lat' dir='ltr'><strong>integram</strong></span> <span class='ocrx_word' id='word_1_496' title='bbox 1183 4469 1336 4547; x_wconf 89' lang='lat' dir='ltr'><strong>periodum</strong></span> <span class='ocrx_word' id='word_1_497' title='bbox 1359 4473 1388 4535; x_wconf 91' lang='lat' dir='ltr'><strong>in</strong></span> <span class='ocrx_word' id='word_1_498' title='bbox 1413 4477 1516 4540; x_wconf 83' lang='lat' dir='ltr'><strong>eadem</strong></span> 
     </span>
     <span class='ocr_line' id='line_1_48' title="bbox 176 4557 1518 4645; baseline 0.002 -21"><span class='ocrx_word' id='word_1_499' title='bbox 176 4580 293 4642; x_wconf 92' lang='lat' dir='ltr'><strong>semper</strong></span> <span class='ocrx_word' id='word_1_500' title='bbox 317 4557 476 4622; x_wconf 89' lang='lat' dir='ltr'><strong>altitudine</strong></span> <span class='ocrx_word' id='word_1_501' title='bbox 500 4578 519 4619; x_wconf 87' lang='lat' dir='ltr'><strong>a</strong></span> <span class='ocrx_word' id='word_1_502' title='bbox 542 4559 635 4621; x_wconf 88' lang='lat' dir='ltr'><strong>Terra</strong></span> <span class='ocrx_word' id='word_1_503' title='bbox 659 4565 690 4619; x_wconf 94' lang='lat' dir='ltr'><strong>et</strong></span> <span class='ocrx_word' id='word_1_504' title='bbox 713 4557 816 4619; x_wconf 89' lang='lat' dir='ltr'><strong>eodem</strong></span> <span class='ocrx_word' id='word_1_505' title='bbox 841 4558 906 4618; x_wconf 88' lang='lat' dir='ltr'><strong>loco</strong></span> <span class='ocrx_word' id='word_1_506' title='bbox 930 4557 985 4618; x_wconf 87' lang='lat' dir='ltr'><strong>sub</strong></span> <span class='ocrx_word' id='word_1_507' title='bbox 1008 4558 1074 4618; x_wconf 81' lang='lat' dir='ltr'><strong>fixis</strong></span> <span class='ocrx_word' id='word_1_508' title='bbox 1098 4578 1181 4634; x_wconf 90' lang='lat' dir='ltr'><strong>esse,</strong></span> <span class='ocrx_word' id='word_1_509' title='bbox 1207 4559 1286 4621; x_wconf 86' lang='lat' dir='ltr'><strong>linea</strong></span> <span class='ocrx_word' id='word_1_510' title='bbox 1309 4581 1346 4624; x_wconf 83' lang='lat' dir='ltr'><strong>ex</strong></span> <span class='ocrx_word' id='word_1_511' title='bbox 1369 4561 1443 4626; x_wconf 91' lang='lat' dir='ltr'><strong>Sole</strong></span> <span class='ocrx_word' id='word_1_512' title='bbox 1465 4583 1518 4645; x_wconf 90' lang='lat' dir='ltr'><strong>per</strong></span> 
     </span>
     <span class='ocr_line' id='line_1_49' title="bbox 174 4646 1516 4731; baseline -0.003 -18"><span class='ocrx_word' id='word_1_513' title='bbox 174 4652 257 4713; x_wconf 94' lang='lat' dir='ltr'><strong>illum</strong></span> <span class='ocrx_word' id='word_1_514' title='bbox 281 4650 398 4731; x_wconf 84' lang='lat' dir='ltr'><strong>ejecta?</strong></span> <span class='ocrx_word' id='word_1_515' title='bbox 435 4649 511 4711; x_wconf 91' lang='lat' dir='ltr'><strong>Num</strong></span> <span class='ocrx_word' id='word_1_516' title='bbox 531 4655 564 4708; x_wconf 91' lang='lat' dir='ltr'><strong>tu</strong></span> <span class='ocrx_word' id='word_1_517' title='bbox 579 4646 774 4727; x_wconf 85' lang='lat' dir='ltr'><strong>Cupernicum</strong></span> <span class='ocrx_word' id='word_1_518' title='bbox 790 4656 842 4708; x_wconf 91' lang='lat' dir='ltr'><strong>aut</strong></span> <span class='ocrx_word' id='word_1_519' title='bbox 857 4647 1058 4708; x_wconf 88' lang='lat' dir='ltr'><strong>Ptolemaeum</strong></span> <span class='ocrx_word' id='word_1_520' title='bbox 1082 4648 1228 4728; x_wconf 89' lang='lat' dir='ltr'><strong>sequaris,</strong></span> <span class='ocrx_word' id='word_1_521' title='bbox 1253 4658 1287 4711; x_wconf 91' lang='lat' dir='ltr'><strong>ut</strong></span> <span class='ocrx_word' id='word_1_522' title='bbox 1302 4652 1403 4730; x_wconf 84' lang='lat' dir='ltr'><strong>potius</strong></span> <span class='ocrx_word' id='word_1_523' title='bbox 1427 4654 1516 4717; x_wconf 75' lang='lat' dir='ltr'><strong>libras</strong></span> 
     </span>
     <span class='ocr_line' id='line_1_50' title="bbox 177 4735 1518 4823; baseline 0.003 -21"><span class='ocrx_word' id='word_1_524' title='bbox 177 4748 311 4803; x_wconf 88' lang='lat' dir='ltr'><strong>centrum</strong></span> <span class='ocrx_word' id='word_1_525' title='bbox 334 4737 491 4800; x_wconf 88' lang='lat' dir='ltr'><strong>eccentrici</strong></span> <span class='ocrx_word' id='word_1_526' title='bbox 513 4738 621 4799; x_wconf 89' lang='lat' dir='ltr'><strong>Martis</strong></span> <span class='ocrx_word' id='word_1_527' title='bbox 644 4744 725 4798; x_wconf 89' lang='lat' dir='ltr'><strong>motu</strong></span> <span class='ocrx_word' id='word_1_528' title='bbox 749 4755 808 4798; x_wconf 92' lang='lat' dir='ltr'><strong>non</strong></span> <span class='ocrx_word' id='word_1_529' title='bbox 831 4736 923 4798; x_wconf 86' lang='lat' dir='ltr'><strong>Marti</strong></span> <span class='ocrx_word' id='word_1_530' title='bbox 946 4738 999 4797; x_wconf 94' lang='lat' dir='ltr'><strong>sed</strong></span> <span class='ocrx_word' id='word_1_531' title='bbox 1023 4735 1086 4798; x_wconf 90' lang='lat' dir='ltr'><strong>Soli</strong></span> <span class='ocrx_word' id='word_1_532' title='bbox 1120 4738 1340 4816; x_wconf 83' lang='lat' dir='ltr'><strong>respondente?</strong></span> <span class='ocrx_word' id='word_1_533' title='bbox 1385 4743 1435 4804; x_wconf 81' lang='lat' dir='ltr'><strong>lta</strong></span> <span class='ocrx_word' id='word_1_534' title='bbox 1454 4745 1518 4823; x_wconf 86' lang='lat' dir='ltr'><strong>jam</strong></span> 
     </span>
    </p>

    <p class='ocr_par' dir='ltr' id='par_1_9' title="bbox 146 4825 1517 4908">
     <span class='ocr_line' id='line_1_51' title="bbox 146 4825 1517 4908; baseline 0.004 -16"><span class='ocrx_word' id='word_1_535' title='bbox 146 4888 147 4892; x_wconf 75' lang='grc'>,</span> <span class='ocrx_word' id='word_1_536' title='bbox 178 4849 236 4892; x_wconf 91' lang='lat' dir='ltr'><strong>nou</strong></span> <span class='ocrx_word' id='word_1_537' title='bbox 259 4829 314 4892; x_wconf 88' lang='lat' dir='ltr'><strong>hoc</strong></span> <span class='ocrx_word' id='word_1_538' title='bbox 337 4834 454 4890; x_wconf 88' lang='lat' dir='ltr'><strong>tautum</strong></span> <span class='ocrx_word' id='word_1_539' title='bbox 486 4827 597 4890; x_wconf 81' lang='lat' dir='ltr'><strong>referet</strong></span> <span class='ocrx_word' id='word_1_540' title='bbox 627 4827 829 4902; x_wconf 86' lang='lat' dir='ltr'><strong>considerare,</strong></span> <span class='ocrx_word' id='word_1_541' title='bbox 859 4846 916 4908; x_wconf 94' lang='lat' dir='ltr'><strong>quo</strong></span> <span class='ocrx_word' id='word_1_542' title='bbox 945 4825 1010 4888; x_wconf 93' lang='lat' dir='ltr'><strong>loco</strong></span> <span class='ocrx_word' id='word_1_543' title='bbox 1040 4827 1086 4889; x_wconf 93' lang='lat' dir='ltr'><strong>sui</strong></span> <span class='ocrx_word' id='word_1_544' title='bbox 1109 4827 1190 4889; x_wconf 90' lang='lat' dir='ltr'><strong>orbis</strong></span> <span class='ocrx_word' id='word_1_545' title='bbox 1213 4844 1238 4905; x_wconf 59' lang='grc' dir='ltr'><strong>(ς</strong></span> <span class='ocrx_word' id='word_1_546' title='bbox 1258 4829 1314 4905; x_wconf 83' lang='lat' dir='ltr'><strong>sit3</strong></span> <span class='ocrx_word' id='word_1_547' title='bbox 1348 4830 1407 4895; x_wconf 90' lang='lat' dir='ltr'><strong>uisi</strong></span> <span class='ocrx_word' id='word_1_548' title='bbox 1440 4833 1517 4896; x_wconf 82' lang='lat' dir='ltr'><strong>euim</strong></span> 
     </span>
    </p>
   </div>
   <div class='ocr_carea' id='block_1_7' title="bbox 0 0 1688 5504">
    <p class='ocr_par' dir='ltr' id='par_1_10' title="bbox 0 0 1688 5504">
     <span class='ocr_line' id='line_1_52' title="bbox 0 0 1688 5504; baseline 0 0"><span class='ocrx_word' id='word_1_549' title='bbox 0 0 1688 5504; x_wconf 95' lang='lat' dir='ltr'><strong> </strong></span> 
     </span>
    </p>
   </div>
  </div>
 </body>
</html>
