3354 5504
161 314 226 385 354
640 314 682 371 us
699 310 815 406 ulmum·
827 314 919 366 sunu
937 315 1025 367 rrum

161 498 336 574 censetur),
359 496 428 573 binc
450 515 508 558 non
532 494 640 575 injuria
664 495 800 558 dubitare
823 496 920 578 possit
941 496 1045 572 lector,
1070 517 1107 557 au
1127 494 1219 557 etiam
1238 494 1270 558 in
1293 493 1351 559 boc
1365 513 1511 578 proneam

162 606 238 669 opus
261 589 304 649 sit
332 587 459 667 primum
488 594 583 648 totam
606 586 722 646 evalem
747 587 917 659 decurtare,
945 597 1053 665 postea
1076 606 1130 666 per
1152 595 1256 665 partes
1279 585 1389 648 iterum
1412 587 1510 669 optior

163 678 296 769 angere?
355 677 434 739 Nam
472 695 509 736 ex
546 675 698 737 schemate
734 676 854 737 videtur
889 693 1048 756 apparere,
1086 674 1345 738 abbreviationem
1374 676 1417 739 ibi
1450 677 1511 740 fere

161 767 322 830 maximam
353 766 544 844 contingere,
583 764 634 825 ubi
667 773 697 825 et
728 765 976 846 appropinquatio
1013 764 1143 826 maxima
1177 765 1216 826 ad
1246 764 1272 825 B
1303 772 1443 828 centrum
1481 773 1512 829 et

160 875 303 919 vrcrssrm.

249 943 366 1014 Quodsi
388 943 502 1023 pariter
524 941 698 1004 incederent
719 941 776 1002 hae
800 942 997 1017 variationes,
1022 942 1179 1004 methodus
1202 942 1289 1004 uobis
1312 943 1377 1006 ista
1400 963 1509 1008 nascc-

161 1041 245 1098 retur
268 1033 460 1112 computandi
484 1033 696 1112 aequationes:

250 1120 423 1186 Auomaiia
445 1122 552 1184 media
574 1121 717 1203 primum
739 1126 817 1182 esset
841 1117 943 1194 GBD,
974 1121 1059 1184 uude
1091 1128 1326 1205 computaretur
1355 1120 1511 1199 dietam

161 1212 232 1288 Gn,
256 1231 336 1294 quae
358 1211 473 1275 addita
496 1212 541 1274 od
562 1211 622 1273 AD
646 1211 831 1272 distantiam
853 1211 982 1273 termini
1004 1194 1136 1297 alieuius
1158 1211 1372 1275 antecedentis
1394 1212 1436 1275 de
1455 1208 1510 1275 GD

162 1303 235 1387 (qui
256 1321 378 1384 scrupeo·
400 1308 446 1362 eat
472 1295 525 1377 1⁰)
549 1309 579 1363 et
601 1319 724 1363 summa
747 1298 934 1373 dimidiata,
966 1299 1165 1362 constituam
1186 1320 1282 1362 arcus
1305 1300 1363 1364 CD
1388 1303 1510 1365 distan-

160 1394 238 1458 tiam
268 1386 463 1472 mquaotem
488 1386 644 1469 (omnium
670 1387 789 1450 scilicet
816 1389 882 1473 ejus
905 1382 1138 1471 punctorum:
1168 1397 1197 1451 et
1219 1395 1292 1453 tuuc
1323 1391 1509 1464 simmae,

163 1491 199 1549 ut
222 1488 267 1543 est
290 1478 452 1560 longitudo
474 1477 668 1542 semicirculi
691 1477 734 1540 ad
757 1497 910 1540 summam
939 1478 1165 1542 distantiarum
1193 1479 1334 1541 omnium
1355 1481 1394 1544 in
1416 1481 1508 1543 serui·

163 1569 290 1644 circuio,
313 1570 361 1630 sic
383 1588 449 1630 esse
471 1570 555 1631 bauo
577 1568 764 1631 distantiam
786 1585 880 1629 armus
904 1566 962 1629 GD
986 1568 1031 1631 ad
1053 1566 1277 1649 longitudinm
1297 1569 1362 1643 ΡΙ),
1388 1572 1449 1634 boc
1469 1577 1511 1632 cst

162 1662 207 1724 ad
236 1659 457 1742 apparentiam
486 1678 526 1720 erc
547 1658 573 1720 B
597 1657 700 1738 ipsius
724 1655 788 1719 cl).
836 1655 913 1718 Jam
944 1677 983 1718 eu
1006 1657 1076 1730 FD,
1108 1663 1260 1739 tauquam
1291 1678 1334 1721 eu
1362 1678 1510 1724 mma

163 1747 275 1834 auguli
304 1746 386 1811 CBD
418 1755 447 1809 et
476 1768 515 1810 erc
537 1746 605 1819 Au,
629 1746 685 1808 AB
716 1764 936 1828 quaereremus
966 1743 1052 1807 OAD
1084 1753 1288 1828 coaequatam
1317 1748 1510 1812 anomaliae

162 1840 302 1904 usum
322 1836 375 1899 m‘a
398 1855 492 1916 quam
508 1838 612 1918 prius.

249 1926 293 1987 At
323 1924 402 1986 sciat
424 1925 536 1999 lector,
566 1925 621 1986 bas
647 1924 721 1986 duas
744 1922 911 1986 varietates
935 1943 991 1984 non
1015 1924 1168 1986 ambulare
1191 1923 1257 2004 pari
1284 1939 1386 2003 passu.
1434 1926 1508 2007 Nam

161 2014 354 2099 amplificatio
378 2014 488 2095 optica,
513 2034 588 2096 quae
613 2014 706 2075 oritur
729 2030 766 2072 ex
790 2014 1075 2094 appropinquatione
1099 2012 1215 2074 itineris
1236 2010 1293 2075 DC
1318 2013 1358 2075 ad
1378 2023 1508 2077 centrum

159 2109 196 2182 B,
221 2103 381 2186 potissima
404 2104 515 2166 accidit
538 2104 617 2165 circa
641 2100 841 2183 longitudines
865 2102 997 2176 medias3
1021 2103 1103 2164 nulla
1126 2102 1187 2164 fere
1202 2101 1231 2164 in
1247 2103 1368 2183 aphelio
1383 2105 1508 2185 etper}

158 2197 257 2259 helio:
289 2201 463 2267 utcontra,
493 2193 662 2255 decurtatio
690 2192 757 2253 viae
788 2193 898 2266 uvalis,
928 2211 1003 2273 quae
1032 2192 1124 2254 oritur
1148 2210 1184 2252 ex
1207 2192 1346 2272 ingressu
1369 2193 1508 2274 planetae

161 2288 200 2348 ad
224 2290 367 2352 centrum,
391 2283 583 2345 circumcirca
605 2301 680 2362 peue
705 2282 839 2360 aequalis
863 2289 919 2343 est.
967 2279 1042 2343 Cum
1066 2282 1144 2342 eubn
1167 2281 1242 2342 duae
1266 2281 1434 2345 distantiae
1453 2302 1507 2364 op-

161 2375 280 2459 positae
304 2372 334 2432 in
359 2371 592 2451 longitudinibus
617 2372 723 2433 mediis
747 2371 876 2432 ecoentri
901 2379 1030 2450 aequent
1052 2371 1127 2432 duas
1146 2371 1269 2450 junctas
1288 2389 1385 2452 prope
1401 2372 1507 2435 lineam

162 2463 315 2546 apsidum,
349 2461 477 2523 alteram
509 2460 628 2542 aphelio
652 2461 795 2536 vicinam,
829 2461 957 2522 alteram
981 2460 1140 2540 peribolio:
1175 2479 1261 2522 arcus
1284 2479 1357 2523 vero
1382 2463 1508 2525 circum-

127 2624 130 2631 ,
161 2551 309 2617 terentiae
343 2551 439 2611 uvalis
472 2550 532 2611 sint
555 2550 584 2610 iu
608 2557 779 2628 permutata
803 2549 1014 2610 distantiarum
1037 2548 1249 2629 proportione:
1284 2570 1378 2632 qnare
1403 2559 1435 2614 et
1456 2552 1510 2614 duo

162 2662 247 2706 arcus
276 2640 445 2719 hujusmodi
491 2640 521 2700 in
555 2639 788 2719 longitudinibus
821 2639 941 2713 mediis,
979 2638 1092 2700 dnobus
1125 2639 1268 2713 arcubus,
1308 2640 1398 2703 alteri
1421 2659 1509 2722 propo

163 2730 312 2813 aphelium
335 2730 423 2791 alteri
446 2746 538 2809 prope
560 2729 745 2809 perihelium,
770 2731 912 2809 aequales
936 2737 1031 2792 eruut.
1079 2727 1112 2790 Si
1135 2727 1193 2806 ipsi
1217 2747 1304 2790 arcus
1330 2730 1428 2793 ovalis
1447 2731 1509 2792 viat

163 2821 321 2903 aequales,
354 2819 422 2899 ipsa
454 2819 545 2880 etiam
578 2815 733 2880 diminutio
768 2818 869 2880 borum
894 2837 1014 2879 arcuum
1044 2817 1179 2879 omnibus
1202 2825 1331 2898 quatuor
1359 2810 1435 2883 loc'is
1457 2819 1510 2883 erit

164 2914 227 2975 fere
251 2907 396 2990 aequalis.
442 2907 656 2988 Experimento
680 2927 728 2970 res
753 2915 800 2969 est
824 2907 1026 2988 comprobata.
1065 2906 1099 2969 Si
1122 2925 1249 2988 namque
1267 2907 1407 2972 deiectus
1422 2908 1508 2973 semi·

163 2998 265 3064 circuli
299 2998 395 3059 uvalis
432 3005 480 3058 est
511 2992 566 3060 450
602 2994 676 3072 150,
720 2997 776 3058 erit
795 2998 947 3087 'defectus
980 2997 1075 3077 partis
1108 2996 1509 3078 centesimae-octagesimo

164 3091 201 3153 de
231 3087 312 3149 ovali
335 3087 416 3148 circa
439 3086 587 3166 aphelium
611 3086 730 3148 circiter
754 3082 827 3148 140.
874 3088 918 3149 At
946 3086 1137 3167 amplificatio
1163 3105 1200 3148 ex
1223 3087 1508 3169 appropinquatione

165 3178 261 3242 uvalis
293 3194 351 3238 uon
376 3184 488 3255 aequat
511 3195 598 3237 uuum
623 3177 785 3237 secundum
808 3175 888 3237 circa
910 3176 1069 3255 aphelium.
1115 3176 1222 3257 Itaque
1247 3177 1326 3257 quod
1351 3177 1509 3260 allegatam
1540 3186 1543 3196 “

165 3269 316 3331 ocularem
339 3265 503 3326 schematis
527 3265 767 3328 aestimationem
791 3265 909 3339 attinet,
935 3285 991 3327 uon
1016 3275 1063 3327 est
1085 3264 1261 3345 simpliciter
1284 3265 1349 3343 ita,
1379 3274 1414 3329 ut
1434 3268 1509 3350 prius

165 3359 240 3420 haec
270 3355 401 3434 objectio
431 3354 569 3428 dicebat,
602 3361 636 3415 ut
663 3353 829 3416 decurtatio
863 3354 958 3416 uvalis
991 3362 1021 3416 et
1053 3354 1117 3433 ejus
1142 3353 1333 3435 amplificatio
1357 3356 1462 3438 optica
1481 3374 1508 3418 se

165 3454 266 3510 mutuo
298 3451 502 3524 compensent.
547 3442 640 3505 Esset
663 3445 781 3525 quidem
804 3445 864 3521 ite,
893 3444 918 3505 si
951 3463 1054 3507 omnes
1078 3462 1163 3505 arcus
1186 3447 1253 3507 viae
1277 3445 1376 3507 uvalis
1399 3446 1507 3528 oinee·

165 3543 268 3599 rentur
291 3541 394 3595 centro
418 3534 444 3595 B
469 3533 592 3595 directe.
629 3534 675 3596 At
692 3534 747 3594 hoo
766 3534 800 3594 lit
818 3541 933 3595 tantum
952 3533 982 3594 in
1002 3533 1236 3614 longitudinibus
1250 3533 1370 3596 mediis.
1399 3536 1508 3600 Versus

168 3623 291 3706 apsidas
315 3642 386 3685 vero
410 3623 441 3684 bi
464 3641 551 3684 arcus
576 3623 709 3684 terminis
733 3621 795 3683 suis
813 3623 1017 3703 inaequaliter
1040 3623 1289 3704 appropinquant.
1334 3620 1438 3694 Quare
1458 3643 1507 3689 uon

167 3716 241 3776 fiunt
273 3719 358 3774 tauto
390 3712 519 3792 majores
552 3731 606 3791 per
639 3712 955 3793 appropinquationem
988 3720 1020 3774 et
1053 3712 1273 3792 apparentiam,
1304 3723 1420 3794 quauta
1449 3720 1508 3778 sunt

170 3802 244 3866 facti
267 3800 420 3863 breviores
442 3819 496 3880 per
517 3801 762 3863 decurtationem.
789 3818 794 3827 ·

256 3893 362 3970 Itaque
395 3891 472 3953 bano
500 3890 670 3953 methodum
701 3897 820 3953 secutus
854 3890 1047 3971 aequationes
1078 3888 1187 3952 Martis
1214 3890 1254 3952 ad
1277 3908 1383 3954 omnes
1406 3891 1507 3973 gradu

169 3980 299 4045 ecoentri
323 3981 466 4054 exstruxi,
491 3980 579 4061 idque
602 3989 659 4042 ter.
705 3980 782 4041 Nam
807 3979 901 4060 primo
926 3979 1181 4042 eccentricitatem
1199 3998 1256 4041 nou
1279 3981 1358 4042 satis
1378 3998 1507 4063 magnam

171 4088 381 4143 assumseram,
406 4064 502 4144 9165,
529 4070 713 4144 existimans,
738 4089 783 4130 me
807 4069 883 4130 bano
898 4070 941 4131 sic
957 4088 1010 4150 per
1023 4070 1178 4150 planorum
1192 4069 1395 4133 tractationes
1409 4072 1506 4134 certia·

172 4162 278 4227 simam
311 4158 430 4221 iecisse.
481 4158 597 4220 Deinde
625 4160 716 4220 etiam
748 4161 927 4239 plusquam
959 4155 1038 4223 1800
1061 4159 1090 4220 in
1114 4158 1218 4238 regula
1240 4176 1421 4238 posueram,
1451 4175 1506 4223 auu

173 4251 268 4314 minus
291 4266 401 4328 ponere
426 4247 604 4310 debuissem.
655 4249 761 4328 Itaque
785 4267 850 4310 cum
874 4249 922 4310 bic
946 4248 1051 4310 ultima
1074 4247 1206 4329 operatio
1230 4248 1298 4328 plus
1322 4268 1414 4330 quam
1441 4242 1507 4314 180¹

175 4339 361 4411 ostenderet,
400 4337 478 4417 quod
511 4338 689 4412 absurdum,
723 4339 851 4402 secundo
883 4337 1010 4400 assumsi
1041 4337 1232 4399 semiovalem
1260 4332 1341 4401 1790
1367 4335 1420 4402 140
1446 4334 1504 4403 150.

177 4429 322 4493 Prodibat
344 4427 435 4507 igitur
458 4427 496 4488 ad
521 4428 699 4488 anomaliam
723 4428 852 4489 mediam
881 4422 1005 4491 450-
1029 4433 1220 4508 coaequata.
1291 4421 1353 4490 38⁰
1399 4424 1432 4491 5‘
1454 4420 1505 4492 330

242 4537 310 4580 cum
332 4516 444 4579 vicaria
468 4536 533 4596 cap.
558 4516 644 4579 XVI.
670 4517 783 4579 diceret
805 4517 881 4580 hano
939 4564 945 4577 .
992 4564 1000 4580 .
1048 4563 1055 4578 .
1102 4563 1109 4577 .
1156 4562 1163 4576 .
1211 4560 1218 4576 .
1287 4512 1343 4580 38.
1397 4513 1429 4581 4.
1453 4511 1489 4581 54

1218 4598 1504 4616 -ι--ῤ

441 4664 446 4675 .
1039 4620 1216 4686 Differentia
1452 4619 1487 4688 ³9

177 4714 226 4778 Ad
250 4712 430 4776 anomaliam
453 4707 513 4776 90⁰
536 4739 577 4751 -
601 4718 766 4795 coaequata
826 4757 1107 4776 ......
1119 4734 1124 4743 ·
1144 4758 1162 4774 ,.
1209 4755 1217 4771 .
1287 4705 1502 4780 7140310310

241 4801 393 4866 Veritatis
415 4800 505 4863 index
528 4799 640 4864 vicaria
663 4845 1216 4865 ...........
1286 4795 1340 4865 79.
1372 4800 1426 4870 27.
1448 4797 1482 4866 41

1040 4906 1217 4973 Differentia
1396 4910 1429 4981 3.
1450 4910 1485 4982 511
