3354 5504
293 230 358 365 bii
864 291 1039 365 nep-ran

293 484 418 541 metrum
443 473 523 539 Solis
547 481 750 556 apparentem,
775 473 952 556 relinquitur
974 472 1197 538 semidiameter
1219 474 1342 536 umbrae
1364 473 1495 551 Terrae,
1517 479 1627 556 quantu

292 588 329 630 ea
352 566 572 629 semidiameter
595 573 644 626 est
667 565 694 625 in
718 565 770 626 illo
795 566 870 639 loco,
895 585 983 646 quam
1007 566 1092 627 Luna
1114 571 1273 627 monstrat.

805 679 1026 741 Theorema
1054 680 1109 741 IV.

294 786 332 851 Si
369 787 411 849 ab
443 793 647 867 aggregato
687 784 1051 848 semidiametrorum
1079 783 1186 848 Solis
1224 792 1260 848 et
1293 783 1441 855 umbrae
1473 784 1627 848 Terrae

294 878 488 939 auferatur
514 874 727 956 parallaxis
750 874 872 936 Lunae
902 895 921 936 a
944 873 1033 938 Sole
1062 882 1199 957 quanta
1221 882 1369 955 potest
1392 892 1484 937 esse
1506 874 1543 936 in
1567 875 1626 937 ho-

456 964 628 1040 rizonte,
660 963 882 1046 relinquitur
904 963 1050 1045 duplum
1078 962 1316 1043 parallaxeos
1339 961 1458 1026 Solis.

380 1054 457 1118 Neru
481 1072 534 1134 per
556 1053 598 1115 th.
623 1052 679 1115 ΙΙΙ.
703 1051 867 1133 parallaxis
891 1052 994 1115 Lunae
1013 1060 1079 1114 tota
1100 1061 1132 1115 et
1151 1051 1315 1133 parallaxis
1332 1051 1412 1114 Solis
1426 1051 1627 1114 horizontalee

289 1142 411 1223 junctae
440 1155 571 1223 aequant
595 1142 717 1222 junctas
750 1141 989 1204 semidiametros
1013 1140 1094 1204 Solis
1124 1151 1156 1202 et
1178 1142 1297 1204 umbrae
1321 1142 1431 1204 Terrae
1455 1140 1485 1203 in
1508 1150 1627 1223 puncto,

294 1233 371 1313 quod
394 1231 481 1294 Luna
510 1243 659 1293 monstrat
683 1250 736 1292 suo
760 1231 902 1306 transitu,
928 1240 1117 1311 apparentes.
1163 1229 1224 1293 Sed
1248 1237 1314 1292 tota
1335 1230 1441 1293 Lunae
1463 1230 1628 1311 parallaxis

294 1321 439 1383 diminuta
460 1320 608 1401 parallaxi
623 1319 703 1383 Solis
727 1319 897 1400 appellatur
918 1319 1083 1400 parallaais
1098 1320 1201 1381 Lunae
1217 1340 1235 1380 a
1249 1317 1331 1382 Sole.
1368 1318 1450 1397 Ergo
1464 1318 1628 1399 parallaxia

293 1410 375 1474 Solis
397 1410 454 1484 bis,
478 1419 511 1471 et
532 1408 696 1490 parallaais
710 1410 812 1471 Lunae
836 1430 856 1470 a
870 1407 941 1471 Sole
965 1417 1095 1489 aequant
1113 1406 1352 1470 semidiametros
1366 1407 1474 1472 ditus.
1516 1408 1628 1471 Ablata

292 1499 384 1580 igitur
397 1500 543 1580 parallaxi
558 1498 662 1560 Lunae
683 1518 701 1558 a
716 1496 787 1560 Sole
810 1496 847 1559 ab
868 1507 1032 1578 aggregato
1048 1496 1335 1561 semidiametrorum
1355 1496 1437 1560 Solis
1462 1502 1495 1560 et
1509 1497 1627 1560 umbrae

293 1589 466 1671 relinquitur
488 1588 607 1669 duplum
630 1587 820 1669 parallaxeos
843 1585 939 1663 Solis;
964 1606 991 1669 q.
1017 1607 1043 1649 e.
1068 1586 1097 1651 d.

828 1702 1033 1765 Theorema
1057 1701 1096 1765 V.

294 1809 452 1884 Quanta
483 1819 542 1870 est
560 1809 794 1871 'differentia
815 1810 1121 1872 aemimueronum
1148 1806 1298 1871 umbrae
1320 1807 1498 1871 diversis
1521 1807 1625 1874 Solia

294 1897 596 1980 elongationibus
621 1918 639 1959 a
661 1899 799 1960 Terrae
822 1897 1091 1972 formatorum,
1121 1905 1232 1959 tanta
1254 1904 1312 1959 est
1338 1898 1457 1961 etiam
1480 1898 1517 1961 iu
1544 1917 1625 1960 uuo·

293 1988 466 2071 quolibet
510 1987 588 2050 loeo
620 1986 806 2050 transitus
845 1987 966 2049 Lunae
1000 1985 1233 2049 differentia
1266 1985 1625 2051 semidiametrorum

293 2077 457 2140 umbrae
481 2077 616 2140 Terrae
652 2077 687 2138 in
715 2076 941 2139 horizontem
974 2085 1233 2155 exporrectae,
1261 2075 1489 2139 affectionis
1518 2087 1624 2140 tamen

750 2187 752 2191 ·
844 2165 1068 2227 contrariae.

380 2255 415 2319 lu
445 2253 597 2316 schemate
628 2253 792 2334 praemisso
822 2253 1039 2336 appropinquet
1066 2253 1119 2318 Sol
1143 2253 1253 2315 Terrae
1285 2272 1378 2334 usque
1409 2253 1440 2316 iu
1463 2252 1506 2330 K,
1534 2254 1624 2335 aitque

295 2345 351 2409 KL
374 2344 596 2407 semidiameter
619 2342 753 2422 aequalia
777 2343 834 2422 ipsi
858 2343 917 2405 AD
940 2343 1024 2425 eique
1047 2343 1212 2422 paralisis,
1242 2344 1425 2423 duceturque
1448 2362 1532 2406 nova
1553 2344 1625 2407 linea

295 2435 472 2514 contingens
493 2442 647 2511 utrumque
667 2448 774 2511 corpus
794 2432 823 2492 in
838 2431 866 2493 Ε
884 2441 916 2493 et
929 2431 965 2504 L,
990 2433 1235 2512 continuatasque
1249 2451 1340 2512 usque
1356 2433 1426 2494 dum
1442 2442 1532 2496 aeoet
1544 2450 1625 2497 axem

294 2524 415 2587 umbrae
438 2522 565 2584 Telluris
589 2521 617 2582 iu
641 2521 679 2595 H,
703 2530 736 2581 ut
757 2520 841 2583 ΕΗΒ
866 2519 906 2583 sit
928 2521 1102 2583 aemimuero
1125 2539 1228 2583 novus
1278 2519 1438 2584 Seoabitur
1460 2519 1556 2602 igitur
1576 2518 1625 2585 ΒΕ

295 2614 374 2676 linea
395 2631 448 2695 per
470 2611 527 2673 Eli
551 2611 676 2682 linearn3
701 2620 787 2671 secet
810 2608 839 2670 iu
864 2609 889 2673 1.
937 2607 1016 2681 Quia
1039 2609 1129 2689 igitur
1143 2607 1224 2672 ECB
1248 2610 1424 2673 semimucro
1441 2611 1588 2691 pristinus
1603 2619 1630 2672 at
1653 2644 1657 2652 ·

294 2703 376 2767 ΕΗΒ
399 2720 504 2774 novus,
527 2698 695 2761 differentia
720 2698 875 2780 utriusque
899 2706 947 2760 est
971 2696 1068 2774 nuo,
1092 2698 1120 2762 h.
1146 2717 1171 2760 e.
1195 2698 1274 2761 lus.
1316 2701 1361 2762 At
1383 2697 1454 2762 IET
1477 2711 1529 2764 est
1550 2699 1628 2763 diue

293 2793 390 2856 rentia
412 2791 585 2871 angulorum
609 2786 691 2850 GEF
713 2787 887 2867 apparentis
910 2787 1124 2849 semidiametri
1146 2786 1292 2867 pristinae
1315 2797 1347 2850 et
1367 2785 1441 2853 GEI
1465 2788 1626 2865 norae,iu

293 2882 397 2945 eodem
420 2880 522 2943 Lunae
546 2876 674 2939 transitu
698 2873 764 2939 GF.
810 2876 967 2957 Aequales
990 2875 1081 2956 igitur
1103 2876 1300 2952 dili'erentiae,
1336 2897 1364 2958 q.
1388 2894 1415 2938 e.
1439 2877 1472 2940 d.

379 2970 455 3032 Dico
483 2976 582 3030 autern
608 2965 656 3041 „in
680 2965 865 3027 horizontem
890 2966 1123 3045 exporrectae‚“
1158 2966 1227 3046 quia
1250 2965 1275 3025 si
1297 2965 1385 3027 Luna
1409 2966 1556 3031 delicians
1575 2984 1625 3048 np-

296 3060 476 3143 propinquet
505 3057 580 3118 coeli
607 3055 722 3128 medio,
758 3061 828 3116 tuno
864 3072 923 3116 una
959 3053 1179 3116 semidiametro
1207 3053 1317 3116 Terrae
1345 3054 1379 3117 fit
1402 3057 1526 3137 propior
1548 3053 1625 3128 visui,

294 3169 400 3233 quaur¹
420 3154 522 3210 centro
559 3145 682 3220 Terrae,
729 3153 801 3207 tuno
828 3142 920 3223 igitur
953 3143 1108 3206 theorema
1140 3160 1198 3205 non
1234 3142 1395 3205 limitatum
1432 3164 1495 3208 non
1530 3154 1625 3207 exacte

293 3258 394 3302 vemm
417 3242 507 3300 esset.

816 3318 1024 3384 Theorema
1046 3319 1100 3382 VI.

293 3414 331 3480 Si
368 3415 524 3477 auferas
560 3429 579 3470 a
614 3407 835 3472 differentia
871 3409 1250 3471 semidiametrorum
1286 3406 1391 3471 Solis
1442 3428 1625 3494 apparen-

294 3506 378 3568 tium
410 3522 454 3566 ex
484 3497 655 3563 diversis
693 3496 770 3576 ejus
799 3497 1121 3578 elongationibus
1151 3496 1478 3563 diliereutiolam
1506 3499 1624 3582 paral·

293 3595 432 3658 laxinm
468 3587 568 3654 Solis
598 3586 897 3655 horizontalium
929 3587 961 3649 in
989 3586 1122 3649 iisdem
1153 3585 1485 3665 elongationibus,
1518 3589 1623 3652 relin-

295 3684 426 3767 quitur
458 3675 686 3742 diiierentia
722 3674 1119 3737 semidiametrorum
1150 3674 1300 3739 umbrae
1334 3679 1623 3755 apparentium,

294 3773 334 3838 iu
356 3790 430 3835 uno
453 3775 495 3832 et
516 3765 651 3829 eodem
675 3763 767 3827 loco
791 3764 1010 3826 transitus
1036 3764 1177 3839 Lunae,
1207 3764 1554 3843 respondentium
1575 3767 1623 3829 di·

567 3853 704 3916 versis
727 3852 820 3915 illis
843 3851 959 3916 Solia
989 3851 1355 3933 elongationibus.

381 3950 459 4013 Nam
494 3964 547 4028 per
573 3944 615 4006 th.
649 3943 688 4005 V.
727 3942 896 4004 differentia
931 3941 1176 4004 semimucronum
1212 3950 1260 4003 est
1289 3941 1458 4005 differentia
1488 3942 1623 4007 aemidia·

294 4049 453 4107 metrorum
482 4035 602 4103 umbrae
625 4033 736 4094 Terrae
765 4028 795 4093 in
819 4032 923 4093 eodem
946 4030 1013 4093 loco
1036 4030 1181 4093 transitus
1203 4030 1318 4093 Lunae.
1363 4028 1427 4094 Sed
1449 4050 1507 4114 per
1528 4030 1622 4097 aarall.

295 4132 333 4194 ad
366 4130 410 4192 th.
438 4126 463 4190 1.
496 4121 664 4187 differentia
699 4117 945 4182 semimncronnm
978 4128 1027 4181 est
1054 4119 1150 4182 minor
1181 4136 1269 4200 quam
1298 4118 1470 4183 differentia
1491 4121 1625 4187 „aab

294 4227 455 4283 metrorum
479 4211 559 4277 Solis
592 4209 790 4273 differentiola
816 4208 1015 4289 parallaxinm
1039 4207 1120 4271 Solis
1152 4207 1387 4272 horizontalium.
1432 4208 1517 4293 Ergo
1538 4211 1625 4276 demi·

296 4321 368 4372 nuta
398 4307 471 4368 haee
503 4299 702 4364 differentiola
734 4319 752 4361 a
781 4297 949 4360 differentia
971 4296 1256 4360 semidiametrorum
1279 4295 1359 4359 Solis
1382 4298 1528 4381 relinquit
1549 4301 1625 4365 tine

297 4399 424 4462 rentiam
446 4392 729 4456 semidiametrorum
753 4386 874 4449 umbrae
897 4388 1112 4468 apparentium,
1135 4387 1164 4448 h.
1188 4404 1213 4448 e.
1238 4386 1303 4467 ejus
1325 4387 1513 4467 angulorum.

379 4474 642 4550 corollarium.
685 4476 761 4539 Cum
784 4476 980 4538 differentiola
999 4475 1197 4558 parallarinm
1211 4473 1293 4538 Solis
1308 4473 1372 4549 illa,
1394 4492 1473 4558 quae
1487 4478 1583 4542 oribus
1592 4490 1625 4540 ex

298 4575 377 4642 Solis
400 4569 632 4643 eocentrioitate,
656 4566 697 4628 ait
718 4584 794 4646 pene
822 4564 1017 4641 insensibilis,
1049 4565 1092 4626 uti
1115 4583 1271 4644 possumus
1295 4564 1466 4628 differentia
1488 4568 1623 4631 semidia-

297 4675 458 4729 metrorum
479 4659 561 4724 Solia
582 4675 635 4739 pro
659 4654 826 4716 differentia
849 4654 1059 4717 diametrorum
1090 4653 1211 4715 ammae
1241 4653 1424 4732 singularum
1448 4657 1480 4720 in
1508 4655 1625 4737 singulfi

297 4754 372 4818 loeis
394 4749 542 4816 transitus
563 4746 684 4819 Lunae-3
706 4752 740 4804 ut
762 4753 902 4825 qnantum
925 4750 1050 4823 augetur
1071 4740 1153 4804 Solia
1175 4742 1329 4816 dianeeer,
1352 4751 1473 4811 tantm
1484 4745 1625 4810 diminua-

168 4908 171 4913 ,
295 4852 349 4907 tur
368 4841 515 4906 timaee
535 4834 657 4898 umbrae
680 4831 752 4894 iere.
1265 4862 1268 4866 ·
