3354 5504
160 288 224 365 434
638 293 678 349 De
697 295 804 397 llotiiua
823 295 918 383 Statim
935 293 1022 351 une·

250 476 319 538 Etsi
349 497 418 538 vero
441 478 516 538 haec
540 477 704 557 disputatio
728 477 764 537 de
789 473 842 539 30⁴
866 474 938 537 nihil
962 476 1090 537 attinere
1114 474 1232 539 videtur
1254 484 1368 541 motum
1391 477 1490 544 Marti

160 568 306 638 medium,
343 566 488 647 siquidem
526 567 571 627 his
600 564 621 628 4
648 565 762 626 vicibus
792 568 875 643 Mars
906 565 1012 627 atixis
1041 566 1217 628 observatus
1240 569 1280 630 ad
1301 568 1373 631 illas
1396 570 1490 634 r‘eierr

159 657 256 739 possit
283 658 418 735 neglecto
450 663 560 734 puncto
594 654 787 734 aequinoctii,
823 655 962 716 incertae.
983 654 1164 717 distantiae:
1193 675 1252 736 qua
1278 658 1421 721 methodo
1444 678 1490 740 egr

160 747 293 827 superius
318 763 382 824 cap.
406 745 511 806 xvss.
535 745 674 822 inquisivi
697 744 808 824 aphelii
831 746 926 804 locum
950 743 987 802 ad
1012 743 1367 827 Ptolemaeitempera:
1399 756 1490 811 tamer

161 837 256 898 adhuc
280 855 314 895 eo
338 835 453 895 nomine
478 840 627 908 tenemur,
654 832 735 914 quod
759 833 867 894 Martis
890 833 958 893 loca
979 833 1048 893 visa
1071 833 1109 893 ad
1132 834 1300 913 oppositum
1316 837 1490 940 'apparenti

162 927 219 986 loci
242 923 323 984 Solis
347 922 514 984 reducenda
538 932 622 984 sunt:
648 922 724 1003 quod
749 941 822 1024 opus
846 942 993 1002 uunquam
1016 931 1098 983 recte
1120 923 1268 1002 procedit,
1293 925 1352 988 uisi
1376 929 1490 989 remoti

161 1035 224 1076 cum
248 1013 356 1073 Martis
379 1021 442 1073 turn
465 1011 546 1074 Solis
570 1033 589 1072 a
612 1011 889 1090 commanipuucto
912 1010 1091 1092 aequinoctii
1114 1013 1317 1091 praesciatur3
1350 1016 1490 1095 quianon

161 1104 248 1165 aliter
280 1102 337 1163 uisi
369 1119 422 1181 per
449 1101 524 1163 haec
552 1102 641 1189 quasi
663 1103 815 1163 elementa
844 1100 968 1162 discitur
991 1100 1094 1179 justae
1123 1102 1324 1181 elongationis
1345 1104 1490 1171 Martis:

160 1191 229 1254 Sole
254 1211 349 1252 arcus
395 1187 511 1260 Quodsi
534 1191 573 1252 ad
596 1198 789 1263 momentum,
814 1209 870 1270 quo
893 1204 969 1250 vera
987 1197 1109 1268 putatur
1133 1190 1225 1252 tuisse
1249 1191 1383 1256 siderum
1403 1213 1490 1276 oppo

161 1282 244 1355 sitio,
277 1281 400 1360 planeta
431 1279 568 1342 videatur
590 1281 669 1342 ultra
691 1294 763 1339 vena
785 1279 866 1342 Solis
889 1278 957 1340 loca
979 1275 1053 1341 30⁴:
1085 1279 1208 1360 planeta
1231 1280 1323 1385 igitrqr
1346 1283 1490 1346 involutos

160 1379 208 1431 est
236 1369 502 1463 inaequalitate
477 1370 621 1444 secunda,
653 1370 781 1431 uoudn'm
808 1352 935 1429 idoneus
965 1368 1003 1429 ad
1032 1366 1237 1449 inquirendam
1260 1371 1389 1457 primatu¹
1412 1373 1490 1437 inae·

160 1460 343 1541 qualitatem.
394 1459 482 1519 Aa·
472 1478 502 1519 ιιι
539 1476 672 1538 apogaeo
710 1459 783 1518 haec
814 1455 868 1520 30¹
895 1456 1201 1537 prosthaphaeneseos
1235 1460 1315 1521 orbis
1349 1469 1490 1540 occupant

160 1568 296 1628 maguum
323 1567 422 1608 arcum
452 1548 624 1623 ecceutrici,
653 1546 699 1608 cui
726 1547 822 1622 major
853 1546 948 1611 adhuc
979 1545 1076 1627 portio
1104 1547 1140 1608 de
1174 1555 1308 1627 tempore
1337 1568 1391 1613 seu
1418 1559 1490 1614 ιιιοιι

161 1638 256 1700 medio
280 1637 449 1716 respondet.
478 1638 512 1698 Iu
527 1637 665 1716 perigaeo
680 1637 714 1698 fit
729 1637 917 1698 contrarium.
952 1636 1089 1716 Occupat
1104 1635 1181 1698 enim
1200 1637 1259 1698 ista
1273 1640 1490 1720 prosthaphao·

83 1800 86 1806 ‚
160 1727 235 1789 resis
257 1745 381 1809 parvum
404 1744 504 1788 areum
528 1726 693 1799 ecceutrici,
718 1726 766 1787 cui
788 1725 883 1796 minor
906 1725 1001 1787 adhuc
1024 1725 1121 1805 portio
1145 1725 1182 1786 de
1197 1735 1279 1788 motu
1298 1729 1398 1791 medio
1414 1748 1490 1793 coui-

140 1817 246 1897 petit.
300 1814 358 1886 Qui
387 1833 457 1895 ergo
486 1814 573 1888 dicit,
606 1816 735 1877 Martem
763 1815 809 1876 his
827 1811 860 1877 ι4
883 1814 997 1876 vicibus
1026 1813 1123 1875 visum
1150 1833 1218 1876 esse
1242 1812 1295 1877 300
1318 1817 1350 1879 iu
1375 1818 1490 1882 andiaco

161 1905 296 1978 ulterius,
321 1905 398 1964 idem
421 1904 515 1976 dicit:
536 1905 644 1966 Martis
668 1911 779 1969 motum
802 1903 928 1965 medium
952 1904 989 1965 ab
1013 1903 1193 1984 aequinoctii
1215 1913 1326 1984 puncto
1351 1907 1490 1970 fuisse-iu

162 2012 294 2074 apogaeo
327 1992 446 2067 multis,
477 1994 508 2054 in
537 1994 676 2074 perigaeo
705 1994 809 2073 paucis
841 1993 987 2072 'scrupulis
1011 1991 1198 2055 anteriorem.
1243 1995 1291 2057 Ac
1314 2014 1382 2058 cum
1405 1997 1490 2059 minor

73 2139 84 2164 „
162 2085 203 2144 sit
237 2102 322 2155 arcus
357 2083 512 2144 ecceutrici
543 2102 613 2145 arcu
642 2083 699 2144 hoc
727 2081 855 2143 vitiosae
888 2081 1024 2155 visionis,
1063 2081 1111 2161 qui
1145 2081 1201 2144 fuit
1224 2079 1292 2157 30¹,
1326 2104 1386 2146 nou
1410 2085 1490 2166 igitar

162 2173 244 2233 Mars
268 2172 297 2234 in
322 2172 488 2235 ecceutrico
512 2191 641 2252 eousque
665 2191 702 2233 ne
725 2168 783 2235 sub
804 2171 871 2233 lixis
895 2170 1012 2251 quidem
1035 2178 1223 2250 pervenerat,
1248 2190 1402 2256 quousque
1429 2194 1490 2256 pen·

161 2261 279 2322 venisse
312 2263 365 2321 sub
394 2260 455 2323 illis
480 2260 649 2335 videbatur:
688 2261 855 2340 quantitate
877 2259 939 2333 illa,
964 2280 1022 2340 qua
1045 2260 1145 2322 differt
1167 2280 1254 2323 arcus
1277 2263 1440 2327 ecceutrici
1455 2263 1490 2327 ai

162 2352 217 2411 hoc
249 2369 319 2411 areu
348 2349 472 2412 visionis
499 2346 562 2415 390.
609 2349 668 2421 Qui
699 2369 784 2413 arcus
814 2369 880 2411 cum
907 2368 1031 2428 maguus
1055 2349 1096 2410 sit
1119 2350 1149 2410 iu
1172 2350 1305 2452 aphelio,
1340 2359 1373 2415 et
1394 2370 1490 2433 parurn

163 2439 281 2500 differat
304 2440 341 2499 ab
365 2458 436 2501 arcu
457 2438 582 2502 visionis
606 2438 676 2513 390,
713 2448 819 2501 contra
841 2440 870 2500 in
894 2438 1050 2518 perigaeo:
1083 2439 1207 2519 denique
1230 2439 1323 2520 igitur
1345 2450 1490 2523 sequetur.

162 2528 191 2589 iu
223 2527 346 2622 apheliq
368 2546 489 2632 parum,
524 2528 554 2591 iu
585 2526 728 2611 perihalio
750 2529 817 2607 plus
840 2547 906 2588 esse
928 2527 1037 2588 Martis
1059 2529 1153 2592 motui
1175 2529 1273 2590 medio
1295 2550 1316 2590 a
1338 2531 1407 2593 fixis
1429 2531 1490 2595 adi·

162 2620 314 2691 mendum,
350 2619 376 2679 si
404 2616 594 2697 recipiamus,
626 2620 703 2680 iixas
735 2613 789 2679 30¹
817 2617 1014 2697 promotiores
1046 2636 1113 2678 esse
1137 2618 1164 2678 iu
1188 2616 1320 2699 zodiaco.
1366 2621 1419 2683 Ita
1440 2640 1490 2685 uon

162 2714 277 2768 tautum
298 2715 407 2770 motus
438 2707 553 2770 medius
580 2708 614 2769 fit
634 2705 735 2775 minor
758 2706 830 2778 (etsi
852 2716 944 2770 multo
967 2705 1073 2768 minori
1097 2706 1284 2786 quantitate,
1314 2727 1405 2789 quam
1427 2717 1490 2773 ιιιιιι

162 2796 235 2857 haec
264 2792 332 2871 30⁴,
365 2796 488 2861 visionis
520 2797 654 2870 vitium),
692 2795 745 2858 sed
776 2796 867 2876 etiam
891 2795 956 2876 ipsa
977 2795 1066 2857 trium
1096 2796 1358 2879 acrouychiarum,
1392 2800 1490 2880 quibus

162 2885 351 2947 Ptolemaeus
375 2895 423 2947 est
440 2906 526 2961 usus,
557 2885 675 2948 laxatur
692 2884 872 2966 dispositio;
896 2886 972 2946 uude
995 2883 1076 2946 aliud
1099 2884 1249 2965 aphelium
1271 2887 1428 2969 aliamque
1444 2906 1490 2951 ec-

163 2974 378 3037 ceutricitatem
403 2976 522 3056 prodire
552 2994 674 3037 necesse
706 2982 764 3036 est.
809 2972 877 3036 Etsi
906 2973 962 3037 hcc
985 2974 1134 3053 posterius
1158 2972 1244 3037 uobis
1266 2976 1490 3059 nihilviacessot

162 3064 283 3142 negotii.
328 3061 559 3127 Contemuemus
582 3065 670 3134 euim,
692 3063 813 3125 etiamsi
835 3063 930 3143 majus
953 3063 1075 3143 aliquid,
1097 3064 1147 3125 vel
1170 3063 1233 3125 siue
1256 3062 1489 3146 suspiciones<-

161 3153 237 3213 roris
268 3154 407 3227 fixarum,
431 3151 615 3215 insinuarent
637 3152 878 3216 observationes:
908 3172 984 3214 cum·
1001 3161 1114 3215 certum
1137 3153 1197 3229 sit,
1229 3172 1288 3216 uon
1319 3156 1401 3221 ferre
1427 3154 1489 3220 itta

162 3249 276 3303 tantam
300 3240 504 3317 subtilitatem,
529 3251 670 3324 quautam
689 3242 788 3304 ierunt
806 3242 994 3305 Braheauae.
1031 3243 1136 3325 laque
1146 3243 1357 3324 usurpabimus
1365 3246 1488 3313 formu

162 3332 369 3410 aequationum
406 3350 443 3393 ex
474 3333 641 3395 observatis
663 3332 829 3395 Braheanis
865 3331 1034 3406 iuventam,
1072 3333 1157 3414 quasi
1186 3343 1331 3397 maneant
1360 3326 1488 3463 οιιιῴ

162 3421 270 3482 seculis
293 3422 424 3482 eaedem.

248 3510 318 3570 Tria
341 3510 431 3589 igitur
453 3510 533 3572 bivia
555 3531 621 3574 curu
644 3509 729 3572 nobis
752 3510 942 3583 occurrerint,
966 3510 1003 3574 de
1016 3509 1097 3575 Solis
1121 3511 1357 3590 ecceutricitate,
1373 3512 1486 3585 daim

162 3599 287 3678 apogaei
311 3597 405 3674 Solis,
439 3601 475 3661 de
498 3602 563 3662 loco
586 3602 708 3663 marum
732 3607 763 3660 et
784 3599 946 3662 Martiam
969 3599 1108 3664 zodiaco:
1133 3609 1199 3665 octo
1223 3600 1360 3669 existent
1380 3600 1485 3677 cod·

162 3687 290 3750 tationes
317 3696 415 3750 motus
443 3689 531 3751 medii
565 3698 596 3751 et
625 3688 732 3770 aphelli
765 3689 804 3749 ad
832 3689 886 3750 illa
915 3689 1154 3755 observationum
1177 3693 1419 3770 momenta,

162 3777 308 3872 neglecto
321 3778 443 3840 zodiaco
467 3787 582 3841 tautum
606 3800 624 3841 a
646 3778 712 3841 fixis
736 3787 947 3858 computemus.

209 3937 365 3998 Prima'
358 3939 519 4019 inquisit
527 3940 559 4001 io
591 3939 754 4002 retineat
785 3941 902 4001 omnia
933 3940 1162 4004 Ptolemaiou
1194 3942 1295 4005 circa
1323 3939 1454 4045 Soleff

735 4037 770 4091 et
806 4030 914 4090 fixas.

249 4130 344 4193 Cum
354 4131 443 4211 igitur
473 4134 538 4195 loca
570 4142 666 4194 motus
700 4133 780 4195 Sulis
809 4127 897 4195 medii
929 4135 1036 4197 fuerint
1061 4133 1121 4199 210
1143 4134 1174 4199 00
1197 4144 1256 4211 I,
1252 4133 1333 4202 280
1362 4136 1417 4204 590
1434 4150 1480 4209 Ξ,

160 4216 198 4280 20
231 4216 283 4282 340
306 4225 350 4293 Π,
383 4230 413 4281 οι
435 4221 515 4283 Solis
549 4241 711 4301 apogaeum
742 4220 780 4285 5⁰
802 4220 865 4286 3000
893 4229 938 4297 Π;
976 4226 1151 4327 apparentia
1170 4225 1254 4288 Solis
1286 4227 1354 4289 loca
1377 4228 1482 4291 fuel

160 4304 365 4383 wion,
402 4307 437 4371 10
463 4310 512 4373 130
535 4319 577 4385 il,
604 4310 641 4373 20
664 4309 715 4374 41
738 4316 784 4385 Π,
807 4313 885 4374 ιιΙιιο
908 4314 1075 4393 oppositum
1098 4332 1196 4377 omura
1218 4314 1288 4377 trra
1336 4318 1414 4379 Prae
1471 4320 1482 4373 1

160 4405 251 4476 igtur
281 4417 353 4459 vera
390 4401 547 4478 oppositio.
601 4402 641 4461 Et
673 4422 736 4462 cunr
766 4402 924 4463 diurnns'
917 4422 944 4462 ru
975 4397 1036 4465 210
1057 4407 1089 4476 Π
1112 4403 1213 4476 (hodie
1238 4408 1286 4478 ee)
1310 4405 1353 4468 sit
1377 4403 1481 4468 circiter

160 4482 227 4560 23¹,
262 4485 341 4547 Solis
372 4484 436 4562 610,
469 4509 581 4551 summa
608 4487 642 4551 10
671 4487 737 4577 240
752 4489 819 4552 illa
841 4492 931 4570 igitur
954 4488 1006 4554 410
1029 4494 1177 4573 requirent
1200 4491 1352 4572 horas8,
1378 4491 1481 4578 quaudo

159 4575 243 4635 Mars
277 4577 358 4637 visus
389 4577 444 4637 luit
432 4579 509 4639 tin
539 4576 599 4641 210
627 4576 658 4641 80
686 4585 731 4655 Π,
768 4581 921 4663 oppositus
954 4581 1019 4642 loco
1050 4583 1130 4645 Solis
1167 4583 1334 4663 apparenti.
1388 4581 1463 4648 Sic
1456 4600 1480 4642 ru

118 4680 122 4687 ¹
160 4661 219 4724 290
242 4671 266 4740 11
290 4665 390 4737 (hodie
414 4669 460 4752 tp)
485 4668 604 4728 diurnus
627 4669 736 4732 Martis
759 4671 837 4731 solet
860 4690 926 4732 esse
949 4665 1011 4744 240,
1036 4671 1157 4732 diurnus
1180 4672 1262 4735 Solis
1287 4670 1352 4748 590,
1377 4691 1483 4736 summa

163 4748 198 4813 10
221 4751 282 4817 230.
329 4754 409 4832 Ergo
433 4751 471 4817 20
493 4753 545 4817 230
569 4758 735 4820 differentia
757 4760 890 4839 postulat
912 4759 1049 4834 diemi,
1082 4761 1170 4823 horas
1196 4760 1245 4824 11.
1271 4759 1340 4838 210,
1374 4760 1479 4844 quaudo

159 4840 241 4908 Mars
265 4843 346 4908 visus
371 4844 448 4907 est
439 4863 468 4906 ιο
492 4841 553 4907 290
572 4842 682 4924 31011.
729 4847 894 4930 Denique
886 4869 915 4920 ιιι
939 4844 977 4920 30
998 4851 1030 4927 ΙΙ
1053 4850 1219 4927 (hodes)
1244 4849 1479 4921 diurnusldartie
