3354 5504
750 317 890 370 nsum
1426 300 1490 375 uer

149 493 241 561 GAD
265 494 441 557 diminutum
464 494 511 570 iri,
533 516 569 558 ae
592 495 714 576 proinde
742 495 978 558 accelerationes
1001 493 1031 555 in
1056 498 1122 554 toto
1149 492 1202 555 illo
1230 490 1362 575 semiue,
1380 488 1493 553 mensis

148 582 337 665 (inchoando
359 603 380 644 a
401 584 550 664 quadris),
573 585 602 647 in
626 604 683 664 quo
705 585 851 664 reperitur
880 600 1045 665 apogaeum
1068 581 1187 655 Lunae,
1212 581 1275 642 iore
1298 580 1437 653 minores,
1462 577 1493 639 id

147 674 229 757 qnod
253 692 344 754 supra
366 673 396 735 in
419 673 572 737 schemate
596 671 644 739 16.
669 674 824 754 praestitit
845 674 932 736 nohis
954 678 1095 755 puuctum
1118 671 1143 736 G
1168 670 1326 751 aequastis
1349 666 1492 732 menstrui

148 761 275 844 ejusque
298 762 508 825 ecceutrieitas
531 762 596 826 AG.
990 824 993 829 .

238 850 281 913 Et
304 851 378 913 haec
401 861 487 927 sunt,
519 872 594 933 quae
617 854 656 914 ad
680 852 735 913 hoc
767 871 859 933 usque
883 860 1002 930 tempus·
1025 847 1054 909 iu
1079 849 1174 913 lucem
1197 865 1299 910 eruere
1327 845 1431 925 potui:
1459 852 1494 907 at

148 940 180 1005 iu
204 940 376 1022 quantitate
399 940 552 1022 utriusque
576 941 617 1005 rei
643 939 830 1003 concilianda
858 940 1020 1004 etiamnum
1049 937 1170 1001 haereo.
1215 937 1294 1000 Nam
1318 934 1344 997 si
1368 943 1493 1015 utraque

147 1029 293 1110 aequatio
315 1040 362 1092 est
387 1029 424 1091 ah
449 1032 552 1094 eodem
576 1033 673 1105 loute,
705 1031 878 1110 prosneusis
902 1029 1020 1110 quidem
1042 1027 1209 1090 Ptolemaei
1240 1025 1377 1087 effectum
1401 1022 1494 1087 hahet

147 1117 311 1182 maximum
334 1120 469 1198 (quaudo
501 1138 665 1202 apogaeum
690 1120 792 1181 Lunae
815 1129 864 1182 est
891 1120 921 1181 in
944 1118 1072 1197 copulis,
1102 1117 1189 1179 Luna
1211 1115 1279 1196 ipsa
1301 1113 1330 1175 in
1353 1112 1492 1195 quadris)

149 1206 192 1273 2⁰
205 1204 271 1282 30‘,
294 1227 331 1269 ex
354 1208 410 1270 hac
433 1228 504 1271 vero
528 1210 696 1291 quantitate
721 1209 852 1272 nascitur
874 1210 934 1290 jam
956 1207 1057 1288 aliqua
1080 1206 1169 1271 etiam
1192 1202 1372 1266 variationis
1394 1220 1492 1284 quau-

150 1296 229 1361 titas
252 1298 442 1371 necessaria,
475 1300 529 1361 sed
552 1319 629 1381 quae
661 1298 810 1361 nonnullis
840 1296 986 1379 scrupulis
1017 1298 1089 1371 (nou
1122 1304 1221 1358 tarnen
1253 1293 1342 1355 valde
1374 1291 1493 1365 multis)

149 1386 250 1449 distat
271 1394 334 1448 tam
357 1408 376 1449 a
398 1387 528 1450 maxima
556 1388 722 1451 variatione
744 1386 932 1469 Tychouica,
963 1392 1051 1467 quarn
1074 1385 1114 1447 ah
1136 1404 1174 1446 ea
1195 1381 1378 1464 quantitate,
1403 1399 1493 1461 quam

149 1494 238 1539 meus
260 1474 352 1538 efficit
375 1477 508 1540 calculus
532 1487 563 1539 et
585 1476 731 1539 assumtio
755 1476 929 1557 appendicis
951 1475 1032 1537 illius
1064 1469 1142 1538 132⁰
1168 1469 1221 1536 45⁴
1246 1471 1284 1535 ad
1309 1467 1348 1534 12
1371 1470 1492 1532 revolu-

149 1564 254 1629 tiones
276 1564 305 1627 iu
322 1584 379 1627 uno
398 1585 485 1629 anno.
523 1565 625 1638 Quare
645 1565 786 1627 vitandae
810 1564 1019 1646 perplexitatis
1039 1583 1130 1627 causa
1145 1562 1246 1626 finiam
1264 1559 1313 1621 hic
1327 1559 1492 1622 discursum

149 1672 245 1735 super
267 1672 361 1715 causa
384 1655 536 1737 utriusque
566 1655 708 1738 physica,
741 1663 771 1716 et
792 1674 839 1716 me
863 1662 1034 1717 convertam
1058 1653 1096 1714 ad
1120 1648 1403 1714 demonstrationem
1427 1648 1494 1709 eal-

149 1743 221 1817 culi,
245 1761 321 1825 quae
345 1743 438 1806 hahet
461 1744 576 1824 aliquot
594 1745 727 1825 jucunda
749 1743 938 1805 theoremata
958 1751 988 1805 et
1003 1744 1139 1805 ellectum
1162 1738 1356 1820 inopinatum.
1393 1736 1494 1800 Dimi-

148 1830 275 1897 uutions
307 1831 386 1894 enim
418 1833 498 1896 laeta
530 1835 566 1895 de
596 1834 739 1914 gradhus
771 1832 898 1913 singulis
930 1833 1092 1895 distantiae
1115 1831 1219 1893 Lunae
1248 1825 1374 1889 aSole‘
1393 1826 1494 1899 rel8

149 1920 244 1993 Solia,
267 1921 401 1984 vicissim
424 1922 462 1983 iis
476 1942 648 1985 accrescere
659 1922 731 1997 ,dico
752 1922 982 1985 acceleratiouis
1004 1917 1212 2002 proportiones
1235 1936 1288 1981 seu
1311 1915 1496 1979 incrementa

148 2010 359 2073 demescentia
382 2010 412 2072 in
435 2031 473 2073 ea
499 2013 708 2092 proportione,
740 2030 826 2091 quam
855 2020 978 2074 servant
1007 2010 1155 2091 quadrata
1182 2007 1297 2071 sinuum
1331 2004 1495 2068 distantiae

149 2098 256 2163 Lunae
280 2119 299 2161 a
321 2099 463 2181 quadris:
497 2101 575 2164 sicut
605 2102 683 2164 enim
718 2101 945 2163 acceleratiouis
968 2101 1053 2180 vigor
1077 2107 1125 2160 est
1146 2097 1176 2160 iu
1199 2095 1316 2176 copulis
1337 2094 1495 2169 maximus

151 2187 198 2251 sic
219 2187 315 2250 etiam
338 2184 421 2251 sinus
444 2189 607 2253 distantiae
631 2190 756 2270 copulae
771 2210 790 2252 a
804 2191 928 2270 quadra,
951 2190 1046 2253 idest
1068 2185 1254 2270 quadrantis,
1277 2190 1326 2247 est
1346 2184 1495 2247 maximus

148 2285 183 2340 et
204 2284 301 2340 totus.
346 2277 441 2340 Porro
464 2278 543 2359 quod
573 2279 622 2341 hic
655 2279 720 2341 dico
748 2279 827 2340 idern
850 2286 899 2342 est
925 2298 993 2341 curn
1016 2299 1051 2341 eo
1075 2277 1153 2361 quod
1181 2271 1371 2357 supradixi,
1398 2273 1495 2337 sinum

148 2360 280 2449 primum
302 2366 465 2430 distantiae
479 2370 583 2431 Lunae
598 2388 617 2430 a
635 2369 750 2448 copulis
765 2377 797 2430 et
814 2368 997 2431 incrementa
1019 2366 1206 2450 sequentium
1227 2362 1326 2427 omnia
1348 2362 1496 2445 quadrata

150 2474 219 2519 esse
250 2455 360 2519 dehere
391 2477 546 2521 mensuras
579 2459 827 2521 incrementorum
860 2458 1089 2543 acceleratiouis
1119 2453 1367 2519 decrescentium.
1415 2451 1496 2515 Nam

150 2544 250 2607 diviso
273 2545 438 2627 quadrante
462 2548 491 2609 in
515 2556 619 2626 partes
640 2548 783 2629 aequales
807 2547 954 2625 minimas,
978 2557 1012 2610 ut
1034 2548 1082 2610 hio
1104 2545 1269 2637 quadrante
1287 2540 1356 2619 GN,
1380 2557 1496 2603 summa

150 2632 269 2697 sinuum
291 2634 331 2696 ad
353 2634 518 2700 divisiones
542 2638 682 2718 aequales
708 2636 843 2717 proxime
867 2645 915 2699 est

150 2722 181 2787 iu
193 2722 387 2805 proportione
406 2725 537 2805 sagittae
560 2727 702 2807 cujusque
722 2720 809 2788 arcus'
832 2727 914 2789 sinus

149 2812 221 2877 illos
245 2812 444 2876 continentis:
467 2815 546 2878 sicut
567 2816 646 2879 enim
663 2835 779 2879 summa
796 2814 911 2879 sinuum

150 2920 191 2965 ex
211 2900 258 2975 Η,
282 2903 311 2976 1,
333 2902 364 2964 K
391 2904 430 2965 ad
460 2905 604 2984 sagittam
627 2903 702 2979 GD,
730 2905 773 2967 sic
798 2924 913 2967 summa

151 2991 274 3054 sinuum
296 3010 333 3052 ex
356 2992 395 3066 H,
411 2993 434 3067 l,
449 2992 488 3067 K,
504 2994 541 3068 L,
555 2995 589 3056 M
613 2994 651 3055 ad
675 2995 820 3074 sagittam
844 2992 910 3058 GB.

151 3080 253 3161 liuius
274 3082 450 3160 properari
472 3082 668 3145 theorematis
692 3083 915 3146 fundamentum

151 3176 201 3233 est
222 3167 296 3231 illud
314 3169 410 3251 Pappi
433 3172 588 3233 theorema
610 3171 786 3253 simpliciter
804 3192 916 3248 rernm,
972 3202 975 3211 ·

150 3257 234 3338 quod
261 3269 428 3341 segmenta,
450 3261 615 3342 superficiei
648 3261 823 3342 sphaericae
854 3263 918 3325 siut
1010 3288 1020 3305 ‘

150 3347 183 3410 in
205 3347 398 3428 proportione
422 3369 541 3412 suarum
570 3351 637 3412 axis
667 3350 835 3432 portionum
863 3372 916 3415 seu

150 3435 336 3516 sagittarum
360 3434 428 3513 GD,
454 3437 510 3502 GB
534 3440 588 3502 hc.
630 3440 735 3503 Posito
767 3440 859 3519 igitur
886 3442 916 3505 N

150 3526 223 3589 loeo
245 3524 350 3587 Lunae
380 3526 408 3587 in
432 3528 563 3608 copulis,
589 3527 617 3591 G
642 3530 706 3593 loco
730 3528 863 3609 ejusdem
887 3530 917 3592 in

149 3613 290 3697 quadris,
303 3615 331 3676 si
339 3614 479 3695 colligam
493 3619 645 3696 portiones
659 3620 917 3694 incrementorum,

142 3701 390 3767 ascalonenses
409 3705 655 3783 decrescentium,
674 3716 832 3770 servantes
846 3727 918 3788 pro-

149 3790 323 3874 portionem
346 3795 559 3874 quadratorum
582 3798 619 3859 de
642 3798 712 3872 NA,
735 3798 796 3860 ΜΒ
820 3798 883 3873 hc,
905 3815 1023 3863 summa
1044 3803 1174 3869 omnium
1196 3805 1289 3868 totius
1319 3807 1496 3888 quadrantis

151 3881 262 3945 edem
276 3881 344 3957 erit,
368 3902 444 3963 quas
460 3885 624 3966 colligitur,
648 3886 674 3949 si
688 3885 909 3967 incipiendo-ah
924 3887 1029 3948 eadem
1050 3892 1188 3972 portione
1210 3894 1307 3975 prima
1328 3914 1497 3977 comparem

149 3970 410 4053 illsm'quadrato
432 3972 526 4053 ipsius
549 3976 620 4050 AB,
652 3975 735 4038 sinus
758 3995 845 4039 arcus
867 3977 945 4045 ΝΜ,
970 3975 1077 4042 deinde
1103 3982 1235 4064 reliquas
1262 3984 1416 4064 portiones
1438 3986 1496 4049 ad·

150 4058 265 4125 metiar
287 4060 316 4122 in
340 4061 531 4142 proportione
554 4063 619 4141 BC,
643 4062 698 4128 GD
721 4065 774 4129 hc.
806 4067 1028 4147 quadratorum.
1075 4069 1149 4135 Gum
1181 4081 1283 4136 autem
1314 4075 1403 4137 detur
1423 4074 1497 4139 mihi

150 4167 273 4213 summa
294 4148 419 4213 effectus
442 4151 536 4214 totius
558 4153 787 4217 acceleratiouis
809 4173 864 4236 per
886 4163 982 4217 totum
1005 4159 1218 4237 quadrantem,
1243 4170 1277 4226 ut
1299 4182 1336 4225 ea
1358 4163 1496 4229 distribui

151 4238 215 4303 rite
238 4238 349 4318 possit,
382 4258 457 4320 opus
486 4242 558 4304 mihi
581 4252 631 4306 est
652 4263 768 4307 summa
798 4244 1010 4325 quadratorum
1032 4249 1081 4310 vel
1102 4249 1172 4326 NA,
1197 4250 1257 4315 ΜΒ
1279 4253 1333 4315 dc.
1357 4253 1407 4317 vel
1428 4254 1495 4331 AB,

150 4323 209 4393 Bc
234 4327 288 4389 hc.
311 4337 344 4390 et
366 4327 396 4390 in
419 4329 509 4410 priori
541 4333 660 4413 quidem
683 4352 751 4395 mea
781 4333 892 4396 vitiosa
920 4335 1015 4397 forma
1046 4338 1172 4414 calculi,
1202 4342 1319 4422 quaudo
1343 4342 1415 4405 mihi
1436 4362 1496 4407 uon

152 4415 215 4480 ruis
237 4434 311 4497 opus
334 4417 490 4497 quadratis
520 4419 651 4501 ipsorum
674 4423 741 4497 AB,
762 4420 833 4498 BG,
857 4424 910 4485 sed
933 4423 1009 4501 ipsis
1030 4426 1098 4502 AB,
1120 4426 1185 4500 BG,
1216 4449 1273 4493 uon
1295 4431 1384 4493 valde
1406 4432 1494 4495 laho-

151 4504 284 4570 rsndum
306 4506 363 4569 tuit
386 4507 423 4569 de
444 4527 563 4572 summa
585 4511 714 4574 omnium
737 4511 805 4586 AB,
827 4509 892 4575 BG.
937 4508 1016 4576 Nam
1040 4516 1122 4579 sinus
1144 4518 1208 4599 ipse
1232 4526 1313 4582 totus
1336 4518 1397 4584 AG
1420 4540 1495 4584 con·

151 4593 275 4659 tinehat
304 4604 419 4676 partes¹
437 4612 508 4661 suas
540 4618 652 4663 omnes.
698 4603 804 4682 Itaque
834 4620 978 4664 summam
1008 4606 1254 4682 acceleratiouis,
1287 4607 1419 4681 debitam
1446 4611 1497 4674 uni

150 4682 218 4751 NG
242 4685 408 4765 quadranti,
432 4690 639 4752 tantummodo
653 4689 825 4771 comparavi
845 4690 924 4754 siuui
942 4693 1000 4754 toti
1012 4693 1083 4769 AG,
1108 4715 1252 4759 summam
1271 4715 1342 4759 vero
1364 4698 1497 4764 nebron

153 4771 240 4837 arcui
253 4772 300 4837 Nl
321 4776 515 4858 aequiparavi
537 4777 605 4857 ejus
626 4777 785 4843 siuuihll.
822 4781 868 4843 nt
890 4780 959 4860 quis
976 4783 1042 4865 jam
1063 4784 1151 4849 uohia
1172 4803 1247 4865 opus
1269 4795 1318 4850 eet
1340 4788 1495 4871 qusdrstis

152 4862 290 4951 ipsorum
310 4862 378 4943 AB,
401 4864 456 4934 BG
479 4867 546 4944 be..
568 4866 643 4935 nihil
665 4868 752 4933 nohis
773 4869 898 4952 prodam
919 4869 1014 4939 totius
1035 4871 1098 4939 AG
1119 4875 1307 4961 qnsdrutum,
1330 4875 1402 4963 quta
1421 4876 1496 4950 tnui
