3354 5504
747 277 909 336 Prooemium
1429 274 1499 361 Ι517

160 462 259 514 umbrae
278 460 401 518 Lunam,
428 475 530 527 quarum
547 460 591 510 illa
607 460 730 517 totalium,
747 461 811 512 haec
828 461 968 526 partialium
985 459 1089 510 Telluris
1107 459 1234 525 eclipsim
1252 473 1330 511 csnss
1348 461 1438 520 existit,
1457 463 1500 514 de·

160 537 307 586 terminavit
334 534 371 584 Ex
387 548 489 598 quornm
505 541 592 597 postea
609 535 802 596 comparatione,
821 533 946 582 advocatis
964 534 989 581 in
1002 532 1136 582 subsidium
1154 532 1212 596 ipsis
1229 531 1385 584 luminarium
1397 534 1501 585 mosibus

159 614 341 671 temporumque
364 606 511 655 ammodum
533 605 676 661 momentis,
701 607 845 668 praecipuae
864 605 988 668 eclipsium
1007 603 1169 653 Terrenorum
1187 602 1289 666 phares,
1308 605 1503 671 magnitudines,

158 681 287 734 mndnos,
304 677 361 727 loca
379 684 405 726 et
422 676 563 726 durationer
583 676 614 723 ad
632 675 732 740 quodvis
749 677 897 725 novilunium
916 675 1063 739 investigare
1087 674 1178 724 docuit.
1217 673 1278 724 Cum
1296 691 1352 726 rero
1370 679 1503 727 maximnm

159 752 183 801 in
201 764 232 798 eo
250 751 327 799 situm
345 755 412 798 esset
428 754 587 800 momentum.
605 754 632 794 ut
650 748 885 797 semidiametrornm
904 747 965 795 disci
983 745 1098 802 Terreni,
1118 747 1218 796 umbrae
1235 747 1435 813 penumbraeque
1452 747 1502 799 Lu·

159 822 240 875 naria.
269 827 389 886 tanquam
406 820 573 882 primariorum
592 817 716 867 Terrenae
744 818 861 882 eclipseos
885 817 1059 867 elementorum
1077 816 1256 867 determinasse
1274 820 1427 882 quantitates
1444 834 1504 886 geo·

158 892 268 941 metricis
280 891 527 941 demonstrationibus
538 889 688 947 minitentur,
706 890 731 938 id
744 892 821 953 ipsum
835 904 864 938 ox
876 890 1055 955 diagrammate
1067 887 1221 953 Hipparchea
1233 896 1360 952 praestare
1374 905 1504 959 aggram

159 968 195 1012 est
212 962 336 1027 Keplerue
362 970 445 1011 noster
461 963 488 1012 in
506 975 596 1025 opere,
624 962 663 1010 cni
685 976 773 1009 nomen
800 960 860 1009 iecit
876 959 1100 1023 Hipparcho,
1127 960 1169 1009 ubi
1187 959 1241 1023 plus
1259 960 1310 1010 iera
1336 961 1504 1012 admirationis

157 1040 267 1085 moretm
293 1035 419 1098 ingenium
444 1033 576 1082 humanum
605 1032 636 1080 ad
663 1035 828 1096 cognitionem
852 1046 950 1095 operum
970 1030 1033 1080 Dei
1052 1033 1117 1080 viam
1134 1031 1245 1088 mollem,
1264 1046 1337 1095 quam
1356 1046 1433 1098 opera
1449 1035 1505 1098 ipsa

160 1113 373 1169 amsperto
391 1104 470 1153 bruta
495 1104 555 1167 Ipsa
571 1117 627 1152 vero
646 1104 734 1152 calculi
755 1105 839 1166 capita
857 1104 933 1152 etiam
951 1101 1049 1152 exhibet
1069 1101 1193 1152 Ricciolns
1211 1103 1236 1151 in
1255 1104 1411 1154 Astronomla
1427 1105 1504 1155 reior-

159 1183 231 1226 natn
247 1183 276 1227 et
293 1179 320 1225 in
332 1175 475 1239 Almagesto
493 1189 545 1231 suo,
563 1176 589 1223 in
608 1189 654 1239 quo
673 1175 744 1224 simul
765 1176 892 1223 memorati
913 1174 984 1222 modo
997 1174 1182 1238 diagrammstis
1200 1179 1283 1237 partes
1295 1174 1390 1239 aliquas
1402 1174 1504 1225 demon·

159 1255 239 1297 strare
264 1247 392 1296 uniatur.
438 1245 649 1305 Quemadmodum
674 1248 749 1295 etiam
768 1244 923 1309 Keplerianis
949 1244 1051 1295 ulterius
1070 1245 1207 1294 excolendis
1229 1250 1325 1309 tempus
1344 1244 1443 1311 aliquod
1460 1248 1505 1296 irn-
1539 1295 1548 1311 ,

159 1318 268 1383 pendere
286 1318 354 1368 baud
372 1319 467 1383 gravffl
485 1323 543 1366 sunt
558 1316 710 1374 Bullialdns,
729 1316 861 1382 Paganus,
880 1316 997 1371 Wardus,
1016 1316 1164 1366 Horroccius
1183 1315 1272 1380 aliiqrre
1289 1315 1328 1366 his
1346 1318 1505 1375 recentiores,

158 1404 262 1455 qnorum
280 1389 401 1440 meditata
417 1388 457 1437 hic
475 1402 595 1451 exponere
613 1403 660 1438 nec
678 1389 751 1452 spatii
769 1402 815 1437 nec
834 1388 939 1436 instituti
955 1387 1019 1436 ratio
1032 1388 1158 1451 permittit.
1191 1386 1277 1437 Redeo
1288 1389 1369 1451 potius
1382 1388 1414 1441 sd
1426 1390 1506 1453 ipsum

159 1460 265 1524 Ksplesi
284 1475 344 1524 opus
361 1459 526 1524 posthumum.
544 1461 570 1508 ln
586 1474 633 1523 quo
651 1474 679 1509 se
697 1459 792 1508 laudati
811 1459 994 1525 diagrammatis
1014 1458 1249 1509 demonstrationem
1262 1458 1377 1511 &nrum
1389 1474 1442 1510 esse
1452 1462 1506 1524 lam

160 1534 186 1583 in
205 1533 320 1597 Epaone
338 1545 385 1581 sua
401 1524 575 1581 hasnoniae
594 1530 777 1594 Copornicause
800 1531 952 1593 promiserat.
989 1528 1040 1579 Sed
1057 1536 1193 1593 temporum
1211 1545 1309 1580 suorum
1326 1531 1417 1594 injuris
1433 1545 1505 1596 prse-

160 1604 259 1668 peditus
278 1610 365 1653 suctor
381 1602 474 1652 foetum
491 1603 585 1652 huncce
604 1603 717 1652 suumin
735 1602 815 1651 lucem
833 1602 905 1651 edere
923 1602 1077 1665 nonpotuit,
1096 1609 1152 1651 utut
1168 1601 1230 1665 Irnp.
1243 1601 1367 1654 Matthiae
1385 1603 1506 1669 gloriosse

160 1691 237 1726 mem.
262 1674 402 1739 peuudbus
421 1672 570 1723 consiliariis
597 1673 737 1723 exhibitum.
773 1672 1001 1737 Hipparchus
1029 1674 1055 1721 iu
1074 1670 1136 1722 duas
1153 1680 1237 1736 partes
1256 1673 1384 1730 dividitur,
1403 1687 1505 1739 quarum

159 1749 227 1810 prior
242 1745 407 1795 fundamenta
423 1746 506 1809 optior
524 1760 619 1801 eorum,
639 1758 702 1809 quae
719 1744 752 1792 ad
770 1744 907 1793 mctnnem
926 1744 1064 1808 eclipticam
1083 1746 1224 1793 accuratius
1242 1746 1431 1795 examinandam
1447 1760 1503 1811 per-

160 1820 251 1874 tinent.
271 1817 432 1873 demonstrat,
450 1822 476 1865 et
493 1817 647 1881 generalibus
666 1818 762 1878 opticae
789 1815 980 1865 theorematibus
1007 1816 1145 1879 praemissis
1163 1816 1226 1865 inter
1244 1815 1296 1865 alia
1311 1817 1364 1882 agit
1383 1816 1507 1883 deiigurs

159 1888 226 1939 radii
244 1897 272 1938 et
289 1888 408 1944 umbrae,
436 1887 467 1936 de
485 1887 635 1937 dimensione
654 1887 840 1945 retractionum,
860 1885 891 1936 de
909 1885 1082 1950 parallaxibus,
1102 1885 1133 1935 de
1152 1884 1301 1951 dimeniona
1319 1887 1382 1937 lucis
1399 1888 1506 1939 siderum

159 1962 187 2015 is
205 1959 306 2010 Lunam
325 1966 351 2009 st
368 1958 483 2015 Terram,
511 1961 537 2009 in
565 1961 646 2023 specie
671 1957 732 2007 lucis
751 1956 842 2006 Solaris
868 1959 893 2006 in
911 1957 1023 2015 Lunam,
1043 1957 1130 2006 Lunae
1147 1958 1173 2006 in
1192 1957 1308 2015 Terram,
1327 1966 1353 2008 et
1369 1958 1461 2010 Terrae
1478 1960 1505 2009 in

159 2031 277 2088 Lunam
308 2031 428 2094 posterior
453 2032 532 2094 ipsam
558 2029 685 2094 eclipsinm
712 2027 849 2078 docuinam
876 2028 990 2086 exhibet,
1016 2033 1042 2079 et
1062 2027 1229 2080 Pwlemaicae
1255 2029 1363 2079 methodi
1386 2030 1504 2094 pericula,

160 2101 292 2168 dispendia
310 2107 337 2151 et
354 2115 446 2151 errores
464 2100 578 2161 ostendit,
597 2102 754 2151 sciametsiae
772 2099 927 2150 theoremata
944 2101 1103 2156 demonstrat,
1119 2100 1245 2164 mumque
1256 2106 1345 2151 notatu
1357 2100 1434 2167 digna
1450 2116 1504 2166 pro·

159 2176 233 2239 ponit
249 2173 281 2223 de
299 2171 424 2223 diametro
442 2170 505 2222 Solis
524 2179 550 2221 et
561 2172 648 2223 Lunae
660 2171 825 2228 observandis,
844 2171 874 2220 de
892 2177 960 2221 motu
978 2169 1064 2221 Lunae
1082 2170 1168 2221 diurno
1187 2178 1212 2222 et
1229 2172 1325 2223 horario
1344 2174 1370 2223 in
1388 2176 1504 2237 coniunc-

159 2245 271 2297 tionibus
290 2250 316 2293 et
332 2245 523 2309 oppositionibus
543 2243 697 2303 inveniendo,
717 2243 748 2292 de
766 2250 834 2292 motu
852 2249 878 2293 at
891 2243 980 2309 angulo
999 2241 1136 2292 latitudinis
1153 2256 1205 2293 una
1216 2257 1272 2294 cum
1285 2242 1371 2294 Lunae
1383 2244 1504 2308 parallari
1596 2236 1602 2245 ’

159 2329 227 2367 sesa
242 2315 358 2365 methodo
385 2314 550 2379 inquirendis,
576 2318 681 2379 itemque
700 2314 731 2364 de
749 2315 918 2364 observatione
935 2314 1007 2377 hujus
1026 2313 1108 2380 anguli
1134 2315 1198 2364 cius
1219 2316 1342 2365 maximae
1367 2314 1505 2367 lstltudiuls

159 2386 401 2442 considerationem,
424 2384 455 2435 de
481 2387 581 2435 umbrae
599 2386 779 2436 semidiametro
798 2388 864 2435 varie
881 2385 1034 2450 inquirenda,
1054 2382 1085 2435 de
1098 2384 1161 2435 Solis
1178 2386 1308 2450 parallaxi,
1328 2386 1459 2438 altitudine
1477 2393 1504 2438 et

160 2460 318 2525 [supertiam
335 2459 408 2507 mum
420 2456 515 2507 illorum
526 2472 652 2522 corporum
665 2458 731 2506 vario
743 2456 897 2522 detegendis,
911 2457 946 2507 de
958 2456 1092 2507 commodis
1104 2457 1209 2523 donique
1220 2456 1277 2508 inde
1289 2459 1315 2506 iu
1327 2457 1504 2524 geographiam

159 2536 188 2581 et
205 2532 233 2581 in
250 2528 356 2593 reliquas
373 2529 492 2578 scientias
509 2528 716 2597 redundpntibuu
736 2536 763 2578 ut
781 2528 911 2577 multarum
928 2527 1055 2591 eclipsium
1073 2533 1125 2577 tam
1143 2526 1265 2580 Solarium
1283 2543 1357 2593 quam
1370 2528 1504 2581 Lunarimu

156 2604 233 2667 Juxta
250 2599 428 2664 Keplerianasn
446 2598 591 2664 hypothesin
617 2614 720 2650 examen
740 2600 864 2661 adjectum
882 2605 987 2649 taceam
1025 2598 1075 2649 Sed
1092 2599 1133 2649 bic
1150 2600 1220 2658 liber,
1238 2600 1424 2651 immortalitate
1441 2615 1504 2652 sane

160 2672 338 2739 dignissimus,
356 2674 426 2734 cujus
442 2673 502 2728 tibi,
520 2672 596 2721 lector
614 2669 757 2735 astrophile,
777 2678 947 2735 argumentum
963 2669 1069 2720 breviter
1086 2673 1201 2734 exposui,
1221 2671 1325 2722 affectus
1343 2671 1440 2736 quidem
1458 2672 1506 2723 luit

159 2758 178 2795 a
187 2742 299 2808 Kepleso
310 2748 392 2792 nostm
409 2748 436 2792 et
446 2741 588 2806 Imperatori
600 2741 725 2792 Matthiae
742 2742 929 2809 gloriosissimae
947 2742 1079 2791 memoriae
1092 2743 1195 2803 oblatus,
1216 2749 1243 2792 at
1255 2742 1285 2792 ob
1297 2743 1399 2805 injurias
1410 2743 1505 2794 illorum

160 2823 299 2879 temporum
315 2813 399 2877 perfici
417 2819 443 2864 et
459 2813 571 2878 publicae
589 2812 636 2863 luci
656 2814 743 2876 erponi
760 2828 809 2862 non
827 2814 913 2876 potuit
938 2812 973 2862 Ut
989 2818 1073 2863 tamen
1092 2827 1123 2863 ne
1141 2814 1275 2877 ignorares,
1293 2813 1343 2881 hoq
1353 2813 1505 2865 celeberrimi

159 2887 271 2939 semoris
289 2886 464 2935 memnonem
482 2884 562 2935 adhuc
580 2898 705 2948 superesse
724 2891 750 2934 et
766 2885 792 2934 in
810 2898 892 2934 casses
909 2898 976 2934 meos
993 2882 1119 2941 incidisse,
1146 2890 1171 2934 te
1189 2883 1257 2934 hisco
1275 2885 1403 2937 certiorem
1421 2885 1504 2937 iacere

160 2973 212 3009 non
229 2958 427 3021 intempestivum
445 2955 516 3017 duxi,
544 2957 570 3004 in
587 2971 627 3006 me
644 2955 716 3005 simul
734 2956 865 3020 recipiens,
890 2955 951 3005 nihil
968 2955 1159 3005 intermissurum
1176 2969 1217 3005 me
1235 2969 1298 3013 esse,
1317 2955 1382 3021 qnod
1399 2956 1432 3007 sd
1451 2957 1502 3008 edi·

143 3031 256 3080 wionem
273 3028 476 3092 mmmmomimi
498 3027 569 3088 buius
588 3030 666 3091 operis
684 3026 856 3076 maturandam
874 3027 923 3076 ullo
941 3027 1012 3075 modo
1029 3026 1150 3091 pertinere
1168 3026 1301 3083 videbitur,
1325 3026 1408 3077 divim
1425 3026 1502 3079 fretus

159 3100 332 3166 providentia,
350 3113 414 3162 quae
430 3098 543 3148 subsidiis
562 3099 593 3147 ad
611 3097 744 3148 studiorum
763 3097 990 3149 mathematicorum
1008 3097 1216 3148 continuationem
1234 3111 1308 3162 quam
1326 3098 1434 3149 maxime
1456 3113 1501 3149 ne·

161 3172 278 3223 surmio
295 3170 390 3220 labores
406 3184 474 3219 meos
491 3170 636 3227 sublevabit,
654 3184 754 3234 quornm
772 3169 812 3218 bic
830 3185 873 3232 per
893 3184 989 3218 omnem
1006 3169 1083 3217 vitam
1100 3168 1154 3218 linis
1173 3171 1220 3219 erit
1235 3170 1331 3230 unicos,
1350 3175 1379 3219 nt
1395 3176 1502 3223 natum

161 3254 259 3295 arama
275 3242 354 3307 magis
371 3243 499 3307 magisque
517 3240 672 3306 demgantnr,
691 3246 764 3305 atquc
782 3239 830 3290 hac
848 3242 952 3298 ratione,
971 3254 1021 3305 qus
1036 3239 1105 3289 nulls
1123 3242 1227 3306 cogitari
1244 3245 1326 3304 potest
1342 3240 1435 3298 melior,
1453 3241 1498 3293 bu·

160 3315 231 3365 mani
248 3315 347 3378 generis
364 3311 431 3361 salus
448 3319 625 3377 promoveatur.
661 3312 691 3361 ln
708 3325 799 3376 genere
818 3312 881 3361 enlm
897 3312 989 3375 jndicio
1007 3311 1071 3360 illius
1089 3310 1225 3362 Verulsmii
1242 3308 1297 3372 (lib.
1316 3310 1348 3361 ll.
1367 3311 1399 3362 de
1417 3325 1500 3379 augm.

162 3382 267 3445 edent)
276 3399 319 3449 pso
332 3389 397 3433 certo
409 3382 557 3440 babendum,
575 3396 677 3449 magnum
689 3384 715 3431 in
726 3383 798 3432 rebus
811 3388 915 3433 naturae
928 3383 1018 3434 abdite
1036 3383 1149 3433 eruendis
1167 3391 1193 3434 at
1210 3381 1347 3433 reserandis
1361 3397 1503 3449 progressus

161 3456 202 3506 vix
219 3454 274 3506 deri
286 3468 366 3519 posse,
386 3455 433 3503 nisi
452 3454 484 3504 ad
496 3436 661 3519 experimenta
671 3452 779 3503 Vulcani
800 3459 826 3503 et
837 3451 943 3503 Daedali
962 3454 999 3504 vel
1012 3456 1176 3518 cujuscunque
1189 3454 1288 3505 altadus
1300 3455 1503 3519 generis‘sunrtus
1591 3494 1594 3501 ,

161 3526 263 3579 ahude
280 3524 472 3590 suppeditentur.
499 3524 537 3574 'l'u
553 3539 618 3584 vero,
636 3525 669 3573 mi
688 3524 829 3588 astrophile,
849 3525 977 3576 consutos
994 3527 1063 3583 mus,
1082 3540 1141 3590 quos
1158 3526 1184 3576 iu
1199 3524 1367 3576 nobdhsimse
1382 3526 1503 3578 scientim

160 3601 344 3651 'aucmentum
361 3603 387 3647 et
404 3604 573 3647 mentum
590 3596 690 3646 tendere
708 3595 766 3646 bino
783 3595 857 3645 leole
875 3595 1000 3662 intelligis,
1019 3596 1076 3647 tave
1093 3603 1120 3647 et
1136 3611 1187 3649 rem
1205 3604 1275 3648 tuam
1293 3609 1324 3647 ex
1340 3602 1397 3647 voto
1415 3609 1472 3665 age.

253 3667 396 3720 Scribebsm
412 3667 512 3733 Lipsiae
528 3667 605 3733 pridie
622 3666 687 3717 Non.
706 3665 768 3717 Dec.
789 3662 865 3715 lice,

769 3839 900 3849 —a--n-

253 3984 428 4056 bagmam
446 3986 524 4053 operis
541 3986 651 4052 iuscdpti
668 3984 895 4052 Hipparchus
914 3983 1001 4041 eadem
1019 3999 1068 4052 qna
1085 3986 1191 4037 occurrit
1207 3985 1421 4040 incodicelorma
1437 3990 1502 4055 typis

160 4061 344 4119 mandavimus,
362 4062 389 4110 in
405 4061 527 4124 proposito
540 4067 699 4124 susceptoque
718 4057 818 4109 conslllo
830 4063 1011 4122 permanentes,
1030 4058 1161 4109 immutata
1177 4046 1279 4121 Kepleri
1297 4074 1372 4124 opera
1382 4059 1431 4112 bac
1449 4060 1501 4113 esd·

161 4136 233 4186 none
245 4130 391 4197 colligendis
410 4137 436 4180 et
453 4132 562 4196 quanvis
579 4145 654 4196 aegre
670 4130 796 4180 terendum
815 4130 854 4187 sit,
873 4126 937 4193 quod
948 4127 1068 4192 Keplerus
1087 4127 1228 4179 inchoatum
1245 4144 1295 4180 non
1314 4131 1417 4182 absolvit
1433 4144 1501 4199 opus,
1529 4190 1530 4195 Ἰ

161 4203 340 4257 absolvendum
356 4202 415 4253 illud
433 4203 476 4253 alii
493 4202 682 4266 permittendum
699 4216 753 4252 essa
772 4214 914 4259 cenamus,
932 4201 980 4263 qui,
1000 4207 1028 4249 ut
1044 4198 1159 4250 Herelius
1177 4201 1244 4260 dicit,
1263 4216 1344 4252 rerum
1360 4204 1452 4268 periture
1469 4204 1503 4253 sit

162 4282 191 4327 et
208 4277 260 4327 otio
279 4274 401 4332 abundet;
420 4288 517 4338 sparsas
534 4275 714 4333 mactationes,
736 4286 799 4337 qnae
817 4272 850 4321 ad
867 4286 917 4321 rem
936 4271 1066 4335 pertinent,
1084 4285 1129 4321 uos
1147 4272 1191 4323 snb
1208 4272 1284 4324 finem
1293 4274 1475 4340 subjungemus.

255 4345 381 4407 Qusntmn
398 4346 512 4409 temporis
523 4344 654 4409 Keplcrus,
672 4358 768 4407 sempor
784 4356 893 4394 reversus
911 4343 944 4392 sd
960 4343 1107 4406 propositum
1123 4357 1203 4402 suum,
1222 4345 1382 4395 consumserit
1398 4348 1425 4395 in
1443 4360 1500 4395 cou-

161 4418 293 4473 soeihendo
309 4415 357 4466 lroo
375 4426 460 4481 opere,
487 4430 542 4466 cum
560 4431 590 4466 ex
607 4415 764 4477 inscriptione
783 4420 886 4479 apparet
903 4409 1030 4479 (nPragae
1047 4411 1165 4464 inchoata
1183 4428 1200 4464 a
1216 4414 1300 4465 multis
1317 4417 1403 4474 annis,
1420 4416 1501 4469 Lincii

162 4504 221 4541 vno
238 4489 394 4546 musta,
411 4488 552 4552 praesertim
570 4501 635 4538 anno
649 4481 749 4547 litu)
767 4490 818 4536 tum
835 4484 962 4551 esingulis
980 4483 1043 4535 loliis
1060 4484 1085 4533 ln
1103 4483 1170 4535 voli
1184 4482 1254 4536 etlI.
1273 4488 1500 4555 manuscriptum,

162 4560 295 4625 mulpds
311 4561 385 4609 annm
401 4558 575 4609 diremiasimls.

251 4630 325 4692 Quae
341 4632 394 4695 ipse
411 4629 533 4694 Koplarus
550 4629 674 4687 inlibris,
702 4643 761 4694 quos
784 4629 837 4691 ipse
853 4625 942 4691 publici
962 4626 1024 4688 lusis
1041 4626 1101 4677 feeit
1116 4640 1163 4677 nec
1185 4640 1236 4677 non
1252 4627 1280 4678 in
1295 4626 1373 4679 literis
1390 4630 1500 4697 privatis,

162 4716 227 4771 quas
244 4702 280 4753 ad
296 4702 388 4753 anlon
406 4700 492 4759 dedit,
518 4699 549 4751 de
574 4700 667 4752 edendo
684 4699 731 4751 hoo
748 4712 820 4765 opere
836 4698 946 4762 sumpsit,
968 4699 1097 4763 mutatis
1113 4697 1235 4749 exhibent.
1271 4697 1379 4751 marm
1395 4701 1502 4753 occurrit

154 4766 257 4827 'maio
273 4770 467 4838 Hipparchi
493 4773 519 4822 in
537 4770 729 4833 „Peroratione“
753 4769 858 4835 Opticse
881 4766 947 4831 (Vol.
967 4766 1000 4818 11.
1018 4782 1075 4835 pag.
1095 4764 1158 4828 398)
1176 4768 1201 4819 h.
1221 4783 1243 4819 e.
1271 4783 1336 4821 anno
1365 4767 1447 4829 leot.
1475 4765 1502 4821 e't

164 4843 313 4898 nummo
328 4842 389 4894 licet
412 4858 443 4895 ex
459 4843 497 4894 his
514 4843 603 4901 mels,
621 4842 755 4908 Keplsrom
772 4842 859 4894 eodem
875 4847 998 4905 tempore,
1023 4852 1070 4906 quo
1089 4838 1204 4905 Optiosn
1227 4842 1382 4908 mmmpstt.
1404 4842 1502 4894 lulium
