3354 5504
639 382 647 397 .
761 296 926 367 mmmm.

743 502 947 665 Capuf'tqffdi.

495 690 553 754 De
574 698 661 754 nota
685 691 798 755 Lunae
819 686 1008 759 brunin
1029 695 1179 778 syzygiis.

256 831 333 897 Cum
358 832 495 894 horarius
519 832 624 895 Lunae
647 853 685 895 ex
709 834 971 897 observationibus
992 836 1050 897 fide
1074 834 1173 916 dignis
1196 837 1300 900 haberi
1322 839 1430 918 possit,
1449 841 1515 921 jure

170 925 245 986 inter
267 923 415 1002 principia
437 922 609 984 assumitur.

260 1012 403 1093 Sequitur
432 1011 550 1093 quidem
587 1031 624 1072 ex
656 1010 874 1091 hypothesibus
898 1012 1043 1073 artificum
1067 1013 1176 1094 aliquis
1200 1022 1300 1079 certus
1322 1014 1460 1079 horarius
1483 1016 1514 1080 in

171 1101 298 1181 singulis
322 1101 489 1161 anomaliae
514 1101 617 1161 Lunae
641 1101 789 1179 partibus.
831 1100 876 1161 At
899 1119 1009 1162 causae
1032 1109 1120 1177 sunt,
1144 1122 1196 1165 cur
1219 1104 1257 1165 iis
1280 1104 1382 1166 solis
1406 1104 1462 1167 hac
1484 1106 1516 1167 in

173 1190 377 1270 speculatione
400 1209 457 1251 non
482 1190 634 1258 utendum,
658 1207 751 1268 neque
771 1189 945 1251 testimonia
969 1191 1211 1255 observationum
1228 1193 1265 1254 de
1282 1193 1321 1254 iis
1335 1194 1517 1275 negligenda
1618 1235 1624 1247 ·

169 1279 351 1341 existimem.
397 1279 475 1341 Nam
506 1279 592 1359 cupio
620 1278 696 1339 hanc
719 1277 892 1351 materiam,
925 1280 1023 1357 quoad
1046 1280 1109 1342 fieri
1132 1289 1249 1360 potest,
1284 1300 1338 1362 per
1360 1302 1394 1344 se
1421 1292 1515 1359 stare,

169 1379 202 1431 ut
225 1369 268 1429 sit
290 1377 322 1428 et
344 1369 561 1447 comprehensu
584 1367 700 1428 facilior
722 1376 754 1427 et
777 1368 834 1427 lide
858 1367 983 1445 dignior.
1030 1368 1137 1431 Latuit
1160 1370 1237 1433 enim
1259 1378 1379 1433 veteres
1403 1371 1516 1454 aliquid

169 1458 250 1519 circa
283 1456 434 1518 horarium
457 1458 561 1519 Lunae
587 1455 616 1517 in
640 1455 897 1535 conjunctionibus
923 1465 954 1517 et
977 1458 1235 1536 oppositionibus:
1267 1460 1345 1541 quod
1367 1462 1517 1542 posterior

167 1546 280 1608 Brahei
304 1546 462 1624 diligentia
484 1549 514 1609 in
538 1548 634 1608 lucem
657 1545 773 1606 extulit
821 1545 1076 1608 Satislaciendum
1099 1548 1199 1628 itaque
1219 1549 1414 1611 sollicitudini
1439 1569 1515 1631 geo-

168 1635 358 1697 metricorum
383 1637 584 1715 ingeniorum,
615 1653 690 1713 quae
715 1642 836 1712 propter
859 1635 936 1697 hanc
960 1635 1152 1698 leviusculam
1182 1636 1379 1701 differentiam
1402 1658 1516 1703 caveu-

169 1725 237 1786 dum
276 1723 334 1784 sibi
367 1725 518 1804 putabant
550 1724 588 1786 ab
621 1723 764 1795 horariis,
798 1722 846 1803 qui
878 1723 964 1786 nobis
988 1744 1026 1785 ex
1049 1736 1202 1788 auctorum
1225 1727 1441 1809 hypothesibus
1465 1728 1515 1791 of·
1547 1716 1551 1724 ’

169 1815 313 1875 teruntur.

255 1920 471 1976 Maestliuus
493 1918 579 1990 (Epit.
593 1924 705 1974 Astron.
720 1936 746 1988 p.
762 1914 834 1986 444)
849 1936 886 1973 ex
899 1920 1101 1990 hypothesibus
1114 1921 1290 1977 Ptolemaicis
1301 1924 1401 1994 prodit,
1415 1924 1445 1978 in
1456 1940 1514 1980 uun

166 2001 235 2056 hora
256 2001 381 2070 superari
395 2000 486 2054 Solem
500 2017 518 2054 n
530 2002 612 2055 Luna
626 2016 755 2071 apognea
775 1994 823 2053 27‘
838 1995 907 2064 52⁰,
927 2001 1054 2055 mediocri
1068 1998 1116 2057 30‘
1131 1998 1200 2070 29⁰,
1228 2003 1363 2076 perigaea
1384 2001 1432 2060 33'
1455 1998 1514 2061 35“

254 2081 500 2136 Rheinholdus
531 2082 559 2135 in
588 2081 665 2136 Prut.
687 2080 755 2134 Tab.

166 2160 202 2233 (p.
226 2158 275 2217 96.
298 2157 351 2222 97)
372 2177 409 2214 ex
429 2161 580 2231 Cepernico
601 2160 655 2214 sie:
780 2154 825 2216 26.
842 2156 877 2213 33
959 2189 994 2199 -
1072 2157 1118 2217 30.
1154 2156 1171 2216 9
1267 2191 1303 2203 -
1385 2159 1432 2220 35.
1472 2162 1492 2221 7

253 2241 373 2313 Tycha
394 2241 552 2295 Braheus
572 2241 601 2295 in
615 2241 684 2295 Tab.
700 2240 755 2294 Lu·

167 2323 281 2378 naribus
304 2320 462 2393 (Progymn
483 2338 510 2391 p.
536 2315 623 2389 128);
777 2312 877 2374 2212
958 2348 997 2357 —
1072 2317 1118 2378 30.
1133 2315 1172 2377 42
1266 2352 1304 2362 -
1374 2318 1432 2395 35.
1455 2320 1502 2382 37.

253 2418 314 2481 Sed
349 2438 472 2480 necesse
504 2426 568 2491 est,
590 2417 795 2479 Ptolemaeum
821 2424 852 2476 et
875 2414 1071 2495 Ceperuicum
1094 2416 1125 2480 in
1148 2417 1317 2499 quantitate
1341 2420 1510 2498 convenire,

164 2528 230 2570 cum
265 2507 481 2590 hypothesibus
514 2514 636 2569 utantur
666 2507 747 2567 circa
779 2505 854 2566 hanc
878 2522 940 2567 rem
962 2506 1242 2587 aequipollentibus.
1287 2506 1410 2572 Etenim
1433 2512 1512 2591 quod

164 2597 333 2679 (lopernico
356 2603 494 2675 praestat
516 2596 706 2677 epicyclium,
731 2593 888 2657 retrahens
911 2593 1028 2657 Lunam
1051 2615 1217 2677 apogaeam
1241 2597 1297 2660 snb
1311 2596 1384 2662 Sole
1408 2606 1511 2662 traus-

163 2699 284 2749 euntem
309 2687 336 2747 iu
361 2685 581 2756 antecedentia,
605 2695 636 2744 et
659 2683 830 2763 perigaeam
853 2701 1032 2762 promovens
1047 2684 1076 2745 iu
1091 2686 1317 2768 consequentia,
1340 2688 1512 2771 plusquam

166 2778 225 2838 lert
258 2774 337 2836 ratio
369 2774 493 2853 majoris
526 2774 669 2855 epicycli:
709 2773 786 2834 idem
815 2770 986 2834 Ptolemaeo
1018 2783 1156 2852 praestat
1185 2793 1352 2856 apogaeum
1383 2777 1511 2860 epicycli

163 2866 312 2939 medium,
341 2882 459 2943 semper
490 2864 615 2926 vicinius
639 2863 735 2923 lineae
758 2880 811 2942 per
835 2859 936 2923 Solem
960 2871 992 2922 et
1014 2863 1136 2923 Terram
1159 2862 1287 2939 ductae,
1320 2884 1409 2946 quam
1431 2885 1509 2947 apo-

162 2974 270 3034 gaeum
307 2952 438 3032 ejusdem
470 2953 595 3035 epicycli
627 2970 729 3013 verum
761 2950 809 3012 vel
840 2960 981 3031 punctum
1004 2951 1212 3026 concavitatis,
1244 2961 1274 3014 et
1296 2953 1510 3034 perigaeume

162 3054 270 3106 contra
293 3043 444 3105 remotius.
476 3044 582 3124 Itaque
605 3038 717 3102 horarii
731 3037 888 3101 Maestlini
910 3040 1043 3102 nituntur
1067 3041 1272 3104 tantummodo
1291 3041 1504 3123 simpliciuon-

162 3132 345 3194 sideratione
369 3129 505 3211 epicycli.
553 3128 681 3200 Qualem
703 3129 850 3191 rationem
874 3136 906 3190 et
927 3129 1073 3191 Braheus
1088 3130 1117 3191 iu
1140 3149 1193 3191 suo
1217 3131 1337 3194 horario
1356 3131 1507 3195 etdiuruu

161 3223 230 3284 icto
256 3221 390 3301 seqnitur
413 3226 471 3287 (tos.
492 3230 531 3277 eu.
560 3244 585 3292 p.
605 3223 692 3292 ltu),
724 3236 781 3300 quo
805 3217 950 3279 articulos
974 3218 1211 3298 conjunctionum
1230 3228 1262 3282 et
1284 3220 1506 3301 oppositionum

161 3310 301 3391 inquirit,
340 3308 410 3389 quia
442 3309 471 3370 in
504 3308 564 3370 illis
594 3306 730 3370 articulis
762 3306 915 3387 epicyclus
946 3314 978 3368 et
1009 3306 1137 3370 variatio
1164 3309 1255 3390 plane
1287 3310 1361 3372 nibil
1390 3306 1504 3374 turbat.

159 3423 318 3490 Apegneae
337 3415 409 3471 enim
428 3416 524 3471 Inone
544 3415 684 3472 horarium
708 3413 825 3468 exhibet
844 3407 893 3470 27‘
913 3410 981 3480 43⁰,
1011 3414 1163 3487 perigaeae
1185 3412 1233 3474 33‘
1254 3410 1332 3482 24⁴‘3

639 3493 819 3549 Maestliuus:
842 3487 888 3549 27.
909 3488 947 3549 52
1069 3525 1105 3535 -·
1185 3494 1231 3553 33.
1253 3492 1299 3553 35.

248 3592 314 3655 Nec
344 3591 419 3655 alios
450 3610 537 3673 quam
562 3589 745 3671 Cepernicus
768 3590 902 3653 horarios
925 3608 1014 3653 veros
1037 3600 1207 3656 exstrueret
1227 3592 1365 3656 Brabeus
1388 3612 1426 3655 ex
1449 3614 1506 3659 sua

158 3681 321 3766 hypothesi
352 3681 473 3755 Lunae,
506 3679 614 3762 qnippe
643 3681 692 3762 qni
715 3680 892 3761 epicyclium
916 3678 1153 3761 (loperuicanum
1175 3681 1265 3761 plane
1287 3681 1416 3760 retinet,
1444 3683 1505 3748 situ

157 3773 259 3835 solum
287 3780 432 3845 emotum,
470 3779 502 3832 et
532 3771 571 3831 ad
594 3770 718 3832 Terram
745 3771 929 3831 detractum:
963 3768 1022 3831 nisi
1053 3770 1261 3850 superveniret
1291 3772 1371 3852 apud
1404 3771 1505 3854 ipsum

157 3870 270 3933 motus,
295 3877 381 3941 quem
405 3861 470 3941 ipse
493 3859 760 3921 variationem
784 3857 876 3932 dixit,
908 3875 1011 3919 omnes
1040 3858 1177 3921 horarios
1200 3859 1305 3924 Lunae
1333 3860 1364 3923 in
1387 3860 1503 3943 copulis

157 3948 310 4015 medens
333 3948 476 4012 efficiens.
520 3950 627 4029 Itaque
650 3947 891 4011 observationum
913 3946 1117 4009 testimoninm
1139 3947 1289 4030 interponi
1304 3959 1501 4030 necesseest,

158 4048 194 4103 nt
218 4048 377 4117 appareat,
401 4037 599 4100 differentiam
623 4037 805 4100 horariorum
829 4035 1087 4116 hypotheticomm
1110 4037 1190 4119 apud
1211 4038 1347 4104 diversos
1363 4048 1503 4105 aucturus

159 4136 196 4192 nt
218 4126 377 4209 plurimum
400 4128 544 4189 minorem
566 4146 649 4200 esse,
672 4144 770 4206 quam·
783 4124 982 4187 differentiam
1003 4126 1136 4206 ipsarum
1157 4125 1237 4190 iuter
1259 4146 1292 4190 se
1311 4128 1502 4193 observatio-

159 4236 249 4287 nnm,
288 4225 341 4277 aut
363 4214 456 4279 sicubi
479 4216 644 4295 majuscula
667 4224 716 4278 est
738 4214 816 4294 apud
840 4222 993 4289 auctores,
1017 4215 1135 4278 cuinam
1156 4214 1249 4298 igitur
1272 4236 1309 4280 ex
1329 4218 1501 4285 meantes

159 4308 245 4370 circa
266 4304 417 4367 horarium
438 4306 513 4369 tides
527 4305 577 4378 ,ait
598 4304 778 4366 adhibenda.

252 4392 394 4458 Ceterum
422 4395 515 4457 variis
538 4394 635 4456 modis
659 4411 697 4453 ex
720 4387 1119 4456 observationibus'slicitur
1141 4393 1288 4459 horarius.
1332 4396 1364 4470 Ι)
1386 4390 1502 4461 Exstu't

159 4487 241 4548 inter
262 4483 448 4564 problemata
478 4483 552 4564 Cap.
576 4483 633 4546 XI.
664 4480 736 4562 Opt.
760 4479 855 4562 probl.
879 4476 932 4543 26.
956 4482 1022 4544 huic
1045 4480 1185 4545 instituto
1207 4482 1357 4548 idoneum.
1401 4486 1500 4549 Prae-

160 4573 306 4659 supponit
328 4580 428 4635 autern
450 4571 545 4652 probl.
570 4567 622 4645 24,
645 4572 676 4633 in
700 4590 757 4653 quo
773 4570 906 4644 docetur,
930 4569 1077 4651 quomode
1091 4588 1130 4632 ex
1152 4571 1361 4636 observatione
1376 4574 1497 4655 eclipsis
1552 4619 1554 4623 ,

160 4663 244 4727 Solis
280 4668 401 4723 emann
432 4661 587 4742 longitudo
608 4668 641 4723 et
661 4659 790 4723 latitudo
812 4657 941 4721 visibilia
963 4659 1065 4723 Lunae
1089 4682 1109 4721 a
1131 4657 1215 4741 Sole.¹
1260 4660 1397 4734 Quatuor
1420 4664 1499 4729 euim

160 4755 237 4816 base
260 4759 403 4812 amurate
420 4749 568 4813 notandas
595 4749 629 4824 l)
652 4747 776 4812 Certum
789 4747 881 4810 horae
899 4758 1095 4820 momentum,
1119 4747 1155 4822 2)
1178 4750 1332 4832 quantitas
1352 4753 1498 4829 delectus,

159 4840 198 4916 3)
237 4841 451 4904 diametrorum
486 4838 569 4937 Solis
606 4846 640 4901 et
671 4839 777 4902 Lunae
818 4855 968 4919 apparens
1004 4836 1195 4919 mmditndo,
1253 4834 1290 4915 4)
1317 4841 1413 4905 lineae
1443 4860 1499 4923 per
