3354 5504
671 302 972 367 sKsplsrocrseudsls
1428 297 1491 366 707

143 478 291 561 agitando
306 487 441 544 ‘tantum
471 482 600 562 paginae
629 459 759 561 spatium
791 501 949 564 occupem,
982 486 1125 562 quantum
1155 486 1188 540 tn
1218 478 1383 560 occupasti.
1431 476 1493 540 Sed

143 568 247 633 mitior
269 587 332 645 ero,
357 589 413 633 nec
436 571 595 652 quicquam
618 571 673 634 tibi
696 572 737 632 ad
759 579 807 633 tot
830 571 967 647 convicia
985 588 1102 649 regero,
1124 566 1183 630 nisi
1205 575 1239 628 ut
1262 570 1380 647 relegas
1404 568 1493 629 sche-

143 658 211 720 dam
234 677 346 731 meam,
369 679 462 741 eaque
479 660 567 723 ¹lecta
590 662 668 741 quod
692 660 852 740 ingenuum
874 661 969 723 sirum
994 659 1081 720 decet
1098 658 1258 719 erubescas
1282 665 1371 739 teque
1393 657 1439 718 ira
1462 666 1494 717 et
1576 674 1579 679 ’

144 748 224 810 falsa
247 747 461 828 imaginatione
486 749 640 811 literarum
664 749 834 811 absentium
856 749 1087 830 praecipitatum
1112 746 1224 808 doleas.
1265 752 1316 816 (Ad
1334 756 1409 804 verbs
1426 755 1493 804 Lon-

143 846 288 912 msutnnt
304 858 382 910 sums
399 846 478 896 stau
490 847 622 911 adsanpsir
632 847 773 912 Kaplsrns:
792 839 987 902 Debacchare
1003 839 1032 898 in
1048 839 1161 897 larvam
1178 843 1241 896 ate
1257 835 1492 909 concinnatam.)

228 924 321 997 Quod
344 945 416 988 vero
439 947 476 989 ne
499 928 629 990 monitus
653 928 771 1008 quidem
797 948 925 989 errorem
944 925 1152 1007 deprehendis,
1176 943 1211 986 eo
1234 924 1266 985 te'
1288 932 1373 986 tanto
1397 926 1494 1004 magis

143 1015 237 1078 errori
260 1015 438 1095 obstringis.
483 1017 546 1080 Sed
570 1018 703 1079 facessat
726 1018 831 1079 odiosa
853 1016 1064 1097 exprobratio,
1097 1022 1165 1075 orta
1196 1033 1233 1075 ex
1262 1014 1413 1093 contagiu-
1431 1023 1493 1076 tam

143 1104 263 1167 sicinae
287 1105 464 1168 calumniae.
510 1107 619 1168 Dicam
641 1106 787 1186 ingenue,
820 1107 966 1176 candide,
996 1103 1206 1167 astronomica.
1254 1105 1300 1164 Tu
1321 1103 1493 1182 parallaxes
1595 1124 1598 1129 ·

142 1196 248 1259 Lunae
272 1194 439 1275 explorasti
462 1196 598 1269 seorsim,
623 1196 803 1257 diametrum
828 1193 868 1273 Θ
893 1194 1032 1264 seorsim,
1058 1193 1236 1254 diametrum
1258 1193 1381 1254 umbrae
1406 1211 1492 1254 seor-

141 1284 207 1347 s‘nn.
255 1283 305 1346 Ex
328 1283 374 1345 bis
397 1285 479 1347 nosti
502 1285 708 1346 Ptolemaeum
732 1285 881 1365 inquirere
906 1284 1096 1346 altitudinem
1121 1279 1160 1359 Θ
1185 1301 1223 1343 ex
1245 1289 1348 1343 centro
1372 1283 1493 1351 Terrae,

142 1392 178 1436 ex
201 1392 242 1434 ea
264 1373 435 1453 parallanin
460 1371 511 1450 Θ.
558 1375 624 1435 Hoc
648 1384 680 1435 tu
708 1374 870 1453 neglexisti
899 1374 1095 1445 existimaus,
1125 1372 1259 1433 sufficere
1283 1378 1358 1433 uta
1380 1371 1493 1432 veteri-

141 1461 194 1524 bus
218 1469 254 1522 et
268 1462 410 1544 Tychone
433 1463 538 1525 itidem
562 1463 689 1525 seorsim
712 1463 877 1542 parallaxis
902 1460 942 1541 Θ
968 1463 1008 1524 sit
1031 1469 1179 1523 assumta.
1217 1459 1261 1522 At
1284 1460 1310 1521 si
1334 1469 1366 1520 tu
1389 1460 1493 1522 Ptole-

141 1570 261 1615 maeum
284 1551 421 1613 imitatus
445 1552 509 1626 (vel
527 1571 586 1614 non
603 1553 694 1614 multo
710 1552 799 1614 aliam
820 1552 1003 1626 methodum,
1028 1550 1172 1612 assumtis
1195 1549 1262 1611 aliis
1286 1568 1373 1630 quam
1388 1549 1494 1610 Ptole-

141 1640 266 1712 maicis)
290 1659 328 1701 ex
350 1641 501 1721 parallaxi
519 1641 623 1702 Lunae
644 1642 672 1702 in
692 1643 821 1703 transitu
840 1641 962 1703 umbrae
981 1650 1013 1702 et
1033 1639 1191 1702 latitudine
1208 1638 1339 1711 umbrae,
1356 1638 1493 1718 ‚itemque

141 1749 175 1792 ex
207 1738 372 1810 apparente
402 1727 442 1807 Θ
472 1731 639 1804 diametro,
672 1732 791 1810 qualem
823 1730 1013 1803 assumsisti,
1047 1729 1251 1810 quaesivisses
1284 1735 1425 1808 tanquam
1458 1747 1495 1788 ex

141 1818 280 1900 genuinis
303 1819 457 1898 principiis
481 1818 705 1897 elongationem
728 1828 761 1881 et
782 1819 952 1899 parallaxin
977 1818 1072 1891 Solis,
1104 1837 1160 1879 non
1192 1827 1307 1878 tantum
1335 1835 1392 1878 non
1417 1816 1495 1878 hauc

141 1907 315 1989 parsllaaiu
339 1905 379 1984 Θ
404 1908 592 1977 invenisses,
617 1928 704 1988 quam
728 1910 831 1990 Tycho
855 1929 892 1970 ex
916 1909 1067 1970 veteribus
1090 1907 1223 1981 retinuit,
1248 1906 1303 1967 sed
1326 1905 1494 1985 deprehen-

141 1997 253 2071 disses,
276 2016 339 2059 rem
363 1996 418 2058 tibi
441 1997 531 2077 plane
556 1999 595 2059 ad
618 1998 806 2077 impossibile
830 1998 937 2061 redire.
978 1996 1068 2060 Certe
1091 2015 1148 2075 ego
1172 2014 1249 2056 nunc
1268 1996 1385 2057 demum
1407 1995 1495 2055 video

141 2086 310 2151 Ptolemae
334 2084 503 2155 consilium,
528 2105 581 2148 cur
604 2087 655 2148 ille
679 2087 783 2149 Lunae
807 2095 840 2148 et
861 2106 915 2167 per
936 2106 1003 2148 eam
1017 2085 1099 2149 Solis
1118 2085 1295 2146 diametrum
1319 2085 1348 2145 in
1372 2083 1495 2164 eclipsi-

141 2176 196 2238 bus
219 2194 276 2256 per
299 2185 369 2236 ante
393 2184 496 2237 notam
520 2174 708 2237 latitudinem
732 2185 765 2238 et
787 2174 899 2255 digitos
922 2175 1077 2256 eclipticus
1101 2175 1201 2238 metiri
1224 2173 1376 2247 maluerit,
1407 2191 1496 2253 quarn
1614 2206 1618 2219 ‹

141 2265 204 2327 slis
232 2263 364 2327 faciliori
391 2265 508 2326 ratione
541 2284 578 2326 ex
609 2264 686 2345 ipsis
714 2265 977 2333 observationibus
1008 2265 1146 2329 deducta.
1174 2265 1272 2326 ‘Nam
1299 2281 1345 2325 me
1375 2261 1495 2324 hercule

141 2353 250 2424 modus
272 2372 327 2434 per
350 2373 383 2415 se
408 2352 554 2417 absurdus
579 2364 636 2416 est.
676 2353 711 2417 Si
735 2355 895 2418 etiamnum
915 2355 1059 2417 obscurus
1083 2354 1141 2415 tibi
1162 2352 1276 2428 videor,
1301 2352 1341 2412 ad
1362 2351 1495 2413 calculos

141 2464 214 2516 aas,
248 2442 354 2505 statim
385 2443 485 2505 omnia
514 2442 570 2505 tibi
599 2444 672 2505 fient
699 2443 850 2519 dilucida,
883 2463 938 2505 nec
969 2463 1016 2505 me
1049 2444 1137 2522 plura
1167 2443 1259 2504 verba
1287 2441 1386 2502 facere
1410 2459 1493 2521 opus.

141 2530 283 2596 brunias
306 2530 454 2594 rationem
478 2533 555 2594 adeo
579 2532 734 2605 lubricam,
759 2542 791 2595 ut
814 2533 894 2595 intra
918 2530 983 2597 900
1003 2530 1136 2596 or2000
1160 2531 1400 2593 semidiametros
1423 2529 1496 2592 nihil

141 2620 217 2684 uerti
245 2621 382 2684 concludi
409 2641 500 2702 posse
531 2621 670 2684 videatur
700 2623 737 2683 de
762 2623 925 2697 ,altitudine
950 2621 1042 2686 Solis.
1089 2621 1261 2685 Admodum
1286 2620 1397 2685 hilaris
1420 2639 1496 2694 sum,

141 2717 304 2792 postquam
336 2728 374 2771 ex
410 2711 518 2772 lacuna
550 2711 776 2773 contentionum
809 2711 934 2774 eluctari
967 2731 1012 2772 me
1045 2710 1150 2772 videor
1183 2710 1222 2770 ad
1257 2708 1496 2789 philosophicam

141 2798 396 2879 disceptationem
420 2806 511 2880 atque
541 2819 608 2863 eam
636 2819 721 2862 meae
748 2799 959 2882 professionis,
989 2800 1040 2880 qui
1063 2800 1175 2879 Optica
1202 2797 1320 2877 scripsi.
1367 2796 1496 2858 Videbis

141 2889 235 2969 igitur
256 2888 289 2951 in
311 2906 378 2950 meo
402 2908 492 2969 opere
517 2889 692 2969 aliqua⁴tibi
711 2889 874 2970 placentia,
899 2890 1001 2970 aliqua
1019 2889 1180 2952 contraria.
1218 2887 1299 2948 Illud
1315 2887 1495 2948 contrarium

141 2977 214 3051 tibi,
248 2977 325 3059 quod
356 2976 382 3039 si
411 2979 438 3049 1)
465 2997 532 3053 cum
558 2976 598 3055 Θ
624 2978 789 3059 (separatis
813 2979 879 3058 jam
906 2978 1129 3057 parallaxibus)
1159 2996 1216 3038 non
1246 2976 1396 3037 videbitur
1424 2975 1495 3036 alibi

141 3069 217 3148 plns,
241 3066 315 3129 alibi
337 3086 392 3147 per
414 3067 507 3129 aliam
530 3068 743 3131 refractionem
765 3069 864 3130 minus
886 3087 953 3129 cum
978 3065 1028 3144 Θ,
1055 3067 1126 3147 quia
1148 3066 1290 3129 retractio
1313 3084 1371 3127 non
1395 3071 1497 3143 potest

141 3155 286 3220 divellere
309 3156 387 3217 visui
405 3156 523 3230 sidera,
548 3177 624 3237 quae
649 3157 726 3219 citra
750 3156 963 3219 refractionem
986 3156 1161 3218 viderentur
1185 3155 1354 3234 conjuncta.

226 3243 300 3295 nass
316 3244 446 3309 Kaplerus,
465 3245 561 3310 reliqua
573 3245 630 3296 ride
648 3261 723 3311 snpra
735 3262 759 3311 p.
774 3242 808 3294 32
825 3261 861 3311 sq.
878 3273 910 3283 —
920 3246 1056 3311 Keplsrum
1072 3259 1159 3309 parum
1169 3257 1277 3301 curasse,
1292 3249 1321 3292 nt
1328 3242 1393 3307 typis
1406 3243 1495 3293 emori·

141 3319 240 3369 bemus·
256 3315 362 3375 libellus,
383 3319 451 3379 cujus
467 3323 562 3381 partem
578 3312 686 3378 (omissis
701 3314 803 3375 tabulis)
822 3323 953 3383 sequentes
972 3318 1082 3368 referunt
1099 3317 1216 3382 paginus,
1237 3321 1341 3380 apparet
1358 3328 1388 3364 ex
1406 3314 1444 3363 his
1464 3314 1497 3363 ad

141 3396 309 3449 1.Bsmam
328 3410 394 3447 anno
415 3393 483 3445 ¹619
502 3397 567 3446 usus
586 3398 682 3447 verbis:
713 3389 801 3453 Meas
825 3388 1110 3451 transformationes
1135 3408 1212 3450 anno
1235 3384 1320 3451 1602
1343 3386 1495 3466 perlectas

141 3486 170 3541 t
181 3476 344 3541 Herrrarto
361 3477 533 3559 inscriptas,
559 3478 666 3558 dignas
686 3498 745 3540 nou
764 3476 866 3558 judico
884 3498 959 3560 quae
984 3479 1154 3540 inserantur
1178 3480 1290 3546 (laudis
1308 3476 1493 3548 Rudolplunisl,

141 3566 209 3651 quia
239 3566 313 3629 nihil
342 3567 378 3628 de
411 3568 567 3647 principiis
596 3566 775 3649 Tychonicis
808 3575 945 3642 mutaut3
980 3567 1166 3629 solummodo
1198 3565 1395 3648 aequationes
1427 3563 1497 3625 hinc

141 3658 206 3720 inde
231 3655 369 3737 pauculis
393 3656 542 3736 scrupulis
566 3656 686 3718 variant
708 3656 893 3719 necessitate
909 3654 1128 3738 hypotheseon,
1152 3656 1181 3718 in
1202 3675 1276 3737 quas
1296 3653 1499 3737 Tychonicam

141 3745 233 3811 sumai
258 3746 543 3808 transformandam.

207 3850 339 3919 insumpsit
357 3852 480 3917 Keplerns
500 3853 547 3904 hoc
568 3852 728 3918 opusculum:

218 3943 512 4044 Transscrmutio
541 3946 763 4043 hypotheseos
790 3957 822 4017 ct
849 3944 1067 4036 ammarum,
1082 3944 1310 4025 bunarium,
1340 3939 1427 4041 quas

254 4075 439 4151 pcrscrosus
466 4077 507 4123 uc
535 4053 746 4152 mappiftcus
772 4051 828 4123 D.
857 4051 912 4123 D.
947 4048 1135 4125 TYOHO
1161 4048 1379 4133 BRAHE,

141 4184 245 4259 upucs·
261 4158 408 4241 Daritis,
436 4159 624 4231 Dominus
651 4160 692 4231 irc
712 4158 961 4258 Khudstrupp
990 4173 1021 4232 ct
1051 4159 1259 4258 Urcnihurp
1281 4164 1354 4249 dic„
1384 4157 1499 4230 nostri

141 4265 249 4340 recoli
281 4250 371 4338 citer
402 4264 657 4363 Hipparchus,
693 4265 779 4339 libro
807 4268 932 4364 primo
965 4266 1333 4366 Propyuuccsmatum
1372 4264 1497 4347 edidit,

428 4398 498 4473 quc
526 4372 609 4447 iibri
633 4373 730 4446 iilius
757 4399 840 4445 rossus
857 4374 1011 4475 facilior
1037 4372 1216 4457 redditur,

634 4481 849 4553 corrciusuru
874 4479 1026 4579 Prupae·

586 4613 609 4657 u
634 4586 690 4658 M.
727 4586 869 4660 Jocrcrrs
904 4587 1061 4686 chhro

651 4690 680 4741 s.
701 4691 728 4743 c.
748 4692 783 4741 rs.
803 4691 994 4747 summersa.

230 4787 418 4839 Aeeencruut
437 4782 533 4847 Lincii,
555 4798 627 4837 auno
648 4783 819 4853 potissimum
842 4778 927 4848 1616,
949 4785 1065 4856 sparsim
1087 4784 1200 4839 tabulae
1221 4782 1329 4854 aliquot
1349 4798 1440 4839 noras
1461 4784 1497 4838 sd

141 4863 269 4933 aucupis
291 4861 401 4919 manns
421 4863 532 4934 proprie
552 4866 783 4923 accommodatae.
991 4864 996 4877 '

1227 4953 1288 5007 th*
