3354 5504
727 296 889 353 renutu
1415 296 1480 368 ets

148 496 189 536 res.
232 473 266 545 4)
287 477 458 549 inpossibile
487 478 594 534 omnino
614 485 674 544 est,
703 496 796 535 reram
816 480 887 535 Solis
908 496 927 535 a
946 482 1033 536 Terra
1053 481 1213 537 distantiam
1232 480 1287 536 hac
1305 481 1412 538 mtione
1432 483 1479 537 de·

147 565 300 616 mensuare.

223 646 291 708 ιω,
316 638 521 703 „illustraturus
535 640 602 695 illud
617 641 787 713 diagramma
806 640 882 695 brevi
897 642 1097 705 commentario,
1120 643 1190 713 quod
1211 641 1344 697 neminem
1364 641 1479 708 navent,

144 721 182 796 qui
201 718 447 777 demonstrationes
469 720 552 774 hasce
577 724 611 775 ad
633 723 785 777 umbilicum
813 722 960 791 perduxit“
983 729 1046 780 haec
1064 730 1216 793 praemittit:
1247 723 1480 793 Hipparchum

143 801 291 874 Kepleri
313 800 412 854 librum
425 799 470 853 diu
491 802 682 867 desideratum,
704 804 820 857 noudum
841 802 905 855 mihi
927 802 1043 876 contigit
1063 802 1163 867 videre,
1186 804 1256 858 forte
1277 803 1342 874 qnia
1362 805 1480 860 nondum

142 884 246 941 mecm
288 882 370 937 Certo
394 887 486 934 tamen
516 899 690 951 praesumere
711 883 804 945 ausim,
826 887 915 936 totam
935 883 1006 937 hanc
1026 891 1114 938 artem
1135 883 1162 937 in
1183 883 1231 937 illo
1252 883 1322 937 libro
1335 883 1480 954 perfectis·

142 965 201 1019 siue
222 962 306 1018 tradi.
349 960 436 1014 Valde
456 972 547 1016 metuo
573 964 692 1017 auctoris
722 971 834 1017 mortem
864 980 1000 1033 uunquam
1025 982 1078 1017 non
1099 969 1302 1032 praematuram
1330 980 1379 1017 nos
1401 971 1480 1019 tantc

141 1046 268 1100 tbesamc
289 1041 420 1113 privasse.
457 1041 524 1095 [ltnt
544 1043 588 1105 sit,
610 1044 735 1097 effectum
756 1042 855 1113 operis,
876 1050 909 1095 ut
929 1044 987 1113 ipse
1008 1049 1141 1108 testatur,
1164 1044 1190 1097 in
1211 1042 1368 1114 praeceptis
1390 1045 1480 1099 Tabu-

141 1126 224 1181 larum
247 1120 483 1191 Rudolphinsrum
496 1123 597 1192 prodiit
618 1142 654 1177 ex
669 1123 827 1194 Hipparcho
849 1139 897 1177 suo
919 1125 1049 1188 deductis,
1072 1140 1143 1195 quae
1163 1131 1228 1178 sunt
1248 1124 1355 1177 omnino
1369 1123 1482 1179 veritati

141 1211 339 1264 consentanea:
368 1200 536 1272 hypotheses
568 1203 627 1273 ejus
658 1205 719 1257 inde
750 1211 910 1257 exstructae
941 1204 1056 1259 omnium
1083 1205 1160 1259 solae
1183 1204 1354 1277 geometriae
1380 1210 1411 1259 et
1430 1203 1483 1259 sibi

141 1286 310 1357 undiquaque
331 1282 520 1346 consentiunt,
551 1286 621 1337 uude
642 1284 710 1337 satis
741 1283 908 1354 intelligenti
938 1293 982 1338 est
1000 1284 1182 1351 manifestum,
1197 1285 1354 1355 Keplernm
1375 1284 1484 1339 unicum

141 1362 344 1439 disgrammatis
365 1362 446 1430 hujus
468 1363 581 1419 solidam
600 1364 732 1419 habuisse
753 1364 887 1419 notitiam.
916 1364 1009 1420 Facile
1030 1371 1081 1427 est,
1104 1382 1123 1419 a
1141 1365 1297 1437 praeseptis
1318 1364 1374 1419 suis
1395 1372 1484 1421 totam

141 1454 224 1503 srtenr
238 1444 391 1503 addiscere;
412 1442 479 1496 nihil
501 1445 554 1498 hac
574 1463 610 1499 ex
624 1451 705 1513 parte
726 1452 778 1507 est,
800 1446 871 1515 quod
891 1444 918 1498 in
938 1446 1061 1516 Keplerc
1083 1446 1221 1501 desideres
1241 1452 1355 1517 praeter
1374 1446 1482 1501 deuscu-

141 1526 297 1582 strationes.
339 1524 398 1576 Has
419 1531 510 1577 autem
527 1523 589 1591 jam
609 1525 658 1578 tibi
680 1525 799 1579 exhibea
820 1532 872 1578 etc.

213 1605 398 1675 Diagramma
418 1603 583 1674 Hipparchi,
605 1613 685 1676 pergis
702 1611 856 1668 Horrccctns,
887 1611 932 1659 est
960 1603 1099 1661 inventum
1119 1605 1383 1678 ingeniosissimum,
1405 1605 1483 1673 cuius

141 1685 252 1742 srm'dcio
273 1683 362 1745 Solis,
391 1684 486 1737 Lunae
514 1691 544 1738 et
563 1687 676 1738 umbrae
697 1685 846 1739 Terrestris
867 1684 1059 1739 semidiametri
1079 1693 1110 1739 et
1133 1685 1296 1755 parallaxes
1317 1686 1484 1759 geometriae

141 1769 209 1823 iuter
238 1781 269 1819 se
299 1769 504 1818 connectuntur.
545 1764 654 1819 Dicitur
673 1764 842 1835 Hipparchi,
874 1766 1000 1836 quoniam
1022 1765 1044 1819 ie
1066 1762 1150 1825 (teste
1171 1761 1297 1833 Theona)
1317 1767 1484 1838 peculiarem

141 1844 291 1903 mactatum
320 1845 354 1897 de
382 1860 434 1898 usn
463 1843 523 1913 ejus
544 1846 722 1916 conscripsit,
752 1853 782 1900 et
810 1863 847 1899 ex
867 1845 916 1899 illo
944 1844 1145 1917 magnitudines
1166 1851 1204 1901 et·
1223 1845 1373 1903 intervalla
1401 1846 1483 1913 Solis,

141 1928 234 1985 lunae
254 1932 285 1981 et
304 1926 406 1979 Terrae
427 1924 632 1980 demonstrarit.
655 1925 769 1989 Primus,
800 1928 871 1997 quod
893 1926 986 1988 scitur,
1007 1925 1214 1999 diagrammatis
1234 1925 1434 1999 huiusauetor
1454 1934 1485 1982 et

141 2009 266 2065 umcros
286 2005 339 2060 thit
358 2004 585 2061 Aristarchus
606 2006 728 2064 Samius.
756 2006 965 2062 mathematicus
986 2005 1101 2061 eximius
1121 2014 1152 2061 et
1171 2007 1356 2064 astronomiae
1376 2008 1483 2080 Pytha-

141 2088 252 2163 gcricoe
273 2088 306 2140 de
326 2086 429 2139 Terrae
450 2092 524 2139 motu
547 2092 681 2150 sectatur,
707 2087 786 2140 annis
810 2080 867 2141 100
887 2103 913 2141 a.
935 2105 961 2140 n.
984 2085 1033 2141 Ch.
1054 2086 1081 2140 iu
1102 2087 1222 2142 Graecia
1240 2090 1350 2144 florens.
1392 2086 1483 2158 Hujus

141 2186 206 2241 opas
228 2169 262 2222 de
283 2165 515 2236 magnitudinibus
537 2172 566 2220 et
586 2166 741 2221 intervallis
755 2166 826 2221 Solis
847 2180 877 2220 et
889 2168 985 2221 Lunae
1005 2166 1153 2223 etiamnum
1174 2175 1286 2223 exstare
1301 2168 1407 2231 dicitur,
1429 2185 1484 2240 ega

141 2266 204 2305 vars
224 2249 343 2303 nondum
363 2245 430 2299 iliud
445 2245 507 2300 vidi.
535 2251 621 2315 (Errat
637 2253 679 2304 hic
697 2255 722 2302 iu
741 2261 863 2317 tempere.
881 2268 928 2318 quo
947 2253 1057 2303 demisse
1075 2255 1135 2305 dicit
1152 2255 1320 2307 Aristarchum
1338 2252 1484 2307 Horroccins

141 2342 181 2394 p·
199 2322 253 2376 100
271 2338 366 2382 anuos,
393 2324 441 2373 uisi
464 2338 535 2388 quem
562 2326 632 2388 pouit
657 2339 772 2375 uumerus
793 2321 860 2381 teu,
886 2318 1044 2390 corrigendus
1062 2326 1088 2375 ln
1107 2321 1174 2383 280,
1192 2328 1337 2379 tribuemus
1356 2333 1394 2378 est
1411 2327 1485 2377 errori

142 2405 325 2475 memphios.
362 2401 429 2467 Opus
447 2403 582 2454 Aristarchi
608 2404 685 2455 edidit
702 2404 778 2453 latina
797 2419 891 2454 versum
911 2405 941 2455 0.
961 2403 1045 2454 Valla.
1063 2404 1128 2455 Van.
1150 2403 1239 2465 isse.)
1265 2399 1483 2472 Diagrammstis

141 2478 246 2551 proprii
260 2493 339 2532 usum
352 2477 529 2531 Aristarchus
544 2478 687 2550 ignorasse
700 2477 809 2532 ridetur
820 2476 1002 2549 Lansbergio,
1024 2479 1142 2533 fumasse
1164 2483 1234 2551 qnod
1255 2499 1307 2535 nec
1326 2481 1385 2551 ipse
1406 2496 1484 2535 nsum

142 2560 201 2631 ejas
222 2558 349 2629 perfecte
369 2556 513 2628 intelligit.
556 2557 655 2611 Paucis
676 2562 799 2624 (mutum)
820 2566 884 2628 post
903 2558 1093 2614 Aristarchum
1114 2561 1193 2615 annis
1214 2560 1390 2632 Hipparchus
1409 2560 1485 2615 Rho·

143 2640 199 2697 uus
222 2642 328 2707 (rennes
344 2640 479 2707 Bithynus)
502 2640 614 2692 eandem
645 2637 902 2694 demonstrationem
932 2637 1065 2708 peculiari
1085 2647 1208 2695 tractatu
1236 2640 1382 2710 exposuit,
1412 2642 1484 2695 unde

141 2720 235 2777 rasari
255 2717 328 2772 solet
347 2718 499 2787 Hipparchi
519 2718 707 2791 Diagramma
733 2719 818 2773 Liber
837 2718 896 2788 ipse
918 2718 1008 2789 periit,
1029 2727 1062 2773 at
1082 2721 1277 2775 demonstratio
1298 2722 1371 2791 apud
1390 2719 1484 2775 Ptole·

142 2816 248 2859 meum
268 2804 373 2853 exstat.
916 2834 920 2841 -

216 2880 522 2950 Longcmontauus
542 2885 710 2943 (mannonis
728 2882 826 2936 Danlca
843 2902 866 2950 p.
887 2881 947 2936 idi.
967 2882 1029 2947 109)
1051 2879 1123 2933 hanc
1136 2884 1259 2934 veterum
1274 2876 1482 2933 demonstratio·

141 2980 200 3019 aem
221 2960 257 3015 ad
278 2974 343 3013 snas
363 2958 540 3028 hypotheses,
562 2957 818 3029 ‘l'ychcnimaxima
837 2967 968 3030 exparte
983 2967 1120 3030 acceptas,
1142 2959 1276 3029 applicat.
1304 2962 1343 3013 At
1357 2958 1484 3028 quoniam

141 3054 192 3098 non
214 3040 342 3112 quadrat,
364 3054 425 3092 eam
439 3038 537 3107 rejicit,
559 3039 668 3108 culpam
688 3039 835 3109 conjiciens
856 3040 884 3095 in
897 3040 1075 3095 retractiones
1096 3038 1232 3094 radiorum
1245 3038 1390 3104 Solarium,
1411 3038 1484 3093 hanc

141 3139 333 3200 :purpuratas
352 3117 457 3172 irritam
477 3118 621 3173 iacientes.

216 3197 458 3269 L'ansbergins
479 3205 537 3253 tcto
561 3198 768 3253 Urancmetriae
788 3199 857 3254 libro
879 3217 958 3256 usum
977 3206 1008 3254 et
1021 3198 1222 3270 praestantiam
1243 3197 1481 3255 demonstrationis

141 3280 326 3356 &praedicem
346 3279 394 3332 ubi
414 3278 505 3333 nescio
525 3296 596 3350 quae
616 3279 796 3351 magniloqua
815 3282 848 3333 de
869 3297 920 3335 sns
940 3281 1026 3352 ipsius
1047 3282 1120 3335 unda
1139 3286 1169 3334 et
1188 3280 1303 3350 simplici
1317 3278 1377 3347 ejus
1392 3278 1482 3349 expli·

141 3364 266 3426 moue,
296 3362 331 3414 de
358 3358 550 3431 hypothesium
579 3361 751 3430 propriarum
771 3361 952 3415 consonantia
971 3361 1102 3425 mirabili,
1124 3358 1239 3414 aliorum
1260 3359 1432 3415 absurditate
1452 3366 1484 3415 at

141 3445 211 3501 ister
240 3459 272 3496 se
301 3440 485 3510 discrepantia
514 3441 583 3494 omni
609 3440 793 3511 ferepagiua
816 3440 951 3502 inculcat,
981 3442 1079 3496 librum
1108 3456 1186 3495 suum
1216 3448 1346 3511 tanquam
1366 3438 1482 3510 Lydium

141 3524 260 3599 lapidem
289 3523 324 3576 ad
353 3521 508 3592 probandas
536 3522 650 3575 aliorum
680 3520 848 3591 hypotheses
869 3524 1056 3576 commendans
1085 3521 1211 3591 posteris.
1251 3525 1290 3575 At
1309 3534 1400 3590 panca
1419 3518 1481 3582 iste,

141 3612 254 3679 praeta
274 3600 411 3672 speciosos
433 3600 537 3665 titulos,
558 3603 592 3655 ad
612 3617 706 3656 reram
726 3600 931 3671 diagrammatis
952 3601 1034 3669 hujus
1056 3606 1182 3656 naturam
1202 3602 1392 3671 exponendam
1406 3605 1480 3655 attu-

141 3687 179 3753 lis,
199 3682 285 3741 simul
304 3698 365 3736 cnm
384 3681 614 3737 demonstratione
635 3698 653 3735 a
671 3682 811 3734 veteribus
839 3688 955 3752 accepta
979 3682 1098 3751 ipsorum
1118 3681 1201 3734 etiam
1222 3697 1328 3736 errores
1348 3679 1479 3737 retinens.

141 3768 196 3824 lisa
216 3764 364 3836 quidquam
383 3762 446 3816 novi
465 3762 493 3816 in
514 3768 594 3816 tanta
613 3762 756 3817 verborum
777 3761 855 3832 copia
875 3778 923 3815 nos
944 3762 1049 3826 docuit,
1080 3768 1193 3832 praeter
1211 3761 1319 3817 unicum
1338 3760 1481 3816 theorema

141 3846 225 3919 pasto
250 3842 366 3899 faciliori
385 3844 463 3899 modo
483 3842 660 3912 propositum,
681 3849 712 3895 et
731 3847 817 3896 totum
837 3842 904 3897 illud
925 3859 944 3896 a
962 3842 1085 3912 Keplero
1105 3842 1268 3906 suffuratus,
1289 3841 1368 3912 cnjm
1389 3841 1479 3896 diriuc

141 3928 224 3999 plana
243 3923 355 3996 iugenio
375 3922 549 3994 ignorantiae
578 3928 608 3976 et
636 3922 815 3977 absurditatis
844 3930 936 3977 notam
965 3921 1130 3993 iniquissime
1151 3921 1252 3987 inurit,
1280 3920 1428 3993 suiipsius
1448 3938 1479 3977 rs

141 4022 206 4065 m
225 4004 382 4079 ignorantis
402 4001 599 4057 absurditatem
620 4002 684 4056 mibi
705 4004 886 4075 detegendam
905 4002 1071 4073 relinquens.

218 4084 355 4150 Quocirca
385 4083 554 4155 diagramma
582 4083 649 4138 illud
679 4083 891 4153 Hipparchicum
916 4082 1041 4153 sequenti
1070 4081 1263 4137 commentario
1287 4081 1479 4138 illustrandum

141 4184 253 4231 mac,
275 4163 396 4221 collectis
416 4163 444 4218 in
465 4178 546 4217 unum
566 4180 664 4234 corpus
684 4162 899 4217 theorematibus
920 4162 1076 4233 praecipuis
1106 4163 1143 4218 ab
1163 4162 1211 4217 illo
1231 4162 1337 4225 scaber
1366 4179 1422 4217 non
1442 4162 1479 4218 ad

141 4246 378 4309 demonstnadam
391 4242 463 4301 Solis
483 4242 647 4308 distantiam,
670 4259 750 4314 quam
771 4259 907 4314 nunquam
928 4244 981 4297 bac
999 4241 1106 4299 raticsm
1126 4241 1256 4309 invenies,
1277 4244 1325 4298 sed
1345 4244 1382 4297 ad
1401 4243 1477 4299 dete·

141 4328 246 4405 geados
266 4341 373 4383 errores
393 4323 551 4388 nonnullos,
573 4342 640 4396 qnos
661 4324 697 4378 ab
717 4323 883 4395 antiquitate
904 4324 1019 4379 traditos
1040 4323 1217 4394 amplectitur
1236 4323 1325 4379 adhuc
1344 4322 1479 4396 religiosa

141 4408 219 4467 inis
232 4405 382 4463 recentium
397 4404 556 4465 credulitas:
577 4406 612 4460 ad
627 4405 803 4459 cohibendam
817 4404 980 4476 Lansbergii
993 4404 1168 4461 vanissimam
1181 4402 1378 4479 arrogantiam,
1399 4403 1478 4473 cujus

141 4488 272 4563 inperita
289 4485 455 4543 mactatione
476 4484 621 4541 miserrime
636 4487 804 4555 depravatur
818 4484 989 4557 ingeniosum
1002 4485 1055 4540 hcc
1067 4484 1218 4548 inventum
1240 4482 1479 4541 sc'vicdicacesm

141 4566 258 4645 [afleti
278 4566 386 4630 batuam¹
407 4565 540 4621 immerito
560 4581 579 4621 a
598 4565 769 4637 Iansbergio
790 4566 950 4621 laceratam.

216 4646 264 4700 Es
275 4645 413 4711 mutate
425 4643 571 4695 Honocsias
582 4644 685 4694 absolsit
696 4644 843 4708 prcpcsltam
856 4643 1087 4695 demonstrationem
1097 4641 1169 4693 simili
1179 4655 1230 4708 qna
1239 4640 1363 4705 Hapiarns
1373 4641 1478 4703 radone,

142 4718 336 4773 mnu
352 4716 485 4770 sedecim,
504 4713 594 4765 additis
609 4715 799 4780 problematibus
815 4722 924 4780 septem
942 4728 1038 4780 anper
1054 4714 1187 4779 respiciens
1205 4712 1238 4765 sd
1255 4710 1433 4780 bambergium
1451 4718 1479 4765 et

141 4790 252 4845 Tam
268 4788 446 4854 ludolphinas.
480 4784 553 4837 Haec
569 4795 704 4852 sequnntur
720 4787 804 4851 eaplts
820 4783 847 4843 A,
864 4787 890 4837 iu
908 4787 995 4853 qulbus
1012 4785 1157 4853 Lambesqil
1174 4783 1478 4849 immansuetum

142 4863 284 4927 das,
309 4874 455 4927 eampum
476 4857 790 4924 litwesnlimtedsus.
813 4858 1007 4926 qalhmabtqas
1026 4856 1135 4924 mam
1158 4856 1250 4910 tribuit
1288 4854 1479 4911 muts

1208 4940 1268 4996 dd*
